2268 3705
1130 6 1142 22 Ι

518 89 633 136 AD
683 87 1133 137 EPHESIOS
1184 61 1361 136 C‘Ap.
1414 93 1481 137 11-
1867 110 1927 148 359

81 162 214 201 nonnisi
229 165 268 198 de
278 162 349 211 Iege
361 159 584 196 caeremoniali
593 160 649 195 hic
660 162 806 195 tracitare:
817 162 895 207 quia
905 159 957 194 lex
969 161 1104 196 moralis
1114 174 1185 197 non
1198 163 1412 199 interstitium
1425 165 1468 198 est
1479 168 1570 212 quod
1582 180 1645 202 nos
1671 169 1688 204 a
1698 170 1815 205 ludaeis
1824 166 1916 219 sepa-

78 225 136 248 ret:
149 226 254 259 quum
266 212 451 246 doctrinam
463 210 724 256 comprehendat
733 221 804 243 non
816 211 929 244 minus
939 209 1038 244 nobis
1047 212 1148 259 quam
1159 211 1274 245 ludaeis
1284 223 1515 247 communem.
1535 217 1697 251 Caertrt‘im
1709 231 1746 252 ex
1756 219 1914 256 hocloco

77 261 181 297 refelli
193 264 292 295 etiam
311 258 416 307 potest
427 258 639 305 quorundam
650 269 739 292 error
749 284 760 298 ,
780 260 840 305 qui
850 268 970 304 putant
988 258 1279 294 Circuncifioncm
1292 264 1325 296 &
1337 260 1419 295 alios
1431 273 1553 297 veteres
1564 267 1645 298 ritus
1657 266 1756 300 hodie
1774 280 1912 315 quoque

77 322 210 345 manere
220 309 330 355 quoad
340 305 467 340 Iudaeos
481 304 621 340 :etiamsi
632 305 673 341 ab
682 306 747 339 illis
758 304 866 340 libera:
876 305 937 340 sint
947 308 1081 342 Gentes.
1092 308 1171 342 Hoc
1183 310 1274 342 enim
1287 311 1385 357 pacto
1397 323 1542 345 maneret
1553 313 1658 346 adhuc
1669 315 1796 348 medius
1806 320 1912 362 parics

74 361 161 394 inter
172 370 243 392 nos:
256 356 346 402 quod
355 352 471 388 falsum
484 352 543 388 else
556 356 783 391 conuincitur.
829 355 879 387 Vt
887 352 961 387 duos
970 354 1149 389 conderem
1163 358 1267 406 fe¹pJ5·
1307 359 1427 406 Qum
1437 359 1518 393 dicit
1528 383 1538 397 ,
1550 362 1587 395 In
1599 359 1699 408 seipso
1716 385 1726 399 ‚
1739 368 1856 398 auertit
1868 365 1909 399 ab

74 407 256 442 hominum
267 402 449 439 diuersitate
459 401 617 450 Ephesios
628 425 637 439 ‚
657 416 699 437 ne
709 401 789 436 alibi
801 402 902 448 quam
913 405 949 438 in
965 403 1100 438 Christo
1110 407 1271 439 vniratem
1290 418 1445 454 qua-rant.
1473 410 1651 455 Vtcunque
1662 422 1741 456 ergo
1753 412 1819 445 duo
1831 414 1908 447 ante

75 454 198 488 fuerint
206 452 403 486 conditione
414 449 582 498 inaequali,
595 453 630 484 in
642 450 777 484 Christo
789 462 873 485 vnus
883 450 991 485 homo
1002 449 1098 486 fiunt.
1111 452 1232 499 Neque
1248 452 1362 489 frustra
1374 456 1509 495 addit,in
1518 469 1615 491 vnum
1626 458 1775 492 hominem
1785 472 1905 495 nouum.

75 500 235 550 fignificat
246 502 336 535 enim
350 500 454 546 (quod
463 502 606 546 apertius
617 498 696 533 alibi
710 499 819 543 docet)
831 501 866 535 in
878 499 1012 533 Christo
1022 512 1131 546 neque
1140 501 1429 538 Circuncisionem
1440 528 1450 541 ‚
1472 518 1581 552 neque
1590 510 1789 554 praeputium
1801 508 1908 544 valete

74 553 266 597 quicquam,
279 547 403 583 nullius
415 549 516 595 precii
527 546 586 581 effe
597 549 722 594 quaeuis
734 558 875 582 externa:
886 544 937 581 sed
946 560 1072 582 nouam
1081 560 1263 584 creaturam
1272 553 1420 597 primum
1434 556 1467 587 Ec
1479 554 1635 589 vltimum
1647 554 1763 590 locum
1780 567 1901 592 tenere:

72 610 139 632 vna
149 610 226 644 ergo
237 603 279 630 eit
291 598 494 643 regeneratio
506 594 682 643 spiritualis
693 608 765 642 quae
777 608 838 630 nos
849 607 1072 643 coagmentat.
1092 597 1196 643 Qod
1209 596 1230 631 fi
1240 611 1297 646 pet
1307 598 1476 635 Christum
1488 614 1689 638 renouamur
1699 617 1829 642 omnes,
1839 608 1905 641 iam

73 645 219 680 desinant
231 645 288 679 sibi
301 645 428 692 placere
437 645 535 678 Iudaei
546 646 580 678 in
593 645 728 693 pristina
738 642 792 678 sua
801 644 1007 679 conditione:
1018 642 1068 682 sed
1078 648 1247 696 patiantur
1257 646 1429 682 Christum
1439 647 1498 683 esse
1509 653 1624 686 omnia
1635 655 1746 687 tamin
1761 653 1791 687 se
1802 656 1905 700 quam

72 696 108 729 in
117 693 189 728 aliis
200 717 210 731 ‚
222 705 257 727 vt
268 693 348 728 alibi
358 691 506 728 habetur.

121 745 159 776 16
209 743 250 775 Et
258 744 463 776 reconciliaret
473 738 600 784 ambos.)
648 739 732 774 Non
742 740 871 775 tantum
883 743 968 775 inter
977 754 1040 777 nos
1049 741 1168 779 factam
1179 741 1271 778 fuisse
1282 743 1548 794 pacificationem
1558 747 1728 786 afferit,sed
1739 762 1816 785 cum
1828 753 1905 788 Deo

70 788 196 825 rediisse
206 793 240 825 in
252 793 401 838 gratiam:
419 788 517 836 idque
527 798 562 823 vt
571 787 696 823 Iudaeos
706 787 866 836 fignificet
878 803 948 824 non
961 792 1071 825 minus
1082 803 1168 838 opus
1178 791 1297 826 habere
1305 795 1489 829 Mediatore
1499 799 1600 841 quam
1612 797 1747 832 Gentes.
1758 799 1855 834 Nihil
1866 815 1901 834 e-

70 841 144 875 nim
155 840 232 876 Lex,
249 838 335 874 nihil
347 838 562 874 caeremoniae‚
573 835 661 871 nihil
671 835 810 870 Abrahae
823 851 940 885 genus,
951 838 1036 872 nihil
1047 852 1165 874 omnes
1177 845 1413 889 praerogatiuae,
1424 842 1546 889 quibus
1556 843 1684 879 fuerant
1696 850 1823 886 ornati,
1835 848 1903 885 illis

66 887 195 933 alioqui
204 885 407 934 profuissent.
417 885 549 921 Omnes
560 886 651 919 enim
661 897 850 932 peccatores
859 901 869 919 .·
887 890 921 920 ὅ(
932 884 1076 921 remiffio
1092 900 1305 935 peccatorum
1316 904 1385 924 non
1391 891 1450 926 nili
1460 893 1683 929 intercedente
1695 895 1817 930 Christi
1828 909 1902 944 gra-

67 938 114 970 tia
125 935 304 970 obtinetur.
314 937 461 983 Repetit,
475 936 515 967 In
524 946 584 968 vno
595 944 723 982 corpore,
740 944 775 967 vt
788 932 890 969 sciant
899 935 1009 972 ludaei,
1020 932 1105 969 seira
1114 937 1250 971 demum
1260 937 1387 985 placere
1397 941 1484 977 Deo,
1495 939 1516 973 si
1526 953 1603 975 cum
1616 942 1780 976 Gentibus
1792 948 1902 979 vnita-

66 994 136 1018 tem
148 983 267 1018 colant.
317 987 377 1016 Per
386 994 512 1018 crucem.
539 981 617 1016 ldeo
627 982 751 1016 addidit
762 995 888 1017 nomen
899 983 1030 1022 Crucis,
1040 995 1075 1018 vt
1090 982 1285 1021 sacrificium
1296 990 1497 1038 expiationis
1511 1000 1660 1024 notaret:
1673 1003 1750 1024 nam
1762 992 1835 1025 cum
1847 996 1901 1027 in-

64 1042 113 1067 ter
123 1034 234 1066 Deum
246 1034 281 1066 ὅ(
291 1044 353 1066 nos
362 1041 536 1078 peccatum
547 1031 617 1064 odii
626 1028 663 1064 fit
672 1029 775 1071 causa,
787 1029 920 1065 nonnisi
930 1031 990 1065 illo
1000 1031 1142 1073 abolito,
1153 1036 1237 1080 grati
1248 1048 1396 1082 vnquam
1407 1039 1481 1072 Deo
1492 1040 1625 1072 erimus.
1638 1038 1795 1073 Deletum
1818 1041 1861 1074 cst
1872 1044 1901 1075 i-

64 1083 156 1128 gitur
166 1090 273 1114 morte
283 1079 419 1117 Christ1,
430 1082 464 1113 in
476 1091 540 1125 qua
551 1077 580 1113 se
591 1080 677 1112 Patri
689 1077 814 1113 obtulit
823 1078 964 1114 hostiam
975 1083 1197 1128 expiatricem.
1208 1095 1400 1130 quanquam
1411 1085 1472 1119 hac
1483 1088 1580 1120 etiam
1592 1088 1630 1120 de
1642 1085 1736 1121 causa
1755 1092 1904 1123 mentio-

65 1141 145 1164 nem
156 1130 262 1163 crucis
271 1126 360 1168 facit,
370 1129 534 1174 quoniam
545 1138 602 1174 pet
611 1139 684 1161 eam
694 1125 857 1173 abrogatae
867 1126 941 1162 sunt
951 1141 1069 1162 omnes
1081 1131 1295 1165 caei‘emoniae:
1312 1134 1398 1166 vnde
1407 1135 1565 1181 sequitur,
1592 1138 1748 1168 Perimens
1763 1138 1794 1169 in
1802 1137 1866 1185 ipsa
1875 1141 1905 1170 ι’-

22 1192 27 1197 ·
62 1179 247 1211 nimicitias:
277 1189 355 1210 nam
367 1174 591 1224 proculdubio
600 1175 639 1208 ad
649 1187 782 1210 crucem
792 1173 902 1212 referti
913 1175 1018 1210 debet.
1035 1177 1141 1212 Cuius
1154 1189 1264 1213 tamen
1275 1180 1441 1227 particulae
1450 1182 1572 1230 duplex
1593 1184 1699 1230 potest
1713 1182 1771 1218 esse
1782 1183 1903 1220 sensus:

65 1224 118 1260 vel
128 1224 220 1273 quod
229 1223 379 1260 Christus
392 1235 498 1258 morte
509 1222 563 1258 sua
572 1225 665 1257 Patre
675 1222 772 1257 nobis
787 1222 1049 1270 placand02iram
1068 1228 1137 1260 eius
1147 1225 1326 1262 abstulerit:
1339 1229 1390 1263 vel
1402 1230 1495 1276 quod
1505 1232 1630 1265 Iudaeos
1639 1234 1758 1278 pariter
1769 1236 1801 1267 δι
1813 1236 1906 1268 Gen-

63 1283 112 1308 tes
125 1273 329 1310 tedimendo,
340 1274 502 1306 reduxerit
515 1274 549 1306 in
563 1284 667 1305 vnum
679 1273 1000 1319 gregem.Secundus
1015 1272 1100 1309 mihi
1111 1275 1239 1309 videtur
1248 1276 1474 1322 probabilior,
1500 1282 1578 1326 quia
1588 1283 1749 1315 conuenit
1759 1292 1836 1315 cum
1850 1281 1903 1316 su-

61 1323 192 1371 periore
203 1320 368 1358 membro,
381 1324 418 1355 In
431 1322 563 1354 micitias
571 1318 696 1353 abolens
709 1322 740 1352 in
751 1332 842 1353 carne
845 1320 914 1364 fha.

1924 486 2071 530 Gal.5.d.153*

129 1405 172 1444 ¹7
238 1400 287 1432 Et
303 1394 454 1431 veniens
475 1389 730 1447 euangelizauit
740 1402 859 1447 pacem
873 1387 972 1430 vobu
989 1421 1000 1438 ‚
1022 1393 1084 1446 qui
1095 1395 1200 1432 eratis
1215 1396 1333 1450 procul
1348 1426 1361 1443 ‚
1381 1395 1422 1444 όν
1424 1409 1545 1453 pacem
1566 1400 1611 1437 iis
1636 1401 1697 1452 qui
1710 1402 1900 1455 propinqus·

82 1459 180 1490 rant:

62 1463 83 1492 e
120 1506 161 1545 18
214 1506 398 1560 Qoniam
398 1514 462 1558 per
468 1502 575 1557 ipsum
586 1499 751 1542 habemus
758 1501 914 1559 acceffiaem
922 1501 1021 1541 ambo
1029 1504 1069 1542 in
1077 1502 1274 1560 vnospiritu
1283 1504 1335 1543 ad
1340 1512 1488 1549 Patrem.

116 1574 156 1610 19
211 1568 301 1615 Ergo
309 1572 379 1599 non
387 1559 532 1615 amplius
540 1557 615 1616 estis
624 1555 768 1614 hospites
780 1559 820 1606 (y
831 1558 1000 1613 inquilini
1012 1571 1020 1593 t
1024 1557 1092 1612 sed
1098 1558 1389 1614 ciuesfhmfi‘orum
1400 1564 1440 1609 ἀι
1457 1564 1631 1604 domestici
1639 1568 1713 1606 Dei
1721 1596 1733 1612 ,

118 1631 167 1656 20
225 1613 702 1671 superaedificanfimdaemento
711 1615 967 1672 cAptstolorum
979 1615 1018 1661 ἀ·
1029 1614 1271 1673 Prophetarum
1282 1648 1294 1664 ,
1305 1622 1396 1659 cutus
1405 1619 1649 1676 lapufiammus
1672 1621 1847 1678 angularis
1858 1623 1904 1675 est

63 1672 130 1732 ipſse
142 1670 304 1725 christus.

115 1743 156 1770 21
209 1736 254 1770 In
260 1740 326 1781 que
332 1731 440 1765 to‘tum
451 1721 633 1777 aedificium
641 1731 923 1782 coagmentatum,
932 1724 1044 1780 crescit
1048 1730 1089 1767 in
1098 1728 1260 1783 templum
1263 1730 1426 1783 fimHum
1436 1734 1476 1771 in
1484 1736 1638 1773 Domino
1651 1746 1664 1769 .-

118 1799 163 1826 22
217 1793 258 1824 In
267 1796 334 1836 quo
344 1782 383 1830 ὠ
393 1795 461 1820 vos
478 1781 733 1836 coaedificamini
740 1781 780 1817 in
789 1774 1017 1823 habitaculum
1027 1789 1097 1824 Det
1103 1786 1144 1823 in
1152 1787 1290 1842 Spiritu.

107 1850 208 1887 Nihil
220 1845 377 1898 prodesset
389 1847 471 1882 illud
481 1859 594 1883 totum
606 1849 697 1895 quod
707 1848 822 1883 docuit
832 1850 870 1884 de
880 1849 1154 1885 reconciliatione
1161 1864 1219 1899 per
1229 1853 1400 1894 Christum
1411 1853 1496 1890 §hasta
1504 1878 1514 1892 ‚
1531 1854 1592 1890 nifi
1605 1868 1661 1905 per
1674 1857 1904 1906 Euangelium

59 1899 294 1953 publicaretur.
305 1897 382 1931 ldeo
391 1895 574 1944 subiungit,
583 1896 730 1932 frustum
742 1896 841 1932 huius
854 1901 943 1945 pacis
954 1911 1045 1933 nunc
1056 1898 1207 1935 oblatum
1220 1899 1281 1935 effe
1291 1914 1359 1936 tam
1378 1905 1492 1937 Iudaeis
1503 1905 1605 1950 quam
1616 1905 1799 1940 Gentibus:
1813 1909 1898 1942 vnde

57 1950 215 1995 icquitur,
228 1960 298 1982 non
315 1944 390 1979 solis
401 1945 526 1983 ludaeis,
538 1944 589 1981 sed
600 1947 700 1979 etiam
712 1945 876 1980 Gentibus
891 1946 1062 1982 Christum
1072 1945 1194 1982 veniffe
1203 1950 1239 1982 in
1250 1947 1397 1984 salutem.
1409 1952 1500 1985 Nam
1511 1952 1683 2000 Euangelii
1693 1955 1897 2000 praedicatio,

59 2009 133 2043 quae
144 1994 331 2045 promiscue
349 1991 493 2039 vtrisque
502 1994 659 2028 destinata
669 1994 713 2028 est
722 2017 731 2034 ‚
752 2005 879 2028 certum
892 1995 934 2028 est
943 1999 1012 2029 eius
1022 1996 1320 2031 reitestimonium.
1341 2000 1492 2036 Eundem
1504 2000 1655 2034 ordinem
1667 2012 1758 2035 tenet
1771 2005 1805 2037 in
1816 2017 1842 2039 2.
1858 2005 1898 2038 ad

58 2045 216 2080 Corinth.
232 2042 420 2091 cap.5.d.20,
431 2043 516 2076 Eum
526 2044 584 2088 qui
595 2053 769 2090 peccatum
780 2054 850 2077 non
861 2054 1013 2083 nouerat,
1025 2055 1086 2091 pro
1098 2043 1197 2078 nobis
1207 2056 1380 2091 peccatum
1391 2047 1478 2081 fecit.
1509 2048 1638 2086 deinde,
1651 2051 1690 2083 Et
1699 2049 1851 2097 deposuit
1863 2064 1899 2085 a-

57 2094 127 2141 pud
138 2106 198 2127 nos
212 2088 432 2127 ministerium
443 2090 727 2125 reconciliationis
739 2103 747 2125 :
759 2092 870 2137 itaque
880 2091 1005 2125 Christi
1016 2094 1158 2126 nomine
1167 2091 1335 2140 legatione
1345 2094 1530 2142 fungimur.
1544 2097 1692 2131 Primum
1704 2096 1814 2133 salutis
1826 2112 1898 2134 ma-

58 2144 141 2176 teria
149 2142 350 2189 proponitur
362 2141 397 2172 in
408 2138 532 2173 Christi
543 2149 659 2173 morte.
670 2139 781 2186 postea
791 2136 1123 2178 describiturmodus,
1135 2153 1205 2187 quo
1218 2139 1247 2175 se
1260 2143 1358 2177 nobis
1370 2156 1406 2178 ac
1420 2143 1610 2189 mortissuce
1620 2145 1782 2180 beneficis:
1794 2147 1897 2182 Chri-

60 2190 126 2224 stus
137 2191 376 2224 communicat.
399 2187 461 2221 Sed
469 2185 525 2221 hic
535 2186 653 2222 Paulus
664 2190 699 2221 in
710 2188 979 2224 circunstantiam
998 2188 1084 2222 hanc
1096 2190 1229 2236 proprie
1241 2191 1409 2229 incumbit
1420 2219 1429 2233 ,
1447 2204 1481 2226 vt
1491 2194 1614 2227 Gentes
1625 2195 1738 2228 ludaeis
1749 2198 1895 2230 coniun-

60 2248 116 2284 gat
126 2239 160 2271 in
171 2250 274 2284 regno
285 2237 362 2270 Dei.
386 2235 476 2283 Ergo
486 2234 580 2271 sicuti
590 2235 679 2282 prius
698 2233 842 2281 Vtrisque
851 2233 929 2271 fecit
940 2236 1113 2271 Christum
1139 2249 1359 2278 communem
1369 2263 1379 2278 ,
1399 2243 1444 2274 ita
1453 2244 1553 2275 etiam
1564 2244 1700 2276 nuncin
1709 2244 1894 2291 Euangelio

59 2286 168 2320 socios
179 2285 266 2319 facit.
279 2282 613 2332 fignificans,1udaeos
624 2295 771 2330 quoque,
786 2294 957 2331 vrcunque
966 2284 1090 2332 Legem
1099 2284 1269 2325 haberent,
1282 2287 1379 2323 simus
1389 2301 1474 2336 opus
1484 2287 1841 2338 habuilseEuangelio:
1858 2297 1894 2327 &

58 2335 172 2369 Deum
182 2335 304 2367 Gentes
315 2331 431 2378 aequali
441 2343 544 2379 gratia
552 2332 728 2379 dignatum
739 2329 808 2365 esse.
820 2344 905 2378 quos
913 2345 992 2379 ergo
1003 2345 1096 2379 aequa
1107 2336 1218 2381 gratiae
1228 2339 1483 2384 participatione
1500 2340 1591 2372 Deus
1604 2341 1688 2373 inter
1700 2337 1730 2373 se
1749 2343 1878 2375 coniun
1886 2359 1897 2365 -

59 2385 122 2422 xit,
135 2381 241 2416 homo
254 2394 295 2416 ne
307 2380 436 2428 separet.
462 2382 583 2418 Voces,
594 2382 708 2414 Procul
716 2383 749 2415 &
754 2389 860 2429 prope,
873 2394 944 2416 non
954 2382 993 2414 ad
1003 2380 1070 2416 loci
1080 2383 1266 2418 distantiam
1277 2384 1473 2420 referuntur:
1483 2384 1533 2420 sed
1541 2387 1660 2429 ludeos
1670 2388 1745 2422 Deo
1755 2391 1898 2436 propin-

58 2442 144 2476 quos
156 2429 234 2465 facit
243 2431 372 2464 tatione
381 2427 522 2464 foederis:
532 2431 656 2465 Gentes
671 2428 748 2463 vero
763 2440 917 2467 remotas,
929 2441 1002 2476 quae
1013 2430 1032 2464 a
1043 2442 1148 2479 regno
1159 2432 1225 2468 Dei
1232 2432 1418 2472 exulabant,
1430 2435 1578 2481 quandiu
1591 2435 1721 2470 nullam
1731 2435 1897 2472 habebant

57 2477 171 2514 salutis
181 2475 447 2526 promiffionem.

111 2537 150 2571 17
204 2527 442 2576 Euangeltzftsit
446 2522 577 2574 pacem.)
626 2524 710 2560 Non
722 2526 731 2558 i
733 2521 788 2574 pse
801 2525 936 2571 quidem
947 2538 1004 2561 ore
1014 2530 1163 2575 proprio,
1173 2527 1224 2564 sed
1237 2542 1294 2578 per
1305 2530 1497 2578 Apostolos.
1513 2531 1678 2579 Oportuit
1689 2536 1780 2569 enim
1791 2533 1897 2568 Chri-

57 2574 143 2610 stu'm
153 2575 172 2608 ὲ
182 2577 323 2609 mortuis
337 2577 511 2621 saurgom,
521 2583 700 2620 antequam
711 2575 834 2607 Gentes
845 2575 879 2607 in
889 2578 1237 2613 communicationem
1254 2581 1357 2627 gratie
1368 2584 1508 2614 vocaret.
1522 2581 1617 2615 Vnde
1628 2581 1810 2622 illud,Non
1822 2581 1895 2616 sum
2087 2587 2098 2608 ⁴

58 2621 171 2658 miffus
183 2621 243 2657 nifi
254 2622 295 2656 ad
306 2635 386 2656 oues
398 2634 469 2668 qua:
479 2623 643 2669 perierant
652 2622 773 2656 domus
783 2618 886 2655 Israel.
903 2625 1088 2668 quinetiam
1102 2627 1271 2675 Apostolis
1282 2626 1438 2675 prohibet
1447 2653 1458 2668 ‚
1485 2629 1565 2662 dum
1578 2630 1685 2665 adhuc
1696 2631 1739 2665 est
1749 2633 1784 2665 in
1797 2643 1898 2665 mun-

59 2671 118 2708 do,
128 2684 170 2706 ne
181 2673 325 2719 primam
337 2668 426 2706 suam
437 2669 640 2717 legationem
653 2671 691 2703 ad
703 2671 826 2703 Gentes
836 2669 1010 2718 perferant.
1022 2675 1108 2720 Ergo
1121 2685 1176 2721 pet
1185 2675 1365 2723 Apostolos
1378 2674 1450 2710 suos
1459 2702 1468 2716 ‚
1481 2688 1640 2723 tanquam
1656 2691 1714 2726 per
1725 2680 1820 2714 tubas
1831 2705 1841 2719 ,
1853 2681 1894 2713 E·
1914 2701 1984 2732 Ma'n
1997 2709 2047 2736 ¹5·t
2060 2700 2107 2737 24'

59 2719 253 2767 uangelium
265 2718 429 2754 Gentibus
441 2717 801 2766 promulgauit.itaque
809 2719 901 2764 quod
910 2732 981 2754 non
994 2723 1063 2755 eius
1075 2723 1203 2759 tantum
1215 2726 1354 2758 nomine
1364 2736 1401 2758 ac
1414 2725 1567 2759 mandato
1582 2725 1704 2761 fatitum
1721 2728 1763 2761 est
1775 2730 1793 2762 a
1803 2727 1895 2761 disci·
1914 2723 2085 2778 Ma„'10,4',5‚
2099 2722 2106 2732 ”

60 2766 160 2814 pulis,
169 2767 220 2802 sed
234 2766 323 2814 quasi
333 2769 367 2802 in
379 2769 449 2800 eius
459 2764 596 2813 persona
605 2792 615 2806 ‚
629 2765 749 2800 merito
763 2769 793 2800 ei
803 2765 865 2800 soli
879 2767 1046 2803 tribuitur.
1063 2768 1102 2804 fic
1112 2774 1203 2807 enim
1214 2772 1406 2818 loquimur,
1434 2783 1594 2818 tanquam
1607 2773 1677 2822 ipso
1688 2775 1822 2810 Christo
1840 2788 1897 2822 per
2082 2775 2086 2779 “

60 2827 124 2850 nos
135 2816 335 2851 exhortante.
347 2816 389 2850 Et
401 2813 473 2848 sane
485 2826 644 2862 perquam
656 2812 788 2848 infirma
799 2812 873 2850 ess'et
884 2816 1058 2864 Euangelii
1069 2817 1158 2857 fides,
1170 2819 1191 2853 fi
1202 2822 1237 2853 in
1249 2820 1405 2856 homines
1423 2821 1551 2855 tantum
1568 2821 1813 2870 respiceremus.
1844 2821 1897 2857 sed

60 2863 138 2896 inde
147 2873 216 2897 tota
229 2864 421 2901 authoritas,
436 2863 527 2908 qu'od
537 2862 694 2897 homines
705 2861 917 2914 agnoscimus
928 2861 987 2899 effe
997 2867 1059 2900 Dei
1071 2879 1194 2914 organa
1203 2891 1213 2905 ,
1249 2872 1282 2902 &
1298 2868 1468 2903 Christum
1481 2882 1538 2917 per
1548 2883 1585 2904 os
1596 2884 1711 2910 eorum
1724 2871 1822 2907 nobis
1841 2870 1894 2905 lo-

59 2911 218 2960 quentem
232 2913 393 2947 audimus.
405 2908 555 2946 Obserua
564 2914 675 2951 etiam,
688 2911 909 2959 Euangelium
918 2913 976 2947 effe
988 2916 1076 2960 pacis
1087 2918 1259 2953 nuntium,
1270 2929 1339 2963 quo
1352 2919 1442 2951 Deus
1453 2914 1482 2951 se
1492 2917 1590 2952 nobis
1602 2922 1788 2966 propitium
1799 2919 1894 2952 testa-

60 2969 126 2995 tur,
139 2958 373 3007 paternamque
384 2958 474 2994 suam
484 2958 701 2994 dilectionem
712 2959 811 2995 nobis
821 2959 935 2995 defert.
948 2964 1061 3007 Qare
1071 2961 1200 2998 sublato
1212 2964 1412 3011 Euaugelio,
1424 2964 1551 3000 bellum
1564 2971 1596 3000 δε
1610 2970 1795 3001 inimicitiae
1809 2970 1895 3000 inter

59 3007 172 3042 Deum
184 3010 217 3041 &
229 3007 384 3043 homines
401 3018 548 3042 manent.
562 3006 655 3042 sicuti
667 3006 793 3044 rursum
803 3008 859 3043 hic
869 3012 1022 3056 proprius
1034 3011 1077 3045 est
1087 3011 1260 3063 Euangelii
1270 3012 1417 3052 effeetus,
1428 3013 1599 3062 pacificare
1610 3013 1827 3054 conscientias
1836 3037 1845 3052 2
1860 3018 1897 3050 δε

60 3065 106 3088 tra
114 3053 255 3101 nquillas
267 3056 405 3090 reddere:
418 3068 498 3102 quas
509 3056 637 3102 alioqui
651 3053 766 3092 misera
776 3058 1009 3102 inquietudine
1020 3063 1168 3106 torqueri
1179 3059 1302 3096 necesse
1318 3065 1371 3098 est.

112 3104 144 3137 18
192 3100 349 3151 Qon'iam
354 3115 410 3153 per
418 3103 511 3151 ipfiam
519 3103 607 3137 ambo
618 3104 764 3148 accessum
780 3103 953 3148 habemus.)
1003 3107 1161 3143 Probatio
1173 3109 1217 3143 est
1227 3108 1267 3143 ab
1278 3107 1396 3144 effectu
1409 3136 1419 3151 ,
1442 3115 1475 3145 Sc
1488 3109 1580 3145 fimul
1593 3112 1681 3157 pacis
1708 3110 1896 3146 declaratio:

60 3154 139 3198 quia
150 3162 238 3198 patet
262 3151 358 3185 nobis
369 3153 407 3185 ad
416 3154 527 3186 Deum
537 3150 687 3186 accessus·
709 3165 786 3189 nam
799 3154 893 3200 impii
904 3177 914 3191 >
923 3154 1002 3188 dum
1015 3155 1119 3190 altum
1131 3156 1288 3192 somnum
1300 3159 1474 3196 dormiunt
1487 3182 1495 3194 ‚
1507 3159 1536 3192 se
1547 3158 1714 3192 interdum
1735 3159 1897 3194 deludunt

59 3212 144 3234 vana
156 3201 243 3246 pacis
256 3201 439 3246 opinione:
452 3199 593 3235 sedtunc
604 3199 778 3246 quiescunt
788 3201 924 3235 demum
936 3228 945 3242 ‚
964 3214 1070 3248 quum
1083 3205 1219 3244 induCta
1239 3205 1297 3241 fibi
1307 3208 1428 3244 Diuini
1439 3208 1554 3240 iudicii
1573 3205 1749 3240 obliuione
1760 3234 1769 3248 ,
1792 3209 1896 3253 quam

58 3245 250 3297 longiffime
269 3246 309 3281 ab
318 3259 358 3281 eo
376 3249 541 3283 recedunt.
559 3260 659 3294 quare
669 3262 739 3283 non
778 3248 834 3283 abs
844 3261 877 3283 re
892 3249 1012 3286 Paulus
1023 3250 1257 3288 definitionem
1272 3255 1358 3288 hanc
1372 3254 1581 3300 Euangelicae
1597 3256 1687 3301 pacis
1698 3256 1821 3289 addidit
1832 3279 1841 3293 ‚
1861 3268 1897 3291 vt

59 3295 200 3331 sciamus
220 3309 291 3331 non
303 3293 362 3328 effe
374 3294 468 3329 fitam
488 3298 524 3330 in
535 3296 666 3344 stupore
676 3295 906 3338 conscientiae,
926 3300 962 3332 in
973 3297 1048 3335 falsa
1058 3300 1281 3339 confidentia,
1303 3304 1338 3335 in
1348 3299 1487 3348 superbo
1499 3300 1580 3335 fastu
1590 3325 1599 3338 ‚
1611 3303 1646 3335 in
1658 3301 1793 3338 miseriae
1810 3316 1889 3351 pro-

60 3347 129 3392 prie
151 3345 358 3392 ignorantia:
371 3341 465 3378 sedin
478 3340 836 3393 serenatranquillitate
844 3371 858 3389 ,
868 3358 941 3394 quat
948 3348 1014 3394 Dei
1024 3347 1242 3399 conspestum
1253 3360 1385 3398 appetat
1396 3360 1556 3397 tanquam
1575 3350 1764 3391 amabilem,
1779 3355 1894 3401 potius
