2268 3705
122 1028 264 1069 Pfi22.8.b.5.

150 2383 340 2424 1.Tim*4.'b.5.

150 2409 294 2463 Titanius.

158 2761 318 2793 Ram.i3.c.4.

307 93 365 138 562
910 74 1004 124 IN
1060 59 1618 123 EPISTOLAM·

322 152 422 193 etiam
435 150 602 191 miraculis
613 161 772 200 tanquam
784 143 914 184 solenni
926 145 1176 194 subscriptione,
1187 154 1304 177 eorum
1321 141 1590 189 praedicationem
1601 135 1811 186 approbauit.
1836 139 1924 185 Ergo
1937 139 2094 173 iniuriam
2106 130 2154 173 sa-

322 211 417 242 ciunt
427 217 498 240 non
509 203 638 238 tantum
650 199 753 235 verbo
766 199 845 236 Dei,
862 195 913 231 sed
924 199 1025 231 etiam
1036 192 1204 242 operibus,
1216 192 1357 237 quinon
1371 199 1560 222 reuerenter
1569 200 1620 220 am
1627 188 1818 234 plectuntur
1829 187 2054 233 Euangelium
2065 188 2159 234 quod

325 253 446 289 talibus
459 253 659 287 testimoniis
671 246 934 284 commendatur.
947 242 1071 277 Tribus
1083 239 1282 276 nominibus
1294 236 1451 272 miracula
1461 235 1604 282 defignat
1617 236 1655 268 ad
1668 238 1828 269 maiorem
1847 233 2156 283 amplificationem.

325 303 429 338 Porro
442 305 534 349 Signa
546 301 620 335 ideo
632 307 805 333 vocantur,
815 294 906 341 quod
917 293 1098 326 hominum
1113 298 1240 323 mentes
1262 289 1405 321 excitant
1424 286 1463 318 ad
1474 283 1750 318 considerandum
1763 283 1862 318 altius
1875 284 2032 330 quiddam
2055 287 2158 332 quam

329 351 420 398 quod
431 360 574 398 apparet:
588 345 736 394 Prodigia
744 355 868 379 aurem,
881 340 976 387 quod
984 351 1114 373 nouum
1124 335 1253 383 aliquid
1265 339 1299 369 &
1310 332 1501 369 inusitatum
1512 333 1700 366 continent:
1712 333 1746 366 V
1748 334 1821 365 irtut
1827 344 1868 371 es,
1881 332 1974 378 qubd
1985 335 2163 368 Dominus

328 398 444 434 inillis
455 398 616 445 singulare
627 400 661 430 &
677 390 971 428 extraordinarium
983 388 1114 421 virturis
1125 384 1185 419 suae
1200 383 1367 431 specimen
1380 383 1455 415 edit·
1465 383 1504 414 ln
1517 379 1681 414 vocabulo
1692 380 1873 414 Attestandi
1886 404 1895 418 ‚
1909 392 2043 415 notatur
2054 384 2163 417 rectus

332 446 571 483 miraculorum
581 443 666 483 Vsus,
682 452 803 486 nempe
815 437 908 483 quod
920 435 1116 470 stabiliendo
1127 431 1312 479 Euangelio
1323 430 1440 465 seruire
1453 428 1584 463 debent.
1595 428 1667 462 Fere
1679 430 1768 463 enim
1781 431 1895 463 omnia
1907 427 2164 477 quibuscunque

331 495 448 530 seculis
459 496 545 529 edita
558 493 681 527 fuerint
695 486 864 523 miracula,
879 484 971 519 hunc
986 482 1086 517 finem
1098 480 1242 516 habuiffe
1253 481 1453 527 reperiemus
1475 503 1486 517 ,
1497 488 1532 511 vt
1541 476 1632 511 verbi
1642 478 1705 511 Dei
1717 476 1816 512 essent
1829 477 1943 524 figula.
1963 480 2046 524 Qo
2059 482 2166 526 magis

332 545 525 592 praepostera
535 542 578 576 est
591 538 793 585 Papistarum
808 532 1005 581 superstitio,
1017 533 1076 577 qui
1088 529 1203 566 fictitia
1212 527 1266 562 sua
1299 526 1457 561 miracula
1467 527 1505 559 ad
1517 528 1685 559 veritatem
1698 526 1761 559 Dei
1775 525 2032 561 labefactandam
2052 527 2167 562 detor-

334 604 448 640 quent.
472 589 686 625 Coniunetio
698 584 742 616 σύν
753 583 804 618 vel
816 580 934 619 Simul,
948 581 1038 614 hunc
1049 578 1146 614 habet
1157 576 1246 612 sensu
1254 589 1296 613 m,
1310 587 1372 610 nos
1384 577 1419 608 in
1432 572 1495 607 fide
1506 573 1678 621 Euangelii
1689 572 1880 608 confirmari
1892 572 2088 622 symphonia
2101 565 2168 622 qua

334 643 409 674 dam
421 642 485 674 Dei
498 643 531 673 ὅ(
545 637 739 672 hominum:
753 633 915 681 quoniam
929 627 1086 663 miracula
1097 628 1158 660 Dei
1171 624 1259 673 quasi
1271 624 1454 658 testimonii
1466 625 1550 662 vice,
1561 634 1637 656 cum
1651 621 1832 656 hominurn
1845 635 1925 657 voce
1945 623 2167 660 consentiant.

335 689 438 724 Addit
458 679 914 735 Spirimfimffidistrtbmiones‚
927 678 1049 723 quibus
1061 678 1160 710 etiam
1173 684 1289 708 ornata
1300 670 1364 706 fuit
1374 669 1547 717 Euangelii
1559 672 1725 708 doctrina,
1737 673 1833 705 cuius
1843 670 2170 719 appendices‘fuerflt.

375 734 509 769 norsum
520 735 611 770 enim
622 728 786 765 distribuit
797 730 889 762 Deus
901 727 1041 773 Spiritus
1051 722 1098 758 sui
1109 724 1209 759 dona,
1220 720 1281 756 nisi
1292 722 1411 768 partim
1423 731 1458 753 vt
1469 719 1558 753 illius
1577 718 1827 767 promulgandae
1835 720 2028 754 adiumenta
2055 719 2167 761 essent,

336 786 457 832 partim
470 783 548 817 verb
559 792 593 815 vt
603 780 822 815 admiratione
834 784 1073 822 promouerent
1086 772 1268 806 hominum
1277 771 1409 803 animos
1421 768 1460 802 ad
1475 767 1752 814 obsequendum?
1764 768 1851 802 vnde
1862 766 1984 802 Paulus
1995 768 2088 808 dicit,
2102 768 2172 805 lin-

338 845 418 881 guas
430 830 490 866 effe
500 834 536 866 in
558 830 688 877 signum
704 824 906 861 infidelibus.
933 820 1095 856 particula
1111 817 1282 854 Secundum
1292 820 1357 851 eius
1370 818 1559 850 voluntatem
1569 839 1579 853 ‚
1605 816 1782 854 admonet,
1799 817 1936 851 virtutes
1947 817 2019 850 istas
2029 830 2174 864 quarum

340 883 496 915 meminit
507 904 517 918 ,
530 892 601 914 non
612 873 700 926 poil'e
716 872 852 909 adscribi
863 867 923 906 nisi
932 872 1025 906 Deo:
1041 881 1101 904 nec
1111 879 1234 903 temere
1248 863 1339 902 fuiise
1352 866 1464 910 editas,
1475 864 1525 899 sed
1536 876 1625 900 certo
1637 866 1707 899 eius
1721 862 1861 901 consilio
1871 888 1883 903 ,
1895 875 1929 905 vt
1942 855 2117 915 Euangelii
2129 865 2172 902 fi-

340 929 414 964 dem
427 928 649 978 obsignarent.

406 993 422 1030 5
480 986 571 1028 Qn
581 977 673 1017 enim
690 971 825 1030 Angelis
830 968 976 1026 ftcbiecit
984 966 1097 1012 orbem
1099 963 1256 1024 futurum
1265 965 1307 1007 de
1317 981 1382 1023 quo
1394 964 1580 1021 loquimur.

395 1039 415 1073 6
473 1035 630 1086 Testatus
646 1036 697 1072 eff
704 1040 817 1070 autem
827 1027 969 1084 quidam
980 1025 1113 1073 alicubi,
1127 1025 1257 1070 dicens,
1266 1022 1372 1079 Qid
1379 1023 1422 1074 est
1430 1021 1530 1061 homo
1545 1018 1638 1077 qubd
1646 1030 1809 1060 memores·
1822 1022 1894 1060 eius
1909 1023 1926 1060 ?
1937 1028 2003 1059 aut
2001 1019 2105 1073 filius
2114 1020 2176 1062 ho’-

341 1093 462 1139 minis,
474 1087 694 1146 qubdvtfitas
708 1101 782 1125 eum
795 1089 811 1124 ?

398 1163 424 1199 7
483 1145 668 1197 &Minuisti
679 1157 754 1182 eum
761 1140 941 1198 paululum
951 1134 993 1176 ab
1004 1135 1155 1194 Angelis:
1164 1136 1273 1193 gloria
1286 1136 1324 1184 ά
1336 1135 1463 1177 honore
1472 1131 1631 1203 cornnasti
1643 1142 1730 1177 eum,
1743 1132 1783 1180 ἀ
1797 1131 1993 1185 τοφζβὶικιζῖίἰ
2001 1102 2182 1192 ‘umffper
2236 1143 2243 1177 ἒ,
2263 1126 2266 1144 f

342 1219 361 1246 ο
385 1218 441 1244 era
450 1215 614 1241 manuum
624 1210 775 1245 tuarum,

357 1216 382 1261 p
402 1263 422 1298 8
484 1251 841 1311 Omniafiabiecifh'ficb
849 1250 993 1310 pedibus
1003 1252 1084 1289 eius.
1125 1246 1331 1289 Subiiciendo
1341 1245 1424 1287 cert}
1435 1245 1488 1287 illi
1496 1248 1613 1287 omnia
1623 1274 1633 1292 ,
1649 1241 1744 1284 nihil
1751 1243 1894 1299 reliquit
1900 1243 2179 1298 nonficbieci‘um.

346 1318 446 1372 atqui
457 1329 546 1354 nunc
560 1311 715 1353 nondum
725 1310 885 1349 videmus
897 1308 925 1348 il
928 1309 954 1347 li
965 1301 1253 1358 omniasuhieb'ia:

402 1386 423 1417 9
483 1379 516 1409 le
532 1384 590 1409 tem
599 1380 714 1408 autem
726 1369 788 1421 qui
791 1365 968 1421 paululum
980 1360 1257 1414 imminutusfuit
1269 1360 1311 1400 ab
1330 1358 1488 1415 Angelis,
1499 1364 1672 1399 intuemur
1674 1356 1962 1413 propterpassion?
1979 1361 2102 1399 mortis
2104 1345 2182 1417 ψ-

346 1433 398 1470 ria
409 1428 448 1476 ά
463 1425 588 1466 honore
605 1433 808 1464 coronatum:
818 1431 864 1460 vt
864 1423 980 1477 gratia
993 1421 1059 1459 Dei
1061 1430 1125 1473 pro
1135 1416 1292 1458 omnibns
1297 1421 1449 1473 gustaret
1456 1425 1610 1455 mortem.

396 1520 412 1556 5
453 1508 530 1542 Non
541 1509 620 1539 enim
632 1505 808 1551 QAngelis.)
862 1499 942 1535 Alio
952 1510 1152 1546 argumento
1164 1497 1270 1532 rursus
1285 1496 1403 1545 probat
1414 1496 1640 1531 obediendum
1652 1493 1786 1530 Christo
1797 1492 1951 1540 essezquia
1963 1493 2012 1528 illi
2023 1496 2116 1532 Pater
2125 1508 2184 1537 to·

351 1561 418 1594 tius
430 1556 518 1592 orbis
530 1556 710 1602 imperium
723 1552 880 1587 contulit,
889 1550 906 1584 a
917 1562 987 1596 quo
998 1548 1127 1582 honore
1138 1545 1256 1594 procul
1267 1545 1383 1580 absunt
1392 1543 1523 1592 Angeli.
1536 1544 1631 1578 Vnde
1645 1542 1800 1590 sequitur,
1811 1542 1897 1576 nihil
1907 1542 2109 1590 Angelicum
2124 1547 2183 1582 de.

352 1609 430 1644 bere
453 1603 512 1639 effe
524 1603 768 1651 impedimento
781 1601 966 1647 quominus
996 1598 1022 1631 is
1034 1598 1093 1643 qui
1104 1598 1285 1643 primatum
1297 1594 1384 1628 solus
1396 1605 1498 1631 tenet,
1509 1595 1663 1627 emineat.
1682 1591 1742 1626 Sed
1756 1592 1867 1639 primo
1876 1591 1955 1626 loco
1967 1596 2183 1632 excutiendus
2197 1594 2200 1598 ⁴
2226 1589 2230 1597 l
2257 1627 2265 1639 Α

353 1657 396 1690 est
407 1653 551 1689 Psalmus
563 1664 664 1698 quem
674 1650 815 1684 adducit:
829 1650 908 1695 quia
916 1646 1047 1680 videtur
1060 1643 1172 1692 inepte
1183 1644 1224 1678 ad
1234 1643 1406 1678 Christum
1417 1641 1511 1676 trahi.
1537 1642 1794 1676 Commemorat
1817 1639 1885 1674 illic
1894 1641 2005 1674 Dauid
2021 1641 2185 1685 beneficia.

354 1703 477 1751 quibus
488 1704 676 1736 humanum
689 1710 792 1746 genus
804 1694 1011 1744 prosequitur
1019 1694 1121 1727 Deus.
1134 1692 1313 1739 Postquam
1324 1693 1414 1725 enim
1426 1693 1461 1725 in
1473 1688 1553 1724 caelo
1566 1688 1709 1724 &stellis
1720 1687 1936 1723 considerauit
1945 1689 2009 1723 Dei
2019 1695 2186 1738 potentia,

352 1753 394 1788 ad
405 1752 561 1786 homines
573 1745 747 1784 descendit,
759 1749 793 1780 in
805 1744 928 1791 quibus
939 1741 1147 1790 peculiariter
1155 1751 1288 1788 apparet
1300 1737 1460 1774 mirabilis
1469 1741 1539 1773 eius
1547 1738 1689 1774 bonitas.
1701 1737 1793 1784 Ergo
1804 1749 1874 1771 non
1887 1737 1926 1771 de
1934 1749 2003 1772 vno
2017 1728 2182 1788 quopiam

354 1802 496 1836 homine
506 1797 669 1843 loquitur,
691 1794 742 1828 sed
753 1794 791 1828 de
801 1790 967 1827 vniuetsis.
986 1789 1201 1837 Respondeo,
1213 1788 1279 1822 hoc
1289 1799 1399 1823 totum
1412 1801 1483 1822 non
1495 1786 1619 1821 obstate
1632 1788 1816 1833 quominus
1829 1786 1981 1833 restringi
2002 1782 2142 1824 debeant
2153 1792 2185 1825 i-

356 1851 408 1884 stae
421 1849 580 1888 sententie
592 1846 631 1878 ad
643 1843 765 1878 Christi
777 1840 961 1889 personam.
972 1840 1086 1872 Fateor
1095 1837 1230 1884 quidem
1244 1837 1343 1871 initio
1356 1836 1560 1870 collocatum
1571 1834 1661 1869 fuisse
1670 1834 1844 1868 hominem
1857 1836 1892 1868 in
1901 1832 2096 1881 p6ss'cffione
2107 1842 2184 1872 msi-

356 1900 442 1939 di‚vr
452 1894 612 1930 omnibns
622 1894 688 1926 Dei
698 1890 854 1938 operibus
865 1885 1016 1936 praeeffet:
1029 1886 1141 1920 vetum
1153 1884 1206 1920 sua
1216 1884 1403 1920 defecStione
1414 1885 1599 1932 promeruit
1609 1894 1644 1917 vt
1654 1884 1807 1917 dominio
1817 1882 1883 1917 hoc
1893 1881 2184 1930 abdicaretur.Hec

357 1949 450 1981 enim
462 1944 544 1978 iusta
553 1945 588 1976 in
597 1938 812 1976 beneficiario
826 1935 1073 1982 ingratitudinis
1086 1947 1186 1982 poena
1196 1932 1240 1968 est
1253 1956 1263 1970 ,
1296 1945 1331 1967 vt
1339 1934 1511 1967 Dominus
1523 1944 1624 1978 quem
1644 1928 1818 1978 agnoscere
1829 1934 1862 1964 &
1873 1929 1983 1965 debita
1993 1930 2056 1966 fide
2071 1934 2184 1970 colere

359 1992 493 2030 recusat,
503 1994 574 2025 iure
584 1988 673 2037 ptius
683 1989 701 2021 ὲ
714 1987 743 2020 sc
753 1983 905 2020 conceffo
915 1996 991 2018 eum
1005 1981 1133 2030 spoliet.
1144 1984 1230 2029 Ergo
1241 1980 1438 2027 simulatque
1448 1981 1551 2015 Adam
1563 1978 1591 2013 sc
1603 1992 1658 2027 per
1667 1989 1840 2027 peccatum
1851 1979 1932 2012 adeo
1942 1979 2183 2022 alienauit,b0-

358 2045 413 2078 nis
428 2039 588 2076 omnibus
600 2050 671 2084 quae
681 2044 860 2081 acceperat,
872 2031 993 2066 merito
1004 2033 1151 2078 priuatus
1165 2031 1218 2064 est.
1228 2043 1298 2065 non
1311 2029 1404 2076 quod
1415 2027 1468 2062 vsu
1476 2042 1505 2062 m
1517 2028 1704 2075 perdiderit,
1714 2024 1765 2061 sed
1774 2029 1852 2073 quia
1869 2029 1920 2061 ius
1930 2026 2120 2075 legitimum
2131 2044 2184 2066 re-

359 2093 466 2126 tinere
479 2102 548 2122 non
560 2088 671 2135 potuit
692 2084 866 2132 postquam
878 2083 988 2115 Deum
1000 2079 1185 2125 reliquerat.
1200 2081 1240 2112 ln
1252 2077 1307 2112 vsu
1318 2080 1417 2111 etiam
1437 2075 1505 2123 ipso
1517 2078 1608 2110 Deus
1619 2075 1707 2123 figna
1726 2086 1832 2109 extare
1842 2076 2041 2123 priuationis
2051 2077 2160 2114 voluit
2170 2093 2181 2115 t

362 2138 459 2187 quale
471 2136 514 2171 est
526 2136 617 2183 quod
627 2132 744 2169 belluae
754 2131 905 2165 ferociter
916 2132 951 2163 in
964 2140 1025 2163 nos
1046 2125 1234 2174 insurgunt,
1249 2130 1281 2160 &
1293 2139 1365 2172 quae
1376 2126 1524 2160 nostrum
1537 2123 1753 2172 conspectum
1764 2125 1903 2157 reuereri
1914 2122 2183 2166 debuerant,sunt

362 2187 462 2224 nobis
474 2182 711 2220 formidabiles:
722 2180 814 2227 qnbd
825 2179 863 2213 ad
873 2175 1071 2224 obsequium
1082 2175 1151 2209 aliae
1163 2187 1336 2221 nunquam
1347 2198 1356 2213 ,
1369 2173 1439 2208 aliae
1452 2175 1506 2207 vix
1516 2171 1706 2207 assuescunt:
1718 2172 1809 2218 quod
1821 2183 1944 2206 nocent
1954 2176 2050 2208 variis
2063 2177 2183 2212 modis:

363 2236 457 2283 quod
466 2246 549 2269 terra
557 2231 692 2268 culturae
703 2243 774 2264 non
784 2224 968 2274 respondet:
979 2224 1071 2272 qnbd
1081 2223 1210 2260 caelum,
1226 2236 1289 2260 aer,
1302 2235 1402 2260 mare,
1414 2226 1445 2256 δε
1458 2221 1520 2255 alia
1530 2220 1628 2256 nobis
1640 2218 1718 2268 saepe
1729 2219 1842 2254 infesta
1855 2218 1939 2254 sunt.
1961 2222 2082 2257 Verum
2095 2236 2131 2258 vr
2141 2236 2185 2260 0-

365 2297 460 2320 mnes
471 2292 623 2317 creaturae
634 2282 668 2313 in
680 2276 795 2312 officio
806 2275 1021 2311 subiectionis
1032 2283 1214 2309 manerent,
1224 2272 1383 2318 quicquid
1395 2282 1506 2304 tamen
1518 2268 1670 2318 vsurpant
1682 2267 1741 2302 filii
1752 2269 1840 2306 Adae,
1854 2267 1919 2303 illis
1930 2271 1967 2304 in
1978 2267 2104 2307 Furtum
2116 2265 2185 2308 irrr-

366 2344 508 2381 putatur.
520 2329 601 2376 qnid
611 2330 701 2362 enim
713 2324 808 2360 suum
820 2322 879 2359 esse
889 2325 1012 2359 dicent,
1023 2334 1128 2368 quum
1139 2319 1198 2368 ipsi
1207 2322 1271 2354 Dei
1284 2333 1353 2354 non
1364 2318 1425 2353 sint
1437 2327 1445 2351 ?
1457 2319 1532 2353 Hoc
1543 2321 1630 2352 iacto
1640 2315 1860 2351 fundamento
1870 2339 1881 2354 ‚
1892 2328 1980 2365 patet
1998 2319 2091 2355 istam
2114 2322 2185 2357 Dei

366 2379 619 2417 beneficentiam
633 2374 770 2411 nihilad
781 2386 842 2408 nos
856 2374 1029 2419 pertinere,
1040 2371 1146 2403 donec
1158 2381 1213 2417 per
1224 2368 1393 2403 Christum
1405 2368 1590 2402 restitutum
1603 2364 1760 2400 factitius
1771 2366 1862 2412 quod
1875 2368 1908 2399 in
1921 2366 2026 2401 Adam
2038 2370 2185 2415 perdidi-

370 2443 455 2466 mus.
468 2441 534 2475 qua
544 2429 672 2461 ratione
683 2424 778 2457 docet
789 2421 920 2458 Paulus,
931 2418 1126 2454 sanctificari
1138 2417 1236 2452 nobis
1246 2417 1338 2451 cibos
1349 2428 1404 2463 per
1417 2414 1524 2449 fidem.
1552 2418 1586 2449 δέ
1597 2413 1675 2448 alibi
1686 2417 1882 2461 pronuntiat
1894 2413 2082 2451 infidelibus
2094 2417 2182 2453 nihil

370 2477 429 2514 effe
443 2477 628 2512 mundum,
651 2474 728 2519 quia
743 2470 908 2518 pollutam
922 2467 1064 2503 habeant
1082 2465 1330 2500 conscientiam.
1348 2465 1423 2499 Hoc
1433 2463 1478 2497 est
1488 2464 1579 2511 quod
1599 2461 1776 2497 habuimus
1792 2464 1890 2496 initio
1901 2462 2000 2498 huius
2011 2465 2184 2512 Epistolae.

370 2527 540 2561 Christum
552 2525 570 2558 ὲ
580 2525 672 2557 Patre
683 2521 874 2555 ordinatum
886 2515 945 2552 effe
955 2516 1116 2550 haeredein
1127 2512 1365 2549 vniuersorum.
1380 2513 1479 2547 Certe
1489 2524 1595 2546 totam
1610 2513 1668 2545 vni
1677 2510 1899 2545 haereditatem
1911 2512 2185 2555 vendicando‚re-

372 2574 483 2621 liquos
496 2584 614 2607 omnes
627 2568 768 2604 excludit
780 2578 940 2612 tanquam
949 2564 1086 2598 alienos.
1098 2566 1132 2598 &
1146 2563 1264 2597 merito
1277 2575 1284 2596 :
1297 2561 1467 2596 exulamus
1477 2562 1566 2595 enim
1578 2571 1695 2594 omnes
1706 2559 1724 2592 ὲ
1734 2571 1838 2608 regno
1851 2560 1926 2593 Dei.
1936 2572 2009 2606 quae
2019 2573 2099 2609 ergo
2117 2560 2184 2600 suis

373 2623 562 2657 domesticis
572 2619 730 2654 alimenta
742 2616 927 2654 destinauit,
936 2613 974 2648 ad
985 2625 1046 2647 nos
1057 2623 1167 2659 rapere
1180 2609 1225 2645 fas
1236 2623 1307 2645 non
1319 2611 1372 2643 est.
1383 2613 1427 2644 At
1439 2607 1589 2643 Christus
1602 2620 1657 2656 per
1671 2620 1770 2654 quem
1782 2610 1816 2641 in
1828 2606 1951 2641 familia
1970 2620 2184 2657 cooptamur,

373 2671 470 2706 simul
481 2673 516 2704 in
527 2667 714 2703 societatem
726 2667 804 2698 iuris
815 2662 861 2697 sui
873 2676 934 2697 nos
943 2662 1099 2697 admittit,
1112 2670 1145 2694 vt
1156 2670 1229 2693 toto
1242 2659 1368 2692 mundo
1378 2670 1454 2696 cuni
1465 2659 1530 2691 Dei
1539 2656 1771 2692 benedictione
1779 2654 1938 2690 fruamur.
1949 2658 2043 2692 Vnde
2054 2661 2087 2693 ἃ
2098 2660 2185 2695 pau-

373 2720 424 2754 lus
437 2717 498 2753 fide
507 2719 602 2752 docet
614 2714 778 2750 Abraham
789 2711 912 2746 fuitum
926 2708 984 2744 effe
996 2709 1148 2752 heredem
1160 2707 1426 2753 mudizquatenus
1435 2704 1555 2740 scilicet
1566 2708 1599 2739 in
1613 2705 1736 2739 Christi
1745 2716 1866 2752 corpus
1877 2703 1990 2740 insitus
2000 2704 2184 2755 fuit-de

375 2767 397 2803 si
409 2767 448 2802 ab
459 2768 552 2800 omni
565 2766 629 2799 Dei
640 2760 859 2797 beneficentia
867 2769 1016 2794 arcentur
1031 2759 1195 2793 homines,
1205 2757 1312 2790 donec
1322 2767 1378 2802 per
1388 2754 1558 2788 Christum
1570 2752 1647 2788 facti
1657 2763 1829 2800 compotes
1839 2750 1969 2787 fuerint:
1981 2753 2185 2800 {equitando

377 2818 524 2852 minium
536 2813 618 2847 illud
629 2814 723 2846 cuius
735 2808 879 2843 psalmus
891 2809 1059 2845 meminit,
1071 2803 1167 2838 nobis
1178 2802 1302 2851 periiffe
1313 2805 1347 2838 in
1359 2801 1620 2848 Adamzideoque
1629 2802 1800 2849 deintegro
1809 2811 1961 2847 oportere
1970 2801 2069 2841 nobis
2079 2804 2188 2840 dona·-

345 2899 349 2903 ,
374 2868 505 2900 tionem
517 2861 698 2897 instaurati.
709 2858 810 2892 Porro
823 2857 1013 2892 instauratio
1028 2855 1046 2888 a
1057 2853 1191 2888 Christo
1201 2863 1359 2899 tanquam
1372 2853 1389 2885 ὲ
1401 2853 1507 2898 capite
1517 2849 1736 2898 incipit.Non
1747 2849 1790 2882 est
1800 2860 1879 2896 ergo
1890 2848 2029 2885 dubium
2041 2854 2125 2898 quin
2135 2857 2187 2889 reg

375 2913 496 2961 spicere
507 2913 542 2945 in
555 2906 661 2956 ipsum
673 2907 848 2941 debeamus
857 2906 988 2952 quoties
1001 2905 1108 2950 agitur
1118 2902 1156 2934 dc
1167 2901 1315 2935 hominis
1326 2902 1514 2947 principatu
1525 2900 1560 2932 in
1571 2910 1688 2933 omnes
1697 2907 1867 2933 creaturas.
1877 2898 1954 2932 Huc
1965 2911 2101 2945 qnooue
2110 2896 2187 2949 perss

376 2965 460 2996 tinet
471 2960 562 3007 quod
574 2958 774 2992 nominatim
787 2954 867 2987 dixit
875 2951 1069 3000 Apostolus,
1080 2948 1339 2992 Orbemfuturum:
1347 2949 1467 2995 accipit
1477 2949 1564 2980 enim
1576 2958 1637 2996 pro
1648 2956 1820 2980 renouato-
1833 2946 1937 2991 Qod
1947 2958 1979 2980 vt
1989 2934 2107 2983 elafius
2117 2948 2186 2990 fiat,

373 3012 609 3056 concipiamus
620 3005 740 3039 animis
752 3000 919 3049 duplicem
934 3000 1116 3033 mundum:
1145 2999 1290 3045 priorem
1301 2994 1465 3030 vetustum
1477 2997 1535 3041 qui
1546 3005 1681 3042 peccato
1693 2994 1769 3028 Adae
1778 3005 1954 3041 corruptus
1965 2996 2025 3029 est:
2043 2996 2185 3038 alterum

378 3059 495 3092 ordine
507 3056 731 3104 posteriorem,
746 3063 779 3084 vt
790 3050 832 3084 est
843 3062 900 3096 per
910 3048 1078 3082 Christum
1092 3046 1296 3081 instauratus.
1306 3046 1412 3079 Status
1423 3046 1512 3078 enim
1524 3046 1635 3091 primae
1643 3043 1818 3077 creationis
1829 3038 2012 3082 obsolenst,
2025 3047 2057 3079 &
2069 3047 2134 3081 vna
2145 3049 2186 3082 cui

381 3107 521 3141 homine
535 3103 654 3138 cecidit
672 3114 740 3146 quo
751 3099 790 3132 ad
805 3096 913 3145 ipsum
926 3097 1113 3130 hominem.
1131 3096 1217 3143 Ergo
1228 3093 1338 3140 quoad
1349 3105 1438 3130 noua
1448 3090 1501 3126 fiat
1513 3092 1675 3126 restitutio
1687 3102 1743 3138 per
1761 3087 1933 3125 Christum
1945 3118 1953 3128 ,
1964 3090 2108 3128 psalmus
2127 3093 2184 3132 hic

381 3153 495 3194 locum
508 3166 577 3186 non
590 3149 733 3185 habebit.
742 3148 845 3182 Nunc
856 3156 987 3192 apparet
999 3157 1068 3177 non
1079 3146 1188 3177 vocari
1199 3142 1314 3176 orbem
1326 3140 1474 3179 futurum
1486 3140 1642 3175 duntaxat
1658 3137 1789 3183 qualem
1802 3137 2062 3175 &resurreetione
2078 3139 2185 3189 spera-

325 3243 327 3246 v
381 3215 466 3239 mus,
480 3199 530 3235 sed
543 3202 600 3246 qui
611 3200 712 3246 coepit
725 3196 763 3230 ab
775 3195 909 3229 exordio
919 3195 1011 3240 regni
1023 3189 1463 3238 Christi:complementum
1476 3188 1554 3222 vero
1567 3186 1659 3222 suum
1670 3185 1802 3221 habebit
1812 3189 1847 3221 in
1856 3186 1974 3223 vltima
1983 3189 2187 3238 red5ptione.

380 3249 545 3286 Caeterum
558 3260 614 3283 cur
625 3259 704 3282 nom
711 3257 750 3291 en
761 3243 899 3279 Dauidis
910 3238 1123 3288 supprefferit,
1135 3238 1218 3272 mihi
1227 3252 1298 3273 non
1309 3238 1443 3273 constat.
1459 3236 1557 3272 Certe
1568 3234 1721 3281 quendam
1732 3248 1802 3270 non
1814 3239 2049 3285 contemptim,
2058 3237 2110 3273 sed
2119 3239 2184 3275 ho..

378 3301 470 3333 noris
481 3294 583 3335 causa,
593 3306 750 3340 tanquam
761 3303 866 3326 vnum
878 3302 915 3324 ex
925 3288 1099 3335 Prophetis
1109 3286 1161 3321 vel
1171 3284 1305 3321 clafficis
1316 3284 1528 3333 scriptoribus
1536 3282 1689 3333 appellat.

425 3356 446 3391 7
498 3343 643 3389 Μιηκιβι
653 3355 720 3379 eum
732 3342 894 3391 paululum
904 3337 944 3375 ab
963 3338 1118 3386 Angelis.)
1166 3335 1270 3372 Nunc
1289 3338 1323 3372 in
1336 3333 1512 3372 verborum
1523 3331 1726 3384 expositione
1739 3335 1878 3382 emergit
1895 3346 1985 3370 noua
1997 3333 2184 3372 difficultas,

2028 3385 2097 3418 lam
2106 3387 2185 3434 quiq

2230 164 2252 215 ’ἑ

2241 219 2252 250 a
