2268 3705
305 168 368 208 419
840 150 928 198 IN
977 147 1586 198 EplsT-PAVLi

308 230 465 266 charitate
478 222 734 262 Coloisensium.
767 223 855 270 Ergo
864 234 1031 268 vtrunque
1042 221 1110 255 dari
1121 220 1139 253 a
1152 220 1228 253 Deo
1241 217 1380 253 fatetur:
1397 216 1526 263 alioqui
1539 215 1615 251 fieta
1634 212 1709 250 esset
1717 219 1895 264 gratiarum
1908 219 2008 252 aetio.
2031 218 2074 252 Et
2084 219 2167 264 quid

309 278 483 316 habemus,
500 274 605 309 nisiex
616 277 685 308 cius
697 271 913 308 liberalitate?
944 271 1049 315 de
1058 267 1080 302 si
1092 268 1168 302 inde
1182 269 1325 300 minima
1335 278 1474 312 quaeque
1487 265 1585 299 nobis
1598 269 1816 312 proueniunt,
1831 276 1957 311 quanto
1968 269 2073 313 magis
2084 267 2168 301 iate-

311 329 392 361 dum
405 323 448 359 est
460 328 525 358 hoc
537 325 625 358 idem
637 324 677 356 de
702 323 768 357 istis
786 319 918 354 duobus
929 319 1040 354 donis,
1053 319 1087 350 in
1099 315 1221 361 quibus
1233 325 1303 348 tota
1312 314 1503 363 praestantiae
1513 314 1628 346 nostrae
1639 312 1768 347 summa
1780 315 1882 361 polita
1894 315 1937 348 est
1948 322 1957 346 Ξ
1972 317 2041 347 Deo
2055 318 2092 354 (ᾐ-
2102 318 2167 348 Pa—

311 379 360 408 tri.
373 377 419 409 ita
430 371 569 413 resolue‚
582 374 656 406 Deo
666 373 724 416 qui
740 371 833 402 Pater
844 367 888 400 est
898 366 1034 400 Christi.
1043 365 1165 409 Neque
1176 365 1266 397 enim
1278 362 1383 397 alium
1396 363 1507 395 Deum
1519 359 1564 395 fas
1575 361 1672 395 nobis
1684 363 1727 395 est
1739 361 2053 408 cognoscere,quam
2064 366 2123 408 qui
2137 362 2167 397 se

316 424 463 465 nobisiu
476 421 561 455 Filio
576 419 633 454 suo
644 418 806 453 exhibuit.
819 416 930 460 Atque
941 414 1009 447 haec
1021 411 1125 447 clauis
1150 412 1194 446 est
1204 424 1276 457 quae
1289 410 1388 445 nobis
1411 422 1544 443 ianuam
1555 408 1623 443 sola
1635 409 1750 444 reserat
1760 433 1769 447 2
1789 410 1812 444 li
1823 411 1979 445 volumus
1990 413 2029 444 ad
2048 422 2168 445 verum

313 473 427 506 Deum
441 470 602 504 accedere.
617 467 704 502 Nam
718 468 751 499 &
766 464 840 496 ideo
853 461 952 496 nobis
962 462 1054 496 Pater
1067 461 1110 494 est
1122 486 1134 500 ,
1151 462 1229 506 quia
1241 463 1276 494 in
1287 459 1375 494 Filio
1387 459 1562 504 vnigenito
1576 470 1640 492 nos
1651 458 1846 505 compltxus
1865 458 1907 492 est
1920 483 1930 496 ‚
1955 463 1988 493 S<
2003 462 2037 493 iu
2049 460 2171 495 eodem

315 531 493 568 paternum
504 516 598 551 suum
618 514 769 549 fauorem
779 509 879 545 nobis
891 508 1128 558 speculandum
1140 510 1313 555 proponit.
1364 506 1488 552 Semper
1497 517 1549 554 pro
1561 504 1659 539 vobis.
1710 508 1778 540 Alii
1792 505 1832 540 fic
1845 519 2029 554 exponunt,
2041 510 2171 542 Gratias

315 561 447 615 agimus
470 568 542 600 Deo
555 561 678 610 semper
712 572 772 608 pro
786 557 900 593 vobis:
911 559 978 592 hoc
989 558 1052 595 est,
1065 554 1197 590 assidue‘.
1224 555 1292 589 Alii
1303 566 1414 589 autem
1428 577 1438 591 ,
1450 553 1595 588 Orantes
1615 567 1675 602 pro
1686 554 1782 588 vobis
1796 553 1931 602 semper.
1950 557 2058 589 Potest
2069 558 2171 591 etiam

316 616 358 651 sic
371 617 515 663 exponi,
525 615 670 659 Ques
682 621 742 656 pro
754 606 849 641 vobis
865 619 1012 643 oramus,
1025 603 1121 640 simul
1133 605 1250 652 gratias
1261 607 1390 651 agimus
1399 604 1484 636 Deo.
1510 604 1620 648 Atque
1631 603 1686 637 hic
1699 603 1744 636 est
1755 601 1936 650 simplicior
1948 603 2054 638 sensus
2065 631 2075 645 ,
2087 606 2172 638 Gra·-

317 669 377 699 tias
389 666 518 709 agimus
528 662 615 698 Deo,
633 662 667 692 ὃ(
677 655 773 692 simul
784 667 929 690 oramus.
939 664 1008 702 quo
1018 651 1197 701 significat,
1208 663 1383 698 nunquam
1409 661 1477 688 tam
1490 649 1674 698 perfeetum
1688 649 1747 685 effe
1760 649 1908 697 fidelium
1928 653 2046 687 statum
2057 655 2092 686 in
2103 653 2171 687 hoc

316 712 464 747 mundo,
492 720 538 742 ἶνε
550 720 621 741 non
634 707 758 753 semper
768 703 894 751 aliquid
915 702 1002 737 desit.
1025 705 1116 737 Nam
1128 705 1161 735 ὅ(
1174 702 1233 746 qui
1251 699 1381 748 optime
1394 701 1516 746 coepit,
1538 700 1643 745 potest
1663 699 1815 745 quotidie
1827 702 1951 734 centies
1961 700 2114 735 deficere:
2134 705 2171 735 gc

315 761 500 795 continuos
521 752 705 803 progreffus
717 753 820 788 facere
840 750 964 787 necess'e
975 750 1019 786 est
1033 776 1043 788 ‚
1068 749 1123 784 vbi
1134 748 1242 783 adhuc
1258 747 1371 783 firmus
1382 750 1417 782 in
1437 749 1566 781 itinere.
1587 749 1640 781 Sic
1650 760 1730 795 ergo
1749 747 1788 780 de
1808 750 1921 794 gratiis
1942 750 2008 782 iam
2024 751 2167 796 acceptis

319 808 573 842 meminerimus
594 803 806 851 gaudendum
820 800 893 839 ess‘e,
907 804 941 835 &
954 799 1094 847 agendas
1105 799 1180 832 Deo
1190 799 1326 845 gratias,
1346 807 1383 830 vt
1397 795 1674 843 perseuerantiam
1688 802 1721 830 ὅ(
1737 799 1947 830 incrementa
1965 796 2062 830 simul
2073 798 2113 832 ab
2129 810 2170 832 eo

321 867 486 904 petamus.
1884 857 1888 859 ·
2106 843 2109 846 ⁴

366 915 392 949 4
443 900 567 936 Audita
571 899 636 947 fide
648 898 771 943 vestra.)
825 898 902 932 Hoc
913 895 957 930 cst
966 897 1089 931 amoris
1099 908 1174 943 erga
1185 892 1262 929 illos
1272 917 1283 932 ,
1305 897 1339 928 ὅ(
1351 906 1435 929 curae
1448 906 1509 942 pto
1540 890 1689 940 ipsorum
1703 891 1804 928 salute
1814 894 2073 929 incitamentum
2091 905 2172 935 erar,

318 951 426 998 quum
443 951 580 990 audiret,
591 948 652 983 fide
666 953 700 983 ὅ(
713 948 871 983 charitate
902 957 958 978 eos
969 943 1133 980 excellere.
1146 945 1187 978 Et
1196 943 1282 978 certe
1291 942 1378 977 hanc
1389 945 1457 977 vim
1468 954 1544 989 erga
1563 954 1624 976 uos
1635 941 1753 975 habere
1763 940 1884 975 debent
1897 953 1965 975 tam
1989 942 2172 989 praestantia

316 1002 383 1035 Dei
402 1001 501 1037 dona,
516 1010 549 1032 vt
561 998 752 1042 Vbicunque
762 1003 932 1043 apparent,
943 1006 1006 1027 nos
1017 995 1146 1040 rapiant
1157 995 1192 1026 in
1205 1003 1354 1025 amorem
1366 989 1424 1024 sui.
1436 990 1549 1026 Fidem
1562 993 1597 1024 In
1613 989 1725 1033 Ch'fiO
1735 990 1816 1023 dicit
1825 1015 1836 1029 ,
1871 1001 1904 1024 vt
1915 989 2040 1038 semper
2051 993 2174 1027 memi-

319 1051 481 1085 nerimus,
497 1048 669 1094 proprium
681 1044 758 1077 fidei
770 1043 909 1090 scopum
923 1039 983 1075 eise
994 1041 1178 1075 Christum.
1225 1039 1416 1072 Charitazem
1427 1041 1524 1086 ponit
1535 1039 1762 1087 Ergasanffos:
1785 1051 1856 1074 nou
1870 1049 1904 1071 vt
1917 1038 2000 1073 alios
2011 1037 2173 1077 excludat,

319 1096 372 1132 sed
385 1100 462 1144 quia
476 1108 509 1129 vt
522 1092 660 1141 quisque
671 1092 769 1126 nobis
781 1094 815 1125 in
827 1093 903 1125 Deo
912 1091 1116 1124 coniunctus
1127 1089 1182 1125 est,
1193 1090 1238 1121 ita
1251 1087 1411 1134 peculiari
1421 1099 1533 1121 amore
1544 1086 1641 1122 illum
1654 1086 1816 1123 debemus
1824 1089 1945 1124 arctius
1980 1086 2174 1134 complecti,

319 1148 405 1179 Vera
420 1146 522 1191 igitur
535 1143 676 1176 charitas
686 1141 725 1174 ad
739 1136 908 1174 vniuersos
918 1138 1073 1172 homines
1085 1135 1114 1171 se
1126 1137 1276 1170 extendet
1287 1161 1297 1176 ‚
1307 1137 1385 1182 quia
1396 1139 1428 1169 86
1445 1147 1563 1169 omnes
1575 1146 1650 1169 caro
1662 1135 1770 1169 nostra
1780 1133 1855 1169 sunt
1864 1159 1874 1173 ,
1895 1140 1926 1171 ἃ
1939 1134 1978 1171 {id
1989 1138 2174 1183 imaginem

323 1195 387 1228 Dei
398 1193 505 1227 creati:
520 1190 571 1224 sed
582 1201 745 1235 quantum
758 1189 797 1222 ad
810 1188 940 1235 gradus,
950 1188 1084 1221 initium
1099 1187 1116 1219 a
1125 1185 1314 1218 domesticis
1325 1182 1516 1223 fideifaciet.

369 1252 383 1287 5
436 1243 562 1289 Propter
566 1239 650 1287 spem
662 1239 818 1286 repofitam
828 1233 917 1269 volus
926 1238 957 1268 in
966 1235 1069 1277 calis.)
1120 1233 1242 1280 Neque
1253 1235 1344 1267 enim
1357 1243 1504 1278 vnquam
1518 1228 1623 1266 otiosa
1633 1233 1669 1266 in
1681 1231 1780 1267 nobis
1792 1234 1851 1266 erit
1862 1230 1932 1279 spes
1949 1233 2023 1266 vitae
2033 1245 2174 1272 aeternae,

328 1292 415 1336 quin
427 1288 644 1323 dilectionem
655 1288 690 1320 in
704 1285 803 1320 nobis
814 1285 928 1332 pariat.
953 1279 1090 1317 Necesse
1101 1285 1192 1317 enim
1204 1281 1247 1316 est
1255 1293 1290 1315 vt
1299 1282 1358 1327 qui
1369 1278 1557 1314 theissmrum
1571 1282 1646 1314 vitae
1656 1279 1714 1314 sibi
1726 1283 1760 1315 in
1781 1280 1867 1315 caelis
1881 1282 2094 1318 reconditum
2113 1282 2176 1317 ess'e

320 1337 413 1373 certo
425 1334 592 1384 persuasus
604 1336 658 1372 est,
670 1334 824 1381 neglecto
839 1331 967 1367 mundo
979 1330 1060 1366 illuc
1069 1329 1197 1378 aspiret.
1210 1331 1387 1365 Meditatio
1399 1340 1512 1364 autem
1534 1329 1665 1363 caelestis
1677 1332 1748 1363 vitae
1757 1327 1892 1363 affictus
1906 1330 2035 1365 nostros
2047 1343 2116 1365 ram
2133 1332 2183 1366 adi-
2209 1350 2220 1358 --
2234 1323 2236 1325 ‚

319 1388 384 1421 Dei
395 1385 524 1420 cultum
537 1386 637 1430 quarn
650 1384 688 1416 ad
720 1383 822 1416 studia
832 1381 999 1415 charitatis
1011 1382 1107 1427 rapit.
1128 1378 1324 1412 Abutuntui·
1334 1377 1398 1411 hoc
1409 1378 1601 1411 testimonio
1617 1376 1766 1424 sophistae
1781 1379 1819 1411 :id
1830 1377 2019 1412 extollenda
2030 1392 2176 1428 operum

322 1437 453 1473 merita,
467 1433 556 1482 quasi
572 1431 640 1479 spes
654 1428 765 1465 salutis
776 1443 812 1464 ex
825 1428 981 1477 operibus
993 1428 1160 1478 penderet.-
1171 1426 1221 1460 sed
1231 1425 1394 1461 friuolum
1405 1426 1448 1462 cst
1459 1437 1707 1472 argumentum.
1720 1427 1841 1471 Neque
1852 1428 1942 1460 enim
1953 1425 2121 1473 sequitur,
2138 1430 2176 1464 in

323 1482 482 1531 operibus
497 1479 586 1529 spem
600 1480 674 1514 ideo
688 1479 858 1513 fundatam
869 1475 940 1516 effe,
955 1479 1033 1523 quia
1048 1488 1110 1510 nos
1119 1477 1160 1510 ad
1171 1476 1315 1510 studium
1325 1473 1408 1508 bene
1418 1475 1556 1508 viuendi
1567 1473 1861 1519 extimulttzquuin
1871 1474 1954 1508 adid
1964 1475 2051 1509 nihil
2062 1475 2178 1511 effica-

323 1535 396 1566 cius
408 1530 444 1564 sit
455 1531 556 1577 quam
567 1530 710 1576 gratuita
723 1529 787 1562 Dei
797 1527 930 1562 bonitas
942 1538 1034 1571 ‚quae
1047 1537 1185 1558 omnem
1195 1535 1336 1571 operum
1351 1521 1506 1556 fiduciam
1529 1524 1564 1556 in
1580 1521 1728 1556 nihilum
1739 1523 1867 1569 redigit.
1888 1521 2054 1558 Caeteruin
2068 1535 2179 1560 meto-

324 1581 439 1625 nymia
451 1579 494 1612 est
512 1580 548 1612 iu
560 1576 660 1612 verbo
678 1578 765 1623 Spei:
778 1577 856 1622 quia
865 1577 995 1622 capitur
1009 1585 1071 1620 pro
1083 1585 1115 1606 re
1126 1570 1260 1619 sperata.
1269 1571 1360 1607 Nam
1372 1569 1441 1619 spes
1453 1573 1487 1608 in
1500 1573 1621 1606 animis
1632 1571 1754 1608 nostris.
1773 1572 1816 1604 est
1829 1570 1935 1617 gloria
1957 1584 2058 1621 quam
2069 1571 2178 1621 spcta-

325 1640 400 1663 mus
412 1630 447 1661 in
458 1625 555 1661 caelis.
567 1626 627 1659 Sed
637 1637 747 1659 tamen
759 1636 866 1672 quum
876 1624 968 1660 dicit,
981 1623 1081 1671 Spem
1091 1620 1188 1655 nobis
1199 1624 1235 1654 in
1243 1620 1325 1654 caeio
1335 1617 1394 1654 effe
1412 1618 1601 1667 repositam,
1613 1617 1785 1665 fignificat,
1798 1620 1934 1666 perinde
1944 1631 2050 1656 certos
2061 1621 2180 1657 debere

326 1676 386 1711 ess‘e
400 1674 509 1709 fideles
537 1676 575 1708 de
584 1672 802 1721 promiffione
813 1682 939 1706 aeternae
949 1669 1130 1704 foelicitatis
1142 1695 1153 1709 ,
1174 1667 1236 1703 acsi
1249 1670 1315 1702 iam
1325 1666 1513 1703 thesaurum
1526 1667 1683 1705 haberent
1705 1678 1795 1702 certo
1806 1670 1842 1705 in
1853 1666 1931 1702 loco
1951 1670 2174 1706 reconditum.

324 1728 384 1761 ‘De
394 1736 454 1769 qua
460 1726 546 1771 prius
552 1720 687 1760 audistis.
740 1723 832 1765 Qja
843 1732 891 1754 res
904 1719 948 1754 est
958 1717 1052 1766 supra
1062 1729 1197 1765 captum
1213 1719 1334 1752 mentis
1345 1717 1462 1751 nostrae
1473 1714 1555 1750 salus
1565 1727 1694 1750 aeterna:
1708 1716 1781 1750 idco
1791 1714 1988 1756 addit,illius
1998 1720 2173 1754 certitudi-

325 1785 405 1808 nem
418 1784 476 1820 per
485 1773 575 1805 Euan
580 1769 706 1816 gelium
719 1769 849 1803 allatam
862 1765 954 1802 fuisse
964 1764 1222 1801 Colossensibus.
1235 1769 1269 1800 oc
1280 1763 1377 1802 fimul
1394 1764 1545 1812 praefatur
1554 1762 1584 1798 se
1594 1763 1681 1799 nihil
1690 1763 1868 1799 allaturum
1878 1768 1974 1800 noui:
1983 1765 2035 1800 sed
2046 1767 2179 1806 rantum

325 1821 394 1856 hoc
425 1832 519 1867 agere
529 1830 563 1853 vt
584 1821 619 1852 in
630 1829 758 1865 recepta
771 1819 860 1865 prius
877 1817 1030 1851 doctrina
1049 1827 1105 1849 eos
1115 1812 1303 1849 confirmet.
1313 1812 1463 1853 Erasmus
1474 1812 1639 1848 transtulit
1651 1814 1846 1847 Sermonem
1857 1825 2007 1848 veracem
2023 1815 2178 1863 Euange-

326 1869 377 1904 lii.
387 1869 459 1903 Nec
472 1881 524 1902 me
539 1866 630 1904 latet,
642 1878 736 1901 more
746 1865 924 1900 Hebraico,
939 1865 1130 1911 genitiuum
1144 1860 1224 1910 saepe
1236 1861 1314 1896 loco
1324 1863 1463 1909 epitheti
1475 1859 1559 1896 sumi
1569 1861 1656 1908 apud
1667 1860 1806 1895 Paulum
1830 1861 1900 1895 :scd
1910 1862 1966 1896 hic
1975 1862 2073 1897 verba
2090 1865 2178 1899 Pau-

328 1917 354 1953 li
365 1929 527 1952 maiorem
539 1914 662 1949 habent
689 1911 870 1967 emphasin.
895 1912 985 1947 Nam
994 1911 1059 1944 κατ’
1069 1909 1165 1955 ἐξοχὴν
1184 1912 1387 1958 Citangelzum
1409 1912 1564 1944 nominat
1582 1910 1754 1943 Sermonem
1764 1913 1905 1943 veritatis
1916 1933 1926 1947 ,
1947 1911 2087 1946 honoris
2099 1923 2180 1948 cau-

330 1965 380 2001 sa:
394 1979 462 2012 quo
475 1963 610 1999 solidius
622 1961 811 2010 firmiuique
821 1959 966 1995 insistant
977 1962 1013 1995 in
1023 1959 1229 1994 reuelatione
1242 1958 1337 1994 illinc
1347 1970 1491 2006 accepta.
1514 1960 1561 1993 Ita
1571 1971 1698 1993 nornen
1709 1958 1803 1996 Euan
1807 1957 1886 2006 gelii
1896 1958 2080 2012 appositiue
2092 1972 2178 1997 con·-

332 2017 465 2050 texitur.
1547 2025 1551 2028 i
1920 2014 1925 2029 ,
2176 2006 2179 2009 ,

382 2066 404 2097 6
456 2058 726 2111 Qemadmodum
737 2061 774 2100 ᾤ’
783 2061 814 2092 in
823 2059 965 2101 vniuersti
974 2056 1085 2092 mundo
1089 2057 1278 2102 ftuffificat.)
1328 2056 1405 2090 Hoc
1415 2055 1453 2089 :id
1465 2056 1597 2102 piorum
1609 2067 1677 2089 tam
1697 2053 1991 2092 confirmationem
2003 2058 2105 2103 quam
2117 2061 2176 2093 (ὁ-

335 2110 537 2147 solationem
551 2109 648 2147 valet,
662 2111 769 2143 videre
781 2107 881 2155 longe
895 2106 1026 2155 late'que
1041 2106 1215 2153 Euangelii
1227 2103 1393 2141 effectum,
1405 2105 1520 2138 multis
1531 2105 1569 2137 ad
1584 2103 1756 2138 Christum
1768 2103 1977 2150 colligendis.
1988 2105 2073 2139 Non
2088 2118 2173 2153 pen-

334 2162 390 2196 det
404 2160 539 2207 quidem
551 2161 621 2193 eius
633 2157 710 2192 fides
721 2154 888 2205 *asuccess'u
903 2178 912 2193 ‚
925 2166 959 2189 vt
977 2155 1053 2189 ideo
1063 2156 1232 2189 credamus
1243 2155 1321 2199 quia
1333 2151 1431 2187 multi
1443 2152 1589 2196 credunt.
1611 2151 1743 2186 Etiamsi
1757 2152 2082 2189 vniuersusmundus
2095 2153 2178 2189 defi-

331 2211 409 2246 ciat,
422 2207 546 2242 etiamsi
559 2205 676 2242 caelum
689 2208 797 2252 ipsum
810 2215 893 2239 ruat:
904 2217 975 2238 non
986 2203 1081 2238 debet
1091 2201 1242 2237 vacillare
1253 2203 1301 2249 pii
1311 2201 1463 2235 hominis
1473 2199 1686 2235 conscientia:
1698 2202 1776 2245 quia
1786 2202 1876 2234 Deus
1887 2200 2124 2240 nihilominus,
2135 2206 2175 2238 in

331 2270 402 2305 quo
413 2256 548 2292 fundata
559 2256 614 2293 est,
625 2265 719 2289 verax
730 2265 852 2288 manet.
862 2252 925 2286 Sed
937 2253 1002 2288 hoc
1011 2264 1084 2287 non
1095 2250 1200 2286 obstat
1212 2252 1396 2296 quominus
1405 2249 1579 2282 adiuuetur
1591 2247 1668 2282 fides
1679 2250 1932 2294 nostra,quories
1941 2250 2004 2283 Dei
2017 2253 2177 2288 virtutem

332 2303 499 2353 perspicit:
513 2317 585 2352 qua:
599 2302 734 2338 certeco
743 2301 913 2349 potentius
922 2299 950 2334 se
961 2303 1072 2338 exerit,
1083 2312 1152 2346 quo
1163 2298 1273 2347 plures
1286 2297 1420 2332 Christo
1431 2295 1612 2331 lucrifiunt.
1621 2298 1713 2331 Adde
1723 2297 1814 2343 quod
1825 2300 1857 2330 in
1871 2296 2084 2335 multitudine
2102 2311 2174 2334 cre-

333 2356 485 2388 dentium
497 2365 578 2388 tunc
589 2350 843 2400 perspiciebatur
857 2362 908 2384 tot
922 2351 1159 2383 vaticiniorum
1170 2346 1472 2395 complementum,
1484 2358 1555 2391 qux
1567 2344 1838 2392 Christiregnum
1848 2344 1888 2379 ab
1901 2345 2042 2380 Oriente
2051 2349 2086 2380 in
2102 2347 2174 2384 Oc-

334 2403 501 2438 cidentem
515 2402 704 2436 extendunt.
736 2401 789 2433 An
803 2399 868 2432 hoc
879 2410 1018 2446 paruum
1032 2398 1086 2436 cst,
1098 2407 1153 2431 aut
1163 2396 1296 2442 vulgare
1307 2393 1382 2428 fidei
1392 2395 1635 2431 adminiculum
1645 2420 1655 2433 ,
1674 2393 1782 2427 oculis
1794 2394 1971 2438 impletum
1991 2406 2122 2430 cernere
2132 2397 2172 2431 de

334 2463 439 2498 regno
466 2450 590 2485 Christi
603 2461 658 2497 per
669 2460 787 2482 omnes
799 2447 887 2481 orbis
899 2447 1045 2493 regionis
1056 2445 1234 2484 dilatando,
1247 2443 1339 2490 quod
1348 2443 1519 2490 Propheta:
1532 2440 1634 2488 longe
1644 2442 1719 2476 ante
1728 2442 1954 2490 praedixerant?
1967 2444 2070 2489 Qiod
2080 2444 2170 2486 dico,

335 2511 438 2533 nemo
451 2500 493 2534 est
504 2497 651 2533 fidelium
662 2498 720 2543 qui
733 2508 803 2530 nou
816 2497 850 2529 in
863 2494 891 2528 se
901 2496 1094 2541 experiatur.
1123 2492 1240 2527 Voluit
1251 2494 1352 2539 igitur
1380 2489 1501 2526 Paulus
1520 2488 1726 2528 Coloffenses
1737 2490 1796 2524 hac
1813 2486 1973 2524 sententia
1983 2493 2087 2539 magis
2098 2494 2172 2526 ani-

338 2560 437 2581 mare:
451 2559 485 2581 vt
497 2544 611 2595 paffim
624 2544 826 2593 respiciendo
837 2541 1008 2589 Euangelii
1017 2540 1162 2576 fructum
1175 2545 1208 2577 Sc
1221 2550 1413 2587 augmenta,
1423 2537 1506 2576 illud
1517 2537 1672 2572 alacriore
1683 2537 1758 2575 zelo
1767 2538 2054 2589 amplecterentur.
2078 2540 2171 2584 Αἰξί,

338 2599 442 2636 νίμῆιον
457 2598 490 2630 in
511 2593 706 2642 quibusdam
717 2590 958 2640 exemplaribus
967 2603 1037 2624 non
1050 2589 1183 2636 legitur²
1199 2590 1289 2638 quod
1299 2599 1362 2635 ego
1372 2589 1451 2625 verti
1463 2589 1629 2635 Propagari
1643 2601 1651 2621 :
1663 2589 1741 2633 quia
1749 2598 1862 2625 tamen
1871 2590 2043 2630 contextui
2051 2600 2118 2624 erat
2135 2602 2173 2624 a-

339 2647 441 2692 ptius,
454 2643 548 2677 nolui
560 2645 724 2677 omittere·
736 2642 775 2675 Et
787 2651 920 2687 apparet
931 2651 967 2673 ex
976 2650 1124 2675 veterum
1134 2638 1384 2672 commentariis
1395 2636 1480 2670 hanc
1489 2634 1669 2670 lectionem
1691 2633 1815 2682 semper
1827 2630 1932 2681 magi}
1945 2634 2038 2669 fuiffe
2049 2636 2169 2672 vfitatfi.

339 2694 391 2725 Ex
402 2705 458 2737 quo
470 2690 520 2724 die
531 2691 654 2734 audistis
670 2693 706 2728 ω’·
718 2688 889 2735 cognomslzs
894 2691 1038 2734 gratiam.
1086 2687 1172 2723 Laus
1182 2684 1361 2719 docilitatis
1371 2708 1380 2721 ,
1394 2684 1485 2732 quod
1497 2684 1601 2717 statim
1612 2683 1756 2729 amplexi
1766 2682 1839 2716 sunt
1848 2680 1956 2716 sanam
1969 2684 2171 2720 doctrinam:

337 2740 408 2775 laus
418 2740 618 2775 constantiae,
633 2739 724 2785 quod
738 2740 772 2771 in
785 2750 820 2771 ea
829 2736 1047 2784 perstiterunt.
1061 2735 1103 2769 Et
1114 2733 1248 2786 proprie
1263 2743 1398 2767 vocatur
1407 2731 1579 2778 Euangelii
1591 2729 1668 2768 fides
1678 2754 1686 2767 ,
1706 2733 1814 2777 gratiae
1823 2732 1887 2764 Dei
1897 2733 2069 2778 cognitio:
2089 2737 2169 2780 quia

339 2801 442 2824 nemo
453 2800 496 2821 vn
525 2800 598 2821 uam
611 2785 829 2832 Euangelium
841 2786 995 2832 gustanst,
1008 2782 1066 2818 nisi
1076 2781 1173 2829 quise
1185 2783 1259 2816 Deo
1269 2779 1521 2814 reconciliatum
1531 2777 1622 2814 sciret
1632 2802 1642 2817 ‚
1665 2785 1696 2813 ὅ(
1710 2778 1844 2813 ialutem
1857 2779 2114 2830 apprehenderet
2130 2784 2168 2817 in

340 2835 476 2872 Christo
488 2849 508 2869 o
536 2834 645 2870 latam.
694 2837 733 2868 In
742 2838 873 2867 veritate
882 2857 891 2872 ‚
906 2831 1065 2880 significat
1075 2831 1149 2866 vere
1169 2834 1201 2864 &
1213 2827 1334 2874 absque
1347 2827 1435 2862 suco.
1449 2841 1525 2862 nam
1536 2826 1615 2862 ficut
1633 2829 1709 2861 ante
1721 2827 1850 2860 testatus
1860 2827 1904 2861 est
1915 2851 1926 2865 ‚
1946 2828 2169 2876 Euangelium

340 2886 400 2920 effe
412 2884 584 2919 indubiam
600 2884 783 2918 veritatem:
794 2884 838 2915 ita
850 2893 940 2915 nunc
953 2881 1055 2918 addit,
1065 2877 1184 2914 sincere
1195 2877 1258 2912 illis
1271 2874 1362 2911 fuiffe
1374 2876 1552 2910 traditum:
1573 2875 1672 2921 idque
1682 2874 1737 2908 Ab
1745 2874 1901 2924 Epaphra.
1955 2876 2043 2910 Nam
2057 2890 2166 2924 quum

339 2936 475 2972 iastent,
489 2931 586 2967 multi
597 2942 707 2964 autem
720 2929 796 2964 mali
807 2929 869 2964 sint
879 2931 1033 2977 operarii,
1045 2939 1191 2974 quorum
1208 2925 1260 2960 vel
1271 2926 1471 2972 ignorantia,
1481 2923 1532 2957 vel
1545 2924 1743 2960 ambitione,
1752 2921 1803 2956 vel
1812 2926 1960 2961 auaritia,
1971 2924 2060 2960 illius
2074 2929 2167 2973 puri-

329 2994 387 3019 ,tas
398 2980 606 3016 adulteratur:
621 2990 820 3025 magnopere
840 2977 945 3014 refert,
956 2975 1094 3011 discerni
1106 2974 1187 3010 fidos
1198 2974 1364 3009 ministros
1375 2974 1390 3006 ὲι
1402 2974 1513 3006 miuus
1525 2970 1648 3018 probis.
1661 2971 1780 3016 Neque
1792 2973 1882 3007 enim
1892 2971 1966 3017 ilius
1977 2973 2031 3010 est,
2052 2975 2167 3009 Euan-

341 3030 421 3079 gelii
431 3042 557 3063 nomen
568 3039 689 3061 tenete:
702 3026 761 3061 niii
775 3023 913 3059 {ciamus
923 3026 989 3059 hoc
1001 3022 1060 3058 ess'e
1068 3036 1184 3058 verum
1194 3020 1416 3068 Euangelium
1429 3021 1519 3066 quod
1529 3021 1546 3053 a
1556 3018 1659 3053 Paulo
1671 3023 1704 3052 &
1715 3018 1865 3066 Epaphra
1887 3022 2098 3068 praedicatum
2111 3024 2166 3057 cst.

340 3082 453 3125 Quare
464 3076 521 3111 suo
534 3074 662 3110 calculo
672 3073 792 3108 Paulus
803 3072 977 3108 confirmat
988 3074 1172 3109 doctrinam
1182 3070 1349 3118 Epaphras:
1360 3080 1394 3102 vt
1403 3065 1609 3102 Coloffcnses
1621 3069 1655 3105 in
1665 3079 1700 3100 ea
1711 3069 1847 3101 retineat
1857 3091 1867 3105 ‚
1877 3068 2055 3116 eade'mque
2065 3084 2165 3118 opera

340 3125 427 3177 ipsos
439 3137 571 3160 reuocet
581 3126 598 3158 ὲι
609 3122 835 3158 nebulonibus
846 3124 904 3168 qui
918 3120 1039 3155 alienas
1052 3121 1218 3156 doctrinas
1229 3119 1384 3153 inducere
1395 3115 1627 3150 moliebantur.
1638 3117 1677 3149 Et
1687 3114 1784 3149 fimul
1793 3128 1888 3150 ornat
1898 3116 2005 3164 ipsum
2017 3120 2165 3167 Epaphi-a

340 3174 460 3222 insigni
473 3173 586 3210 titulo,
600 3184 669 3218 quo
679 3171 753 3219 plus
764 3173 947 3204 autoritatis
959 3168 1085 3203 habeat:
1094 3169 1217 3203 Reddit
1227 3163 1391 3214 postiemd
1401 3163 1575 3198 amabilem
1589 3161 1846 3201 Colossensibus,
1856 3178 1960 3211 quum
1971 3166 2048 3200 testi
2057 3165 2167 3214 ipsum

341 3222 401 3257 sibi
411 3221 502 3256 fuisse
513 3223 593 3255 dicit
601 3232 679 3254 eoru
686 3233 717 3252 ni
729 3219 907 3253 charitatis.
917 3219 992 3251 Hoc
1003 3216 1126 3262 vbique
1136 3215 1247 3262 satagit
1259 3213 1389 3250 Paulus,
1403 3225 1436 3246 vt
1449 3225 1532 3258 quos
1547 3210 1683 3245 fideliter
1704 3212 1838 3246 Christo
1847 3211 1964 3248 seruire
1973 3217 2091 3251 nouit,
2110 3214 2165 3249 sua

341 3270 634 3305 commendatione
643 3265 847 3302 charissimos
857 3264 1004 3300 Ecclesxis
1013 3265 1131 3299 reddat:
1142 3264 1222 3298 ficut
1234 3260 1413 3297 econuerso
1425 3264 1459 3294 iu
1469 3261 1534 3294 hoc
1545 3262 1608 3294 toti
1618 3257 1691 3293 sunt
1702 3261 1826 3294 Satanae
1841 3263 2001 3299 ministri„
2018 3275 2053 3296 vr
2063 3264 2081 3296 a
2091 3261 2164 3297 fidis

339 3317 523 3353 pastoribus
536 3316 734 3365 simplicium
747 3317 877 3349 animos
888 3312 1019 3348 finisti-is
1034 3311 1238 3346 sermonibus
1247 3311 1404 3345 alienent.
1463 3307 1801 3356 Charitateminspiritu
1815 3332 1824 3346 ‚
1839 3321 1898 3356 pro
1910 3309 2068 3357 spirituali
2081 3310 2165 3344 dile-

337 3369 451 3404 &ione
461 3367 589 3412 accipio
603 3378 680 3399 cum
695 3361 951 3409 Chrysostomo:
961 3364 1014 3396 cui
1026 3363 1060 3396 in
1072 3359 1292 3408 superioribus
1304 3371 1375 3392 non
1386 3356 1548 3391 assentior.
1562 3356 1665 3390 Pom}
1677 3355 1852 3404 spiritualis
1863 3357 1997 3393 dileetio
2012 3358 2075 3395 est,
2091 3371 2166 3405 qum

328 3427 401 3450 non
410 3413 538 3461 respicit
549 3414 716 3452 mundum
729 3427 738 3447 :
772 3410 824 3446 sed
833 3413 965 3460 pietatis
976 3407 1128 3460 auspiciis
1138 3409 1182 3444 est
1192 3406 1378 3443 consecrata
1390 3429 1400 3444 ‚
1421 3409 1455 3442 e<
1465 3403 1556 3457 quasi
1568 3406 1761 3440 interiorem
1770 3404 1869 3444 habet
1885 3406 2027 3441 radicem
2037 3429 2049 3451 ἶ
2059 3418 2168 3452 quum

2050 3467 2168 3497 amici-
