2268 3705
341 78 404 122 578
947 67 1039 115 IN
1088 57 1632 113 EPISTOLAM

330 144 499 180 interdum
510 142 623 178 vocari
635 141 812 191 principes:
826 133 929 174 fateor
940 139 974 173 id
985 137 1134 185 quidem,
1142 133 1193 170 sed
1202 147 1290 182 nego
1300 133 1447 183 praesenti
1459 132 1536 167 loco
1552 132 1718 179 quadrare.
1738 132 1959 180 Comparatio
1970 131 2061 168 enim
2079 128 2170 170 nihil

330 194 560 237 ambiguitatis
570 191 741 238 relinquit.
757 184 975 223 Melchisedec
987 186 1143 221 Sacerdos
1155 182 1216 218 fuit
1230 185 1305 218 Dei.
1332 181 1477 217 Psalmus
1488 182 1619 215 testatur
1630 179 1722 214 hunc
1742 182 1870 228 Regem
1883 193 1983 228 quem
1995 184 2030 216 in
2042 183 2171 219 dextera

331 243 399 276 Dei
411 241 608 282 collocauit,
618 239 688 274 fore
699 235 941 281 mul'ecundum
950 234 1085 268 ordinem
1096 234 1147 267 M
1149 230 1324 276 elchfidec.
1375 233 1463 277 Qis
1474 242 1545 264 non
1567 230 1655 263 videt
1665 230 1702 262 de
1712 227 1894 263 sacerdotio
1904 229 1969 265 hoc
1981 229 2097 265 debere
2115 234 2172 267 in*
2211 232 2231 277 γζ

330 290 459 338 telligit*
473 291 563 325 Nam
574 292 652 336 quia
664 300 773 322 rarum
786 290 819 321 &
831 284 935 333 prope·
946 282 1106 330 singulare
1118 279 1307 328 exemplum
1320 291 1398 320 erat,
1409 290 1443 313 vt
1452 280 1541 315 idem
1555 279 1626 312 Rex
1637 275 1710 311 esset
1720 290 1757 312 ac
1768 277 2051 315 Sacerdos‚saltem
2062 281 2097 315 in
2107 293 2173 329 Po-

333 338 415 387 pulo
427 341 491 373 Dei
504 350 570 373 erat
582 337 775 372 inusitatum
787 348 794 368 :
808 336 882 368 ideo
894 330 1112 367 Meschisedec
1124 331 1284 377 proponit
1297 326 1418 363 Meffiae
1429 325 1608 373 exemplar.
1617 323 1679 360 acsi
1689 327 1830 371 diceret&
1851 326 1934 361 Non
1946 325 2016 361 fore
2025 330 2172 376 impedi·

333 399 451 423 mento
462 390 585 435 regiam
596 388 794 434 dignitatem
806 383 991 428 quominus
1009 378 1190 414 sacerdotio
1201 390 1338 424 quoque
1347 376 1505 424 fungatur
1514 398 1524 413 ‚
1537 377 1614 421 quia
1628 374 1727 409 huius
1739 376 1784 408 rei
1795 385 1892 422 typus
1903 378 1938 410 in
1951 375 2174 413 Melchisedec
2222 377 2235 414 4ss

332 437 536 484 praeceiserit.
546 438 584 470 Et
595 435 681 469 certe
692 435 887 480 quicunque
900 432 984 463 inter
994 428 1121 463 Iudaeos
1132 425 1206 460 sunt
1217 426 1430 473 aliquantum
1440 423 1638 460 verecundi,
1655 435 1727 457 tum
1741 422 1779 456 dc
1790 421 1906 466 Meffia
1914 422 2174 463 sermonemhi'c
2223 415 2234 463 γ’

333 484 446 519 haberi
463 486 653 520 concedunt
667 509 677 523 ,
688 494 759 515 tum
775 481 874 512 etiam
887 475 1107 512 sacerdotium
1120 477 1190 508 eius
1203 473 1434 509 commendari
1455 486 1525 507 non
1537 471 1701 506 dubitant.
1718 470 1897 506 VbiGraeci
1916 484 2085 508 verterunt
2094 474 2176 514 nard
2211 500 2217 502 -
2231 510 2233 515 ¹

332 537 426 575 ‘so-'3115
438 532 598 567 Hebraice
609 531 729 577 legitur
738 553 747 567 ‚
760 528 919 570 ’ΜΣΝ-’79
933 552 942 566 ,
953 525 1044 573 quod
1056 522 1217 570 significat
1227 523 1329 557 Instar
1339 546 1349 561 ‚
1360 521 1413 557 vel
1422 534 1483 569 pro
1494 524 1621 556 ratione
1640 535 1647 554 :
1671 534 1740 567 qno
1752 518 1967 555 confirmatur
1986 520 2070 565 illud
2081 524 2175 570 quod
2193 550 2197 551 γ
2233 536 2243 550 >=

334 584 401 617 iam
413 583 491 620 dixi,
503 584 580 627 quia
591 592 638 613 res
652 590 717 612 crat
729 575 870 611 minime
883 574 996 609 vsitata
1007 576 1041 608 in
1053 571 1183 620 populo
1194 583 1230 606 vt
1241 573 1326 605 idem
1338 573 1440 618 Regis
1452 573 1485 606 δέ
1497 571 1678 605 Sacerdotis
1690 566 1862 616 personam
1875 567 2060 608 sustineret,
2080 583 2174 612 vetus

333 630 416 665 iliud
428 630 574 678 proponi
586 626 797 674 excipiatque
810 622 944 660 Messias
954 622 1016 657 fuit
1027 619 1361 668 adnbratus.Reliqua
1371 618 1522 655 subtilius
1533 617 1716 667 Apostolus
1728 617 1793 665 ipse
1805 615 1949 653 edisseret
1959 620 1994 652 in
2004 630 2175 670 contextu.

390 717 416 753 7
474 703 552 757 Qi
563 703 601 740 in
611 697 731 739 diebus
746 695 927 752 carnisfiiae
936 710 1042 752 quum
1054 692 1625 749 &precationes,&fiipplicationes
1634 689 1798 745 obtuiisset
1807 705 1881 730 cum
1893 690 2036 732 clamore
2050 693 2173 735 valido

333 759 373 807 ἀ
385 755 580 811 lachrymis,
595 760 626 796 ei
636 759 831 812 quipoterat
839 768 915 793 eum
929 767 975 791 ex
984 761 1090 790 morte
1089 748 1289 803 seruata&
1301 749 1487 788 exauditus
1496 748 1574 805 effet
1582 745 1693 802 exsico
1705 759 1808 788 metu:

390 816 410 854 8
467 813 622 867 Tametsi
630 811 743 852 Filius
755 819 840 856 erat,
852 808 975 848 didicit
987 821 1033 846 cx
1046 811 1091 847 iis
1108 806 1292 862 quaepqssus
1301 810 1363 850 essi,
1372 803 1612 845 obedientiam:
1878 846 1881 849 ,

395 886 416 920 9
475 878 523 911 Et
522 868 769 924 siinft‘ificatus,
780 863 936 906 omnibus
947 867 1007 919 qui
1017 864 1071 904 illi
1079 859 1442 915 obediuntfaffusfuit
1449 861 1544 914 causti
1557 860 1825 915 aeternaefizlutis‚

392 942 433 967 io
493 927 763 981 cognominatus
773 921 793 961 ai
806 929 878 961 Deo
890 919 1064 966 Sacerdos,
1065 918 1253 974 secundum
1263 917 1418 956 ordinem
1429 914 1693 971 (Melchisedec.-
2034 948 2036 951 .

392 999 405 1023 1
412 999 426 1024 i
485 991 542 1023 De
552 995 618 1038 quo
632 978 732 1019 nobis
740 974 991 1030 multusfirnw,
1003 976 1042 1023 ὠ
1052 974 1203 1034 difficilis
1214 973 1392 1028 explicatu:
1405 973 1686 1028 quandoquidem
1693 972 1787 1013 tardi
1786 974 1881 1027 fhft'i
1896 974 1974 1027 estis'
1982 972 2133 1016 auribus.

381 1077 404 1112 7
455 1065 523 1113 Qi
532 1065 564 1097 in
573 1059 711 1101 diebus.)
761 1060 853 1103 Quia
867 1069 964 1091 cruce
974 1068 1009 1090 vt
1019 1056 1204 1104 plurimum
1216 1053 1419 1088 deformatur
1430 1053 1551 1087 Christi
1564 1053 1683 1100 species
1694 1081 1704 1093 ,
1716 1055 1794 1089 dum
1809 1069 1878 1090 non
1889 1053 2096 1090 considerant
2107 1056 2172 1094 ho-

333 1119 442 1152 mines
454 1125 553 1160 quem
566 1113 600 1144 in
612 1108 713 1143 finem
723 1107 920 1142 humiliatus
931 1104 1039 1139 fuerit:
1050 1107 1169 1138 iterum
1181 1103 1277 1137 docet
1291 1100 1472 1149 Apostolus
1482 1103 1574 1148 quo‘d
1587 1105 1676 1149 prius
1686 1106 1836 1151 attigerat
1847 1131 1857 1145 ,
1881 1102 2043 1151 refulgere
2053 1107 2089 1140 in
2111 1106 2174 1143 hac

333 1176 424 1215 Parte
437 1164 554 1196 miram
567 1158 657 1203 illitis
667 1158 867 1192 bonitatem,
877 1154 969 1201 qubd
981 1156 1015 1188 iri
1026 1153 1157 1188 bonum
1171 1153 1319 1186 nostrum
1341 1152 1370 1184 se
1380 1149 1630 1198 infirmitatibus
1641 1150 1760 1186 nostris
1770 1152 1953 1188 subiecerit.
1974 1152 2059 1187 vnde
2069 1166 2170 1203 appa-

332 1226 391 1252 ret,
404 1208 596 1246 confirmati
609 1205 706 1241 fidem
718 1206 874 1240 nostram:
887 1216 956 1237 non
972 1203 1133 1236 imminui
1145 1213 1215 1235 eius
1224 1200 1390 1234 honorem
1404 1223 1414 1237 ‚
1425 1211 1465 1232 eo
1478 1199 1568 1245 quod
1581 1199 1665 1234 mala
1675 1200 1783 1235 nostra
1795 1200 1976 1236 subiecerit.
1989 1202 2083 1236 Duas
2094 1205 2171 1239 auti

331 1260 440 1297 causas
450 1271 508 1293 cur
526 1257 712 1304 oportuerit
726 1251 899 1288 Christum
911 1249 1137 1299 pati,designat
1151 1251 1338 1296 proximam
1351 1251 1383 1282 Sc
1395 1246 1560 1281 Vltimam.
1575 1248 1652 1283 Haec
1672 1252 1825 1296 proxima
1835 1249 1890 1289 est,
1900 1261 1934 1284 vt
1945 1250 2173 1288 obedientiam

333 1309 479 1344 disceret:
492 1306 621 1342 Vltima,
634 1315 668 1337 vt
679 1307 713 1338 in
725 1301 860 1336 sulutem
871 1301 1014 1335 nostram
1029 1300 1094 1333 hoc
1106 1298 1209 1333 modo
1218 1296 1463 1332 consecraretur
1479 1297 1644 1330 Sacerdos.
1671 1300 1751 1331 Dies
1761 1302 1871 1336 carnis,
1885 1300 2014 1333 nemini
2026 1299 2171 1336 dubium

334 1360 378 1394 est
393 1358 446 1392 hic
456 1356 562 1402 accipi
574 1350 794 1402 pro'praesenti
803 1352 882 1385 vita.
892 1349 987 1383 Vnde
999 1346 1126 1395 sequitu
1134 1359 1158 1384 r,
1171 1347 1289 1381 Carnis
1301 1347 1441 1379 nominc
1453 1357 1523 1378 non
1535 1343 1745 1380 substantiam
1758 1349 1867 1382 notari
1877 1370 1886 1384 ,
1899 1345 1950 1381 sed
1961 1346 2169 1394 qualitatem.

332 1404 620 1454 quemadmodum
633 1413 655 1435 i.
668 1399 825 1436 Corinth.
837 1396 973 1446 cap.i5.f.
991 1407 1044 1442 50,
1056 1397 1144 1430 Caro
1157 1399 1188 1430 &
1203 1393 1334 1446 sanguis
1345 1406 1485 1440 regnum
1495 1394 1559 1427 Dei
1573 1406 1643 1428 non
1655 1392 1875 1441 possidebunt.
1894 1394 2071 1443 Desipiunt
2092 1409 2174 1446 ergo

286 1479 288 1481 -
331 1456 467 1490 fanatici
478 1453 635 1488 homines
647 1452 807 1496 quintine
819 1446 990 1481 Christum
1002 1446 1170 1480 somniant
1191 1456 1287 1478 carne
1297 1444 1351 1477 sua
1363 1453 1513 1482 exutum,
1523 1445 1601 1489 quia
1612 1442 1738 1477 dicatur
1750 1442 1904 1496 superasse
1913 1444 1981 1478 dies
1992 1447 2111 1480 carnis.
2125 1448 2174 1480 A·-

114 2442 304 2483 Marasdu.

113 2484 304 2523 &lenm-&46-

330 1505 401 1540 liud
414 1505 503 1538 enim
517 1502 571 1538 est,
583 1497 642 1533 eisc
654 1511 767 1533 verum
780 1497 968 1534 hominem,
980 1492 1106 1528 tametsi
1123 1493 1216 1527 beata
1228 1490 1480 1526 immortalitate
1490 1491 1675 1539 praeditum:
1685 1489 1773 1526 aliud
1785 1493 1845 1526 efle
1855 1492 2040 1527 obnoxium
2052 1493 2176 1529 huma-

331 1556 384 1590 nis
397 1565 458 1587 aeru
467 1552 553 1585 mnis
566 1554 600 1584 &
611 1544 861 1582 infirmitatibus
872 1557 952 1595 quas
963 1541 1114 1577 sustinuit
1124 1542 1275 1576 Christus
1286 1541 1434 1587 quandiu
1446 1539 1620 1574 inmundo
1632 1539 1773 1576 versatus
1786 1541 1840 1579 est,
1852 1553 1944 1576 nunc
1954 1541 2033 1576 verb
2048 1544 2083 1577 in
2094 1543 2175 1579 caelfi

330 1612 483 1649 receptus
492 1598 653 1646 deposuit.
665 1597 767 1631 Nunc
776 1607 846 1628 rem
857 1594 1084 1641 inspiciamus.
1103 1591 1256 1625 Christus
1266 1591 1325 1636 qui
1334 1589 1433 1622 Filius
1446 1599 1512 1622 erat
1523 1612 1532 1626 ‚
1543 1590 1602 1634 qui
1615 1590 1799 1624 remedium
1811 1588 1959 1636 quaefiuit
1970 1591 2056 1638 apud
2068 1592 2175 1632 Patre,
2220 1603 2231 1624 :

333 1653 393 1698 qui
405 1649 466 1684 fuit
479 1648 659 1683 exauditus:
671 1656 783 1679 tamen
795 1653 937 1678 mortem
951 1639 1055 1688 passus
1066 1640 1109 1673 est
1119 1650 1152 1674 vt
1161 1637 1229 1673 hoc
1241 1638 1343 1672 modo
1355 1638 1536 1671 erudiretur
1543 1637 1582 1670 ad
1592 1636 1829 1673 obedientiam.
1846 1637 1994 1686 Singulis
2006 1640 2088 1675 inest
2099 1652 2171 1675 ma-

332 1712 440 1747 gnum
453 1698 594 1745 pondus.
607 1694 696 1729 Nam
709 1705 764 1741 per
775 1693 856 1726 Dies
866 1693 971 1725 carnis
983 1686 1143 1736 fignificat
1156 1697 1287 1735 tempus
1307 1687 1426 1721 nostris
1437 1683 1573 1720 miseriis
1584 1709 1594 1724 ‚
1606 1684 1740 1722 finitum
1753 1685 1919 1734 csse-quod
1931 1700 2004 1722 non
2013 1690 2169 1737 exiguam

332 1749 538 1782 lenatibnem
551 1744 651 1778 affert.
659 1744 698 1776 Et
711 1740 797 1776 certe
809 1740 888 1774 dura
898 1737 972 1773 effct
982 1750 1019 1772 ac
1030 1735 1170 1771 minime
1180 1734 1362 1770 tolerabilis
1371 1735 1525 1769 conditio
1537 1733 1558 1768 si
1569 1734 1681 1769 nullus
1694 1737 1842 1783 patiendi
1853 1735 1928 1770 finis
1938 1736 2174 1773 ostenderetur.

331 1798 412 1832 Tria
425 1797 523 1829 etiam
536 1805 607 1839 quae
619 1789 800 1838 sequuntur
819 1812 829 1827 ‚
842 1801 912 1822 non
922 1799 1038 1835 parum
1050 1786 1175 1819 addunt
1185 1783 1425 1819 consolationis
1439 1806 1448 1821 ,
1468 1783 1571 1818 Filius
1582 1795 1648 1818 erat
1660 1784 1811 1823 Christus
1822 1808 1832 1822 ,
1853 1797 1953 1832 quem
1967 1783 2021 1819 siia
2029 1786 2175 1834 dignitas

334 1846 514 1880 communi
526 1841 609 1876 sorte
620 1838 794 1874 eximebat:
807 1841 964 1879 &tamen
975 1835 1041 1870 huc
1054 1833 1081 1868 se
1095 1834 1204 1868 nostra
1214 1830 1306 1867 causa
1316 1831 1454 1866 demisit.
1474 1834 1562 1878 Quis
1574 1845 1665 1867 nunc
1675 1832 1869 1868 mortalium
1881 1833 2018 1868 eandem
2029 1833 2174 1870 recusate

334 1894 569 1929 conditionem
580 1889 695 1924 audeat
705 1891 719 1920 ?
729 1886 864 1922 Accedit
875 1883 973 1918 altera
985 1885 1081 1922 ratio,
1091 1881 1183 1929 quod
1193 1880 1214 1916 fi
1225 1879 1321 1915 rebus
1329 1878 1466 1914 aduersis
1478 1883 1746 1927 premimur‚non
1758 1882 2008 1930 expungimus&
2022 1881 2172 1918 filiorum

334 1943 402 1977 Dei
414 1952 575 1975 numero:
598 1949 703 1983 quum
717 1945 917 1983 praeeuntem
929 1943 1102 1966 cernamus
1114 1943 1190 1964 eum
1202 1932 1261 1976 qui
1273 1927 1360 1963 solus
1370 1940 1486 1963 natura
1497 1928 1595 1962 Filius
1607 1941 1684 1963 erat.
1704 1930 1793 1965 Nam
1805 1930 1897 1976 quod
1910 1943 1970 1964 nos
1983 1929 2043 1972 filii
2060 1931 2176 1966 cense-

335 2002 422 2027 mur,
434 1990 464 2022 id
481 1986 515 2022 fit
528 1987 720 2033 adoptionis
731 1984 888 2017 duntaxat
896 1978 1073 2015 beneficio.
1095 1989 1216 2025 quaten
1223 1991 1257 2011 us
1269 1990 1330 2012 nos
1345 1980 1379 2011 in
1391 1975 1582 2011 societatem
1593 1975 1682 2012 suam
1693 1979 1838 2012 admittit
1848 1981 1906 2024 qui
1918 1977 2007 2013 solus
2025 1981 2096 2013 iure
2113 1978 2174 2016 suo

333 2038 426 2074 hunc
440 2037 673 2071 sibilionorem
688 2032 849 2079 vendicat.
899 2030 1126 2077 thpreces.
1160 2025 1349 2061 Secundum
1363 2026 1473 2060 hocin
1485 2026 1620 2060 Christo
1631 2029 1729 2074 ponit
1739 2051 1748 2064 ‚
1763 2024 1870 2074 ipsum
1883 2026 1939 2061 vbi
1950 2027 2104 2067 decebat,
2121 2041 2174 2064 re-

335 2087 486 2121 medium
499 2080 652 2131 quaesiilse
663 2093 695 2115 vt
707 2082 724 2115 a
736 2078 829 2114 malis
839 2077 1039 2112 liberaretur.
1050 2079 1160 2122 Atque
1171 2075 1235 2109 hoc
1246 2075 1327 2108 dicit
1338 2076 1455 2120 nequis
1467 2075 1670 2121 imaginetur
1698 2074 1868 2109 Christum
1883 2074 1988 2110 ferreo
1999 2075 2091 2110 fuisse
2100 2080 2176 2112 ani·
2207 2090 2212 2098 ’

335 2148 394 2170 mo
403 2160 412 2173 ,
441 2137 499 2182 qui
511 2131 596 2168 nihil
610 2130 747 2164 senserit.
770 2128 897 2175 semper
908 2128 998 2160 enim
1029 2123 1242 2172 spectandum
1262 2135 1319 2157 cut
1331 2125 1476 2170 quicque
1487 2123 1623 2156 dicatur.
1657 2124 1690 2157 Si
1703 2123 1801 2157 nullo
1811 2123 1927 2158 dolore
1938 2126 2044 2160 taetus
2064 2124 2173 2162 fuiss-:t

336 2184 499 2220 Christus,
512 2180 603 2216 null-³.
614 2193 651 2214 ex
663 2180 731 2213 eius
744 2175 946 2225 passionibus
956 2172 1142 2208 consolatio
1152 2173 1191 2206 ad
1203 2184 1262 2206 nos
1272 2172 1398 2206 rediret.
1410 2182 1441 2204 at
1453 2184 1559 2217 quum
1570 2172 1723 2206 audimus
1734 2170 1956 2207 acerbissimos
1967 2169 2072 2220 ipsum
2085 2186 2174 2221 quo-

335 2246 400 2279 que
410 2233 515 2266 animi
527 2230 689 2264 cruciatus
702 2224 875 2275 pertunde,
887 2222 1068 2257 similitudo
1080 2225 1144 2255 iam
1159 2220 1256 2256 nobis
1268 2221 1406 2254 constat.
1416 2219 1578 2256 Christus,
1589 2222 1712 2266 inquit,
1724 2234 1793 2256 non
1806 2221 1880 2256 ideo
1893 2232 2036 2255 mortem
2050 2226 2083 2256 &
2096 2222 2175 2258 reli-

334 2294 415 2326 quas
427 2291 588 2315 :erumnas
600 2273 710 2316 subiit,
721 2277 798 2321 quia
808 2282 1051 2311 contemneret,
1062 2270 1114 2304 vel
1127 2268 1223 2304 nullo
1235 2267 1312 2304 mali
1326 2267 1416 2303 sensu
1428 2280 1630 2316 premeretur
1643 2280 1650 2300 :
1662 2269 1852 2317 deprecatus
1866 2270 1909 2304 est
1920 2272 2011 2304 enim
2026 2283 2104 2305 cum
2122 2270 2172 2306 la·-

335 2326 619 2375 chrymis,quibus
631 2324 799 2359 summum
815 2323 920 2357 animi
932 2320 979 2355 sui
989 2331 1148 2367 angorem
1157 2317 1289 2353 testatus
1301 2318 1354 2351 est.
1365 2319 1452 2365 Ergo
1464 2329 1520 2365 per
1529 2316 1711 2362 lachrymas
1726 2322 1759 2353 ὅ(
1772 2317 1917 2352 validum
1930 2317 2109 2353 clamorem
2122 2322 2173 2353 A.

336 2377 484 2426 postolus
495 2376 739 2410 vehementiam
752 2371 878 2406 doloris
891 2371 1071 2417 exprimere
1084 2366 1204 2402 voluit:
1215 2378 1247 2400 vt
1261 2365 1334 2400 satis
1350 2364 1501 2400 vsitatum
1512 2367 1555 2401 est
1567 2396 1577 2410 ,
1588 2378 1656 2400 rem
1669 2366 1687 2400 ὲ
1699 2365 1797 2414 signis
1809 2378 1934 2401 notare.
1958 2367 2031 2402 Nec
2052 2367 2173 2404 dubito

335 2430 419 2473 quin
429 2428 467 2460 de
484 2425 539 2459 illa
549 2424 740 2472 precatione
752 2420 908 2467 loquatur
917 2430 1019 2465 quani
1031 2414 1244 2463 Euangelistae
1255 2413 1412 2464 referunt,
1425 2417 1528 2453 Pater,
1543 2413 1563 2450 si
1575 2413 1644 2448 fieri
1660 2416 1764 2462 potest
1778 2441 1788 2455 ,
1808 2414 1946 2450 tollatur
1955 2416 1973 2449 ὲ
1985 2429 2038 2450 me
2049 2415 2133 2451 calix
2143 2419 2173 2451 i-

335 2476 389 2509 ste.
402 2478 483 2509 Item
495 2475 534 2507 de
544 2472 654 2509 altera,
666 2472 757 2505 Deus
769 2481 873 2505 meus,
884 2469 976 2501 Deus
988 2478 1092 2502 meus,
1106 2476 1140 2498 vt
1151 2464 1232 2511 quid
1242 2461 1442 2509 dereliquisti
1455 2476 1507 2498 me
1517 2467 1531 2495 ?
1541 2464 1630 2498 Nam
1643 2465 1678 2497 in
1689 2462 1973 2504 secunda,mentio
1985 2462 2020 2498 fit
2032 2465 2121 2512 apud
2129 2467 2173 2499 E-

335 2522 544 2570 muge-listas,
555 2520 655 2555 validi
665 2518 833 2554 clamoris:
847 2519 882 2551 in
893 2518 1002 2564 priore
1013 2527 1082 2548 non
1093 2514 1136 2546 est
1145 2511 1301 2547 credibile
1311 2510 1413 2546 siccos
1426 2510 1518 2546 fuisse
1527 2511 1644 2547 oculos
1655 2534 1664 2549 ‚
1677 2525 1781 2558 quum
1796 2524 1859 2560 prae
1872 2514 2003 2558 ingenti
2016 2513 2174 2549 moestitia

335 2584 435 2619 gutta:
448 2569 631 2617 sanguinea:
643 2580 679 2601 cx
694 2578 767 2601 toto
779 2577 919 2612 corpore
930 2562 1079 2598 fluerent.
1092 2563 1231 2597 Certum
1243 2561 1380 2608 quidem
1392 2561 1446 2599 est,
1458 2563 1493 2595 in
1506 2573 1663 2595 extremas
1673 2561 1835 2608 angustias
1846 2571 1926 2595 tunc
1938 2559 2029 2595 fuisse
2040 2563 2170 2598 coaCffl.

335 2634 414 2668 ergo
429 2624 461 2655 δέ
477 2622 561 2653 veris
572 2615 745 2651 doloribus
758 2612 877 2662 pressus
888 2611 961 2652 fuit,
975 2616 1009 2646 δέ
1020 2609 1101 2645 scrib
1111 2612 1219 2644 orauit
1228 2611 1321 2645 Patre
1333 2620 1367 2644 vt
1379 2609 1437 2643 sibi
1449 2622 1549 2657 opem
1560 2608 1665 2642 ferret.
1677 2607 1848 2655 Qorsum
1860 2608 1925 2643 lioc
1935 2611 2077 2656 pertinet
2086 2613 2100 2642 ,ἓ
2111 2611 2176 2644 τιέ-

360 2684 375 2703 e
387 2681 420 2704 vt
432 2670 563 2715 quoties
575 2679 636 2699 nos
648 2675 765 2712 vrgent
775 2675 811 2697 ac
823 2664 1010 2696 excruciant
1022 2660 1131 2694 nostra
1143 2658 1240 2698 mala,
1250 2661 1285 2693 in
1298 2661 1495 2692 memoriam
1509 2657 1606 2693 nobis
1618 2659 1724 2692 redcat
1734 2657 1834 2691 Pilius
1857 2658 1920 2691 Dei
1930 2661 1988 2704 qui
2000 2657 2113 2692 iisdem
2125 2657 2175 2692 la-

333 2682 479 2753 borauit.
496 2715 642 2762 quandiu
655 2725 764 2747 autem
778 2710 833 2745 ille
847 2723 911 2744 nos
921 2711 1023 2757 praeit,
1037 2722 1107 2743 non
1119 2708 1162 2742 est
1172 2705 1346 2742 deficiendi
1358 2706 1460 2741 causa.
1470 2705 1578 2741 Simul
1590 2717 1701 2740 tamen
1710 2707 1942 2743 admonemur,
1955 2719 2026 2741 non
2037 2705 2172 2741 aliunde

334 2769 371 2801 in
384 2765 478 2801 malis
490 2763 624 2798 salutem
637 2760 696 2796 effe
706 2760 894 2809 petendam,
908 2759 1009 2804 quam
1021 2756 1060 2791 ab
1074 2769 1141 2791 vno
1150 2758 1236 2790 Dco.
1247 2769 1319 2802 quae
1332 2757 1421 2790 enini
1432 2755 1531 2790 nobis
1544 2754 1664 2788 melior
1675 2755 1791 2789 orandi
1799 2752 1923 2802 regula,
1934 2755 2034 2801 quam
2048 2755 2174 2790 Christi

335 2813 526 2862 exemplum
537 2819 546 2844 ?
560 2810 616 2845 ille
642 2821 753 2844 autem
765 2809 852 2843 resta
860 2807 900 2841 ad
908 2808 1035 2840 Patrem
1048 2807 1076 2839 se
1087 2803 1242 2851 contulit:
1252 2815 1351 2851 atque
1363 2806 1406 2838 ira
1419 2802 1534 2838 debere
1546 2802 1613 2837 ficri
1623 2803 1747 2838 indicat
1756 2801 1935 2850 Apostolus
1945 2828 1956 2843 ‚
1977 2816 2080 2850 quum
2091 2804 2174 2839 dicit

334 2861 488 2900 obtuliise
501 2872 611 2909 preces
623 2861 653 2892 ei
664 2862 722 2905 qui
733 2860 856 2904 eripere
867 2857 884 2890 ὲ
898 2866 1005 2889 morte
1018 2865 1154 2900 poterat.
1166 2853 1255 2888 Nam
1269 2852 1320 2887 his
1333 2852 1440 2887 verbis
1451 2851 1689 2899 significantia}
1700 2865 1776 2886 curn
1787 2847 1906 2892 orasse,
1925 2854 2004 2897 quia
2015 2852 2054 2885 ad
2065 2861 2173 2888 vnum

332 2915 444 2949 Deum
458 2910 668 2945 liberatorem
680 2905 878 2952 confugerit.
915 2903 1087 2948 Lachrymae
1101 2906 1137 2941 ej·
1147 2904 1261 2935 clamor
1268 2901 1416 2935 ardorem
1429 2904 1461 2935 &
1475 2903 1637 2935 intentius
1648 2900 1802 2947 precandi
1812 2899 1954 2933 studium
1967 2899 2064 2934 nobis
2077 2913 2175 2935 corn-

334 2961 504 2997 mendant.
514 2957 635 3002 Neque
646 2957 735 2989 enim
748 2952 969 2990 desuiio‘torie,
982 2949 1033 2986 sed
1046 2950 1237 2986 ardentibus
1249 2951 1335 2984 votis
1347 2949 1490 2984 orandus
1513 2950 1556 2983 est
1567 2948 1665 2983 nobis
1674 2950 1775 2982 Deus.
1804 2951 1845 2981 Et
1856 2946 2037 2983 exauditus.
2068 2948 2174 2994 Qod

333 3008 568 3045 transtulerunt
577 3004 649 3042 alii,
661 3006 722 3037 l'to
736 3001 788 3037 sua
800 3002 994 3036 reuerentia:
1008 3000 1091 3034 inihi
1105 3011 1315 3046 nequaquam
1327 2997 1444 3046 placet.
1459 2998 1607 3032 Primum
1621 2996 1676 3031 sim
1683 2996 1812 3044 pliciter
1821 2995 1964 3033 εὐλοίβειαν
1973 2999 2083 3045 ponit,
2097 3010 2173 3032 non

333 3056 519 3093 suz'izdeinde
530 3055 573 3088 est
584 3054 639 3094 ἐπὶ,
651 3065 721 3087 non
734 3056 798 3093 ἰόφ,
815 3061 871 3083 aut
883 3048 1009 3094 aliquid
1021 3047 1125 3083 simile
1135 3048 1226 3096 quod
1237 3045 1365 3082 causam
1376 3045 1530 3094 designet.
1542 3047 1624 3093 Qu
1634 3047 1736 3093 igitur
1747 3042 1878 3082 εὐλάβειαι
1900 3047 2021 3080 Graecis
2034 3046 2170 3093 piei-un-

335 3120 399 3154 que
411 3106 445 3140 sit
458 3115 565 3139 metus
576 3102 628 3136 vel
638 3099 900 3136 solicitudomon
910 3096 1028 3131 dubito
1038 3099 1119 3143 quin
1132 3094 1292 3143 significet
1302 3094 1484 3142 Apostolus
1495 3097 1684 3129 exauditum
1694 3092 1786 3128 fuiffe
1798 3093 1967 3128 Christum
1980 3106 2017 3128 ex
2027 3108 2068 3130 eo
2078 3093 2174 3141 quod.

335 3154 483 3190 timebat:
496 3166 536 3187 ne
548 3151 669 3186 scilicet
683 3149 777 3184 malis
791 3147 931 3182 obrutus
941 3143 1179 3182 succumberet,
1192 3143 1242 3177 vel
1255 3155 1361 3178 morte
1372 3141 1607 3178 absorberetur.
1619 3142 1709 3177 Nam
1719 3142 1833 3177 adhoc
1854 3155 1990 3189 quoque
2003 3153 2172 3177 certamen

335 3203 501 3238 descendit
513 3199 613 3234 Filius
627 3201 704 3235 Dei,
715 3210 785 3231 non
797 3194 890 3242 qubd
900 3192 1084 3227 diffidentia
1093 3192 1302 3230 laborauerit‚
1315 3204 1351 3226 ex
1363 3205 1427 3238 qua
1439 3193 1644 3239 proueniunt
1655 3204 1774 3226 omnes
1785 3192 1886 3226 nostri
1898 3186 2073 3228 mettis,sed
2083 3191 2175 3237 quod

335 3250 424 3287 sensu
437 3252 542 3285 carnis
554 3246 739 3283 sustinuerit
747 3247 811 3279 Dei
823 3243 986 3277 iudicium
1017 3243 1111 3277 cuius
1121 3253 1225 3276 terror
1235 3239 1301 3275 sine
1314 3240 1417 3275 arduo
1430 3251 1552 3275 conatu
1573 3241 1663 3274 vinci
1676 3252 1745 3274 non
1757 3251 1894 3288 poterat.
1915 3239 2172 3285 Chrysostomus

336 3300 459 3334 Christi
469 3299 665 3344 dignitatem
676 3298 908 3341 interpretatur
917 3314 928 3331 ‚
939 3303 1039 3337 quarn
1051 3292 1210 3325 reueritus
1221 3289 1475 3335 quodammodo
1487 3287 1584 3324 fuerit
1594 3289 1695 3322 Pater.
1718 3289 1810 3335 quod
1821 3289 1865 3323 est
1876 3286 2061 3323 absurdum.
2101 3287 2172 3322 Alii

334 3351 492 3397 pietatem
501 3344 708 3392 intelligunt:
718 3342 832 3379 verum
844 3338 1004 3389 expositio
1015 3351 1117 3386 quarn
1128 3339 1247 3374 adduxi
1258 3337 1367 3373 multo
1377 3340 1486 3385 aptior
1504 3337 1560 3381 est,
1570 3347 1631 3373 nec
1642 3335 1744 3386 longa
1754 3335 2015 3374 confirmatione
2023 3335 2163 3382 indiget.

2067 3383 2172 3420 Perre>

2266 2005 2268 2011 .
2260 1942 2268 1983 Aa.
2262 1857 2268 1927 ..».„
