2268 3705
331 114 444 163 AD
494 106 1172 157 PHILIPPENSES
1221 105 1398 157 CAP·
1446 114 1550 159 111.
1836 121 1912 174 '407

118 200 166 226 10*
205 192 256 224 vt
265 184 553 235 cognavftams'pstam.)
603 179 770 215 Describit
779 182 896 214 vim&
909 191 1061 215 naturam
1072 178 1166 216 fidei:
1187 179 1281 229 quod
1292 181 1416 217 scilicet
1428 182 1467 218 fit
1477 185 1602 221 Christi
1613 192 1767 236 cognitio
1779 205 1787 227 ε
1799 206 1862 231 nec
1873 210 1910 233 ea

70 241 163 279 nuda
171 237 223 272 vel
232 233 376 272 confusa,
389 230 441 266 sed
449 232 528 265 dum
540 231 724 278 percipitur
739 231 842 263 virtus
851 225 1097 266 resurrectionis
1107 227 1218 276 ipfius.
1269 231 1523 274 ResisrreHionem
1530 234 1641 281 posuit
1651 251 1713 285 pro
1722 243 1910 292 redemptio

72 292 126 326 nis
134 284 396 334 complemento:
404 283 450 314 ita
459 289 495 314 vt
503 289 648 313 mortem
659 275 718 322 sub
726 275 757 312 se
766 279 948 312 contineat.
977 278 1037 312 Sed
1047 280 1126 325 quia
1136 289 1254 327 parum
1267 279 1328 317 est,
1343 279 1513 316 Christum
1524 283 1700 329 agnoscere
1709 290 1909 329 crucifixum

74 341 109 373 &
118 337 293 371 excitatum
303 332 321 365 a
332 330 484 366 mortuis,
495 325 554 361 nifi
566 325 712 364 frudkum
723 325 1101 374 quoqueapprehendas:
1111 329 1315 362 nominatim
1326 328 1364 361 de
1375 327 1519 364 efficacia
1527 329 1688 378 loquitur.
1719 338 1817 373 Tunc
1826 354 1907 389 ergo

69 385 131 420 tite
141 378 348 430 cognoscitur
356 377 519 415 Christus,
529 375 610 409 dum
619 372 778 409 sentimus
789 374 869 422 quid
883 372 986 408 valeat
996 387 1085 409 mors
1096 378 1166 410 eius
1177 379 1211 411 Sc
1221 374 1462 416 resurreetio&
1473 378 1614 425 qualiter
1625 383 1660 416 in
1673 382 1773 420 nobis
1783 386 1820 420 sit
1831 389 1908 423 efli-

69 444 138 469 cax.
161 429 289 466 Omnia
296 437 404 461 autem
415 423 485 458 illic
496 421 595 458 nobis
607 420 680 457 sunt
690 421 803 471 pofita:
822 425 966 470 expiatio
980 427 1012 457 ὅ(
1025 423 1166 459 abolitio
1176 427 1313 472 peccati,
1325 424 1477 461 liberatio
1486 428 1505 465 a
1514 428 1806 472 reatu,sat1·sfactio,
1814 448 1906 471 mor-

69 483 113 515 tis
124 478 280 514 victoria,
298 474 427 509 iustitiae
435 470 628 519 acquisitio,
640 469 710 519 spes
722 470 822 505 beatae
833 470 1106 507 immortalitatis.
1157 474 1498 509 &communicationem
1509 478 1683 524 paffionum.
1720 481 1902 529 Postquam

68 530 108 563 de
117 526 255 576 gratuita
265 523 385 558 iustitia
394 521 555 567 loquutus
567 519 621 558 est,
633 531 734 566 quam
748 517 984 555 resurrectione
997 519 1120 557 Christi
1130 531 1269 567 partam,
1278 519 1341 557 fide
1351 522 1543 559 obtinemus
1556 538 1564 559 :
1575 524 1695 563 subiun
1721 530 1747 562 it
1757 530 1797 564 de
1808 544 1900 566 exer—

68 578 155 612 citiis
163 575 298 622 piorum
315 595 325 609 ‚
335 569 434 616 idque
443 582 486 604 ne
495 569 644 603 videatur
659 566 801 602 otiosam
819 566 919 602 fidem
929 568 1083 603 inducere
1095 580 1166 614 quae
1174 567 1288 603 nullos
1298 573 1401 617 pariat
1411 569 1544 611 effecius
1555 576 1591 609 in
1603 577 1681 611 vita,
1732 587 1745 611 t
1755 575 1904 615 subindi-

69 634 131 664 cat,
139 623 208 657 haec
218 617 277 655 effe
287 618 391 654 studia
399 616 521 665 quibus
532 618 674 652 exerceri
684 613 759 651 suos
769 615 848 651 velit
859 617 1032 651 Dominus
1045 630 1054 650 ι
1065 629 1172 664 quum
1193 615 1304 653 ieiuna
1313 622 1578 656 ceremoniarum
1589 621 1751 660 elementa
1761 626 1902 674 pseudo-

65 668 441 720 apostoliobtruderent·
451 667 523 712 Q
533 677 612 713 ergo
623 662 688 699 fide
697 676 840 713 compos
853 663 1007 700 estfaekus
1019 667 1175 700 omnium
1185 664 1354 700 bonorum
1367 668 1503 705 Christi,
1521 672 1548 703 is
1558 669 1616 704 sibi
1625 674 1829 721 propomam
1843 676 1904 712 effe

66 719 298 756 conditionem
309 714 475 763 agnoscat,
488 724 522 748 vt
533 724 603 748 tota
614 715 681 747 vita
689 711 917 762 configuretur
928 715 1030 748 morti
1042 716 1121 748 eius.
1131 712 1297 750 Caeterum
1307 714 1429 762 duplex
1439 717 1482 750 est
1495 715 1630 754 societas
1642 724 1675 755 δι
1708 729 1905 761 communia

65 770 153 803 catio
165 768 282 801 mortis
292 764 426 799 Christi.
438 762 549 797 Altera
559 759 603 796 est
616 763 767 798 interior,
779 773 880 807 quam
890 762 1057 809 Scriptura
1066 774 1184 797 vocare
1193 761 1274 799 solet
1285 762 1582 800 mortificationem
1594 772 1712 811 carnis,
1725 784 1781 807 aut
1793 777 1902 812 cruci-

63 815 226 854 fixionem
236 815 352 848 veteris
361 812 522 848 hominis:
534 810 573 844 de
583 822 648 856 qua
658 811 774 846 tractat
784 808 904 844 Paulus
915 810 954 843 ad
962 811 1139 846 Romanos
1149 812 1258 858 capite
1266 808 1365 846 sexto.
1379 811 1489 847 Altera
1501 812 1544 847 est
1557 819 1709 856 exterior,
1718 832 1790 866 quae
1800 834 1902 858 voca-

65 876 119 900 tur
130 861 344 900 mortificatio
355 861 479 897 externi
489 859 650 893 hominis:
663 870 698 895 ea
708 858 751 892 est
762 860 868 893 crucis
878 856 1066 896 tolerantia,
1077 860 1118 894 de
1127 871 1192 908 qua
1203 863 1318 895 tractat
1327 862 1451 899 oCtauo
1461 861 1605 897 eiusdem
1615 866 1758 912 epistolae
1778 873 1907 918 capite,

62 924 162 961 atque
171 910 228 947 hic
237 913 349 949 etiam,
360 907 421 946 nisi
431 905 539 945 fallor.
547 907 638 942 Nam
649 905 721 954 post
731 906 1004 953 comprehensam
1015 906 1262 944 resurrectionis
1273 911 1428 944 virtutem
1442 936 1452 950 ,
1473 914 1676 960 proponitur
1688 915 1785 951 nobis
1798 918 1900 953 Chri-

63 960 132 995 stus
139 956 327 996 crucifixus,
340 968 375 992 vt
386 969 442 1005 per
451 954 683 991 tribulationes
694 957 728 989 δι
739 967 900 990 aerumnas
911 954 1018 1003 ipsum
1029 953 1212 1004 sequamur:
1223 956 1365 1003 ideoque
1375 969 1586 994 mortuorum
1599 960 1791 999 resurrectio
1803 965 1901 1002 diser-

63 1009 97 1044 te
108 1009 303 1057 exprimitur
312 1028 323 1044 ,
347 1017 383 1040 vt
393 1005 531 1041 sciamus
542 1003 754 1038 moriendum
771 999 831 1038 else
845 1014 1025 1051 antequam
1037 1007 1201 1040 viuamus.
1215 1005 1296 1040 Haec
1305 1007 1349 1040 est
1367 1010 1530 1042 continua
1539 1007 1687 1045 fidelium
1708 1013 1893 1055 meditatio,

62 1056 210 1106 quandiu
245 1056 472 1102 eregrinantur
480 1055 516 1087 in
525 1063 619 1086 terra.
631 1052 711 1086 Haec
720 1051 794 1086 vere
805 1053 926 1086 eximia
936 1053 979 1086 est
989 1051 1176 1088 consolatio
1186 1076 1197 1091 ,
1220 1054 1312 1103 quod
1321 1056 1356 1088 in
1367 1054 1526 1090 omnibus
1538 1056 1676 1093 miset-513
1684 1058 1796 1096 sumus
1816 1061 1898 1097 socii

62 1107 170 1142 crucis
181 1105 222 1139 -C
248 1103 333 1140 risti,
352 1102 374 1136 fi
386 1101 497 1136 sumus
506 1102 576 1135 eius
588 1099 757 1137 membra,
782 1110 817 1134 vt
828 1112 884 1147 per
893 1098 1091 1136 afflictiones
1109 1104 1162 1137 via
1175 1102 1273 1137 nobis
1285 1114 1392 1151 pateat
1407 1104 1446 1140 ad
1457 1116 1611 1141 aeternam
1631 1106 1872 1146 beatitudinem
1887 1137 1900 1153 ,

61 1152 346 1202 quemadmodum
355 1149 435 1184 alibi
444 1148 595 1186 habetur,
606 1149 639 1183 Si
649 1149 905 1185 commorimur,
915 1148 1011 1183 simul
1021 1152 1184 1185 viuemus:
1195 1149 1218 1184 fi
1228 1153 1465 1199 compatimur,
1477 1151 1573 1188 fimul
1582 1155 1808 1202 regnabimus·
1820 1161 1899 1196 Huc
1916 1187 1933 1209 2
1943 1177 1981 1210 1·
2016 1189 2031 1210 2
2048 1178 2108 1210 bis*

62 1204 166 1251 igitur
173 1209 383 1248 comparatos
393 1196 453 1233 eisc
463 1209 525 1232 nos
537 1209 654 1232 omnes
663 1199 826 1231 conuenit
835 1219 845 1234 ,
855 1207 891 1231 vt
899 1208 970 1231 tota
979 1199 1047 1231 vita
1058 1199 1179 1235 nostra,
1191 1198 1279 1233 nihil
1291 1201 1391 1249 quam
1403 1204 1519 1236 mortis
1536 1203 1718 1250 imaginem
1731 1207 1901 1254 represen,
1935 1201 1942 1211 ·
1971 1189 2013 1220 tm.
2034 1201 2041 1212 .
2065 1203 2070 1212 .
2099 1202 2107 1213 .

62 1261 122 1289 ter,
129 1250 236 1284 donec
247 1259 391 1283 mortem
400 1244 506 1295 ,ipsam
517 1248 628 1293 pariat.
641 1246 746 1279 Sicuti
757 1247 824 1280 vita
833 1243 957 1280 Christi
966 1245 1054 1280 nihil
1062 1246 1153 1282 aliud
1162 1246 1226 1282 fuit
1236 1248 1337 1294 quam
1351 1252 1468 1283 mortis
1477 1249 1685 1297 praeludium.
1695 1254 1756 1289 Sed
1765 1256 1828 1290 hac
1837 1260 1900 1292 εὸ-

61 1297 224 1335 solatione
234 1298 357 1332 interea
365 1291 520 1334 fruimur,
530 1293 623 1341 quod
640 1291 716 1327 finis
728 1293 772 1327 est
780 1304 900 1328 aeterna
907 1291 1091 1328 beatitudo.
1103 1297 1198 1330 Mors
1208 1297 1299 1331 enim
1311 1296 1434 1334 Christi
1445 1310 1523 1333 cum
1533 1298 1769 1337 resurrectione
1777 1298 1901 1341 coniti--⁸

61 1349 117 1384 &a
124 1346 178 1381 est.
186 1345 264 1380 Ideo
273 1346 356 1379 dicit
365 1342 497 1380 Paulus,
508 1340 538 1376 se
549 1344 618 1377 eius
629 1343 731 1377 motti
741 1340 809 1376 fieri
817 1340 1041 1380 conformem,
1051 1354 1086 1377 vt
1095 1343 1134 1377 ad
1146 1342 1288 1391 gloriam
1299 1345 1546 1381 resurrectionis
1555 1352 1739 1395 perueniat.
1748 1353 1896 1390 Particu-

59 1393 189 1442 lafiquo
198 1393 296 1432 modo,
307 1406 378 1428 non
390 1392 433 1426 cst
443 1389 674 1429 dubitationis,
686 1388 738 1424 sed
748 1387 980 1425 difficultatem
989 1402 1097 1431 notat,
1110 1391 1276 1426 excitandi
1286 1392 1384 1426 studii
1393 1394 1497 1429 nostri
1511 1394 1613 1430 causa:
1625 1410 1734 1445 neque
1745 1403 1835 1437 enim
1846 1402 1896 1438 le-

4 1453 6 1455 ’
58 1455 101 1478 ue
109 1453 275 1478 certamen
285 1441 341 1496 e),
351 1442 432 1475 dum
441 1438 609 1476 luctamur
616 1452 696 1474 curn
705 1448 757 1473 tot
766 1450 803 1472 ac
815 1441 915 1474 tantis
924 1437 1112 1473 obstaculis.
1892 1448 1896 1452 ¹

113 1520 152 1545 12
208 1514 300 1557 Qn
308 1504 476 1561 qubdiam
485 1503 772 1562 apprehenderim,
784 1514 846 1543 aut
857 1507 928 1544 iam
929 1502 1101 1559 perseci‘us
1108 1505 1190 1562 fim:
1199 1503 1329 1563 sequor
1335 1517 1449 1548 autem
1451 1507 1491 1564 ,si
1498 1521 1555 1564 ego
1565 1522 1700 1567 quoqqe
1710 1513 1891 1568 apprehen.

57 1561 495 1617 dam‚quem4dmodum,&
503 1557 803 1616 apprehenfusfitm
811 1560 831 1600 ὰ
844 1557 980 1600 Christo
991 1572 1009 1602 1
1013 1558 1076 1613 este.
1931 1610 1934 1613 ι
1977 1602 1979 1604 ,

113 1632 143 1670 13
202 1626 354 1665 Fratres,
365 1631 423 1672 ego
437 1616 598 1672 meipsum
605 1615 765 1655 nondum
775 1613 919 1657 arbitror
929 1613 1193 1675 apprehendtffi:
1202 1622 1317 1666 vnum
1326 1631 1439 1662 autem
1448 1651 1461 1669 ,
1490 1635 1530 1663 ea
1545 1635 1618 1677 qua
1627 1621 1802 1679 atrofiam
1808 1625 1890 1668 obli„

54 1686 121 1722 cus,
134 1674 230 1714 adea
237 1688 310 1729 quae
319 1671 492 1727 antestant,
501 1684 558 1711 me
566 1671 776 1719 extendens,
902 1699 903 1702 η
1883 1677 1894 1685 ⁴

113 1745 160 1781 14
215 1726 674 1784 Secundumfiopumstquor
680 1726 1035 1784 adpalmamfiapemae
1041 1733 1237 1770 *vocationis
1249 1733 1317 1772 Dei
1324 1735 1365 1772 in
1377 1732 1509 1785 Christo
1519 1734 1600 1788 Iefia.

116 1801 190 1882 “ab
205 1781 720 1842 Qicunquopetftfflfiemus
731 1813 742 1830 ,
752 1782 814 1824 hoc
809 1782 1004 1839 sentiamus
1017 1796 1026 1818 τ
1041 1785 1083 1832 &⁴
1091 1785 1116 1845 (i
1117 1786 1208 1841 quid
1212 1787 1312 1828 aliter
1310 1785 1454 1842 sentitis
1469 1819 1480 1837 ,
1494 1795 1599 1831 etiam
1607 1788 1672 1830 hoc
1681 1790 1785 1832 vobis
1792 1802 1891 1838 Deus

54 1842 151 1886 renel
190 1845 228 1882 it.
740 1854 745 1865 ⁷
1218 1852 1219 1855 ¹
1239 1852 1244 1859 ·

109 1906 149 1938 16
204 1894 370 1937 Catert‘cm
379 1895 679 1954 qubperuenimus,
692 1907 738 1935 vt
743 1899 838 1940 idem
841 1891 1043 1949 sentiamus,
1055 1897 1175 1940 eadem
1179 1895 1402 1955 precedamus
1408 1902 1532 1959 regula.

109 1969 152 2006 17
210 1952 317 1995 Simul
321 1957 511 1994 imitatores
519 1955 588 1992 mei
597 1951 837 2005 estotefratres,
852 1953 893 2000 ά
903 1953 1106 2008 confiderate
1117 1969 1174 1997 eos
1183 1956 1295 2012 quisti·
1302 1955 1482 1998 ambulant
1500 1978 1514 2000 .·
1526 1960 1817 2014 quemadmodum
1824 1978 1893 2006 nos,

53 2009 250 2066 habeta-pro
257 2010 454 2066 exemplari.
1874 2063 1880 2068 ⁹

99 2079 132 2102 12
183 2067 223 2100 N
224 2079 261 2100 on
267 2065 349 2111 quod
358 2070 421 2100 tam
431 2064 702 2115 apprehenderim.)
756 2067 795 2100 In
811 2064 877 2100 hoc
887 2065 1055 2100 incumbit
1066 2068 1130 2101 Pau
1137 2066 1186 2102 lus
1193 2093 1205 2107 ‚
1219 2078 1255 2102 vt
1265 2067 1531 2116 Philippensibus
1540 2070 1727 2119 persuadeat
1736 2096 1748 2111 ‚
1757 2073 1844 2109 nihil
1852 2087 1892 2109 a-.

50 2115 122 2150 liud
132 2117 278 2162 cogitare
289 2115 390 2160 quam
400 2114 582 2152 Christum,
595 2113 680 2148 nihil
691 2112 780 2148 aliud
791 2111 910 2161 sapere,
919 2114 1008 2148 nihil
1017 2114 1107 2149 aliud
1117 2127 1282 2164 appetere,
1292 2116 1384 2151 nulla
1395 2116 1458 2152 alia
1490 2120 1710 2156 meditatione
1720 2125 1890 2171 occupari.

49 2166 128 2200 Huc
138 2163 322 2212 plurimum
331 2162 416 2197 valet
428 2163 518 2209 quod
529 2174 622 2197 nunc
631 2162 731 2201 addit,
742 2159 774 2195 se
785 2165 844 2208 qui
853 2163 1102 2209 impedimentis
1111 2164 1271 2201 omnibus
1281 2164 1492 2202 renuntiaffet
1501 2193 1510 2205 ,
1524 2169 1678 2204 nondum
1688 2182 1801 2205 tamen
1815 2170 1889 2205 sco·
1930 2178 1934 2180 ’

51 2224 132 2262 pum
143 2210 292 2260 attigisse:
304 2211 378 2245 idco
390 2209 514 2258 semper
525 2210 659 2245 vlterius
668 2211 800 2244 tendere
812 2214 846 2244 δ(
857 2212 949 2244 eniti.
962 2222 1090 2257 quanto
1101 2211 1167 2246 hoc
1178 2216 1283 2260 magis
1293 2214 1459 2260 agendum
1469 2227 1534 2250 erat
1544 2216 1888 2266 Philippenfibus‚qui

51 2259 170 2309 procul
178 2261 284 2295 adhuc
293 2258 334 2293 ab
345 2258 416 2307 ipso
432 2257 603 2294 distabant?
615 2259 676 2293 Sed
687 2261 842 2307 qua-‘titur
852 2260 933 2305 quid
940 2258 1062 2294 Paulus
1072 2261 1225 2295 nondum
1235 2261 1264 2295 se
1274 2261 1519 2309 consequutum
1531 2263 1591 2299 effe
1602 2265 1689 2300 dicat
1713 2268 1804 2302 Nam
1815 2280 1886 2302 cer·

53 2309 86 2343 te
97 2321 135 2344 ex
143 2321 212 2355 quo
222 2307 332 2342 sumus
341 2307 428 2344 insiti
443 2320 499 2356 per
508 2306 608 2341 fidem
618 2309 654 2341 in
662 2319 784 2353 corpus
795 2307 918 2341 Christi
927 2330 937 2345 ‚
949 2310 1014 2341 iam
1025 2309 1090 2346 Dei
1100 2321 1244 2356 regnum
1259 2309 1391 2357 ingreffi
1401 2309 1512 2347 sumus
1526 2324 1535 2345 :
1554 2317 1588 2348 &
1599 2317 1886 2360 quemadmodum

50 2357 90 2391 ad
99 2355 254 2405 Ephesios
262 2355 412 2397 habetur,
422 2354 569 2390 sedemus
577 2358 645 2390 iam
656 2367 713 2411 per
721 2355 811 2402 spem
821 2357 856 2389 in
866 2354 1055 2390 caelestibus.
1067 2355 1265 2405 Respondeo
1275 2381 1286 2396 ‚
1296 2357 1433 2393 salutern
1444 2361 1589 2398 nostram
1601 2364 1637 2397 in
1647 2361 1700 2412 spe
1709 2366 1834 2399 interea
1843 2364 1885 2400 fi-
1899 2357 2069 2400 ⁸!b2fi2h-61

49 2416 121 2440 tam
133 2403 203 2440 effe:
217 2415 252 2439 vt
261 2415 346 2438 cetra
354 2405 490 2451 quidem
498 2403 539 2438 fit
547 2404 727 2443 haetediras,
739 2403 892 2438 nondum
904 2414 1015 2439 tamen
1028 2407 1097 2441 eius
1108 2403 1303 2453 polseffione
1310 2405 1468 2442 fruamur.
1480 2410 1687 2458 anuam
1697 2411 1753 2451 hic
1764 2412 1885 2450 Paulus

49 2452 120 2488 alib
129 2452 270 2501 respicit,
281 2465 402 2500 nempe
411 2454 450 2487 ad
459 2451 535 2487 fidei
545 2456 581 2488 ὅ(
591 2450 860 2489 mortificationis
871 2455 965 2488 cuius
976 2456 1184 2495 meminerat,
1199 2454 1399 2502 profe&um.
1408 2458 1544 2492 Dixerat
1550 2458 1581 2492 se
1592 2461 1793 2497 contendere
1803 2465 1839 2497 δε
1849 2476 1885 2497 e-

48 2504 114 2538 niti
123 2501 162 2536 ad
171 2499 442 2536 resurrectionem
451 2512 664 2536 mortuorum
674 2513 733 2549 pet
742 2503 1090 2539 communicationem
1101 2505 1208 2539 crucis
1216 2503 1442 2542 Christizaddit
1452 2504 1481 2538 se
1489 2508 1644 2542 nondum
1655 2509 1689 2542 id
1701 2507 1793 2544 fuisse
1805 2509 1885 2545 affe·-

49 2561 207 2598 quutum.
218 2550 333 2596 Qd?
348 2561 469 2597 nempe
476 2560 512 2583 vt
521 2551 558 2584 in
568 2548 712 2585 solidum
721 2551 952 2587 communicer
965 2550 1088 2587 Christi
1097 2549 1314 2598 passionibus,
1325 2563 1361 2587 vt
1369 2552 1554 2601 perfectum
1562 2554 1680 2593 habeat
1691 2557 1824 2605 gustum
1834 2571 1883 2607 po
2062 2572 2081 2593 η

48 2601 160 2634 tentia:
169 2596 426 2640 resurrectionis,
438 2607 472 2633 vt
482 2596 590 2645 ipsum
601 2598 698 2648 plane
711 2609 798 2644 cogn
804 2596 904 2632 oscat..
914 2596 1165 2649 Proficiendutn
1175 2601 1278 2648 igitur
1293 2600 1449 2649 exemplo
1459 2600 1518 2636 suo
1528 2603 1697 2641 admonett
1707 2618 1745 2640 ac
1755 2618 1824 2644 rem
1834 2609 1885 2641 ti-

48 2657 90 2682 tae
100 2646 201 2682 molis
210 2645 270 2681 effe
279 2646 403 2681 Christi
414 2648 660 2694 cognitionem,
672 2658 707 2681 vt
719 2648 778 2694 qui
788 2647 824 2679 in
835 2658 872 2680 ea
881 2644 948 2680 sola
956 2645 1137 2687 elaborant,
1148 2653 1323 2695 tamquam
1334 2650 1445 2684 tamen
1453 2649 1593 2697 persecu
1602 2651 1666 2687 fine
1675 2655 1823 2702 quandiu
1832 2659 1886 2690 vi·
2067 2665 2083 2682 r

50 2706 146 2731 nunt.
159 2693 325 2730 Caeterfim
335 2694 401 2729 hoc
409 2694 506 2729 Pauli
515 2695 676 2731 doetrinae
686 2693 774 2729 nihil
783 2694 928 2745 derogat,
965 2698 1020 2730 uia
1029 2706 1161 2731 tantum
1172 2698 1468 2744 comprehenderat
1484 2709 1649 2744 quantum
1661 2702 1702 2736 ad
1710 2715 1885 2750 ›exequen-

49 2743 130 2778 dum
140 2755 261 2778 munus
270 2741 329 2778 sibi
338 2740 551 2778 commissum
562 2741 732 2777 sufficeret.
741 2745 866 2778 Interea
875 2707 1034 2790 prolicere
1044 2743 1152 2792 ipsum
1165 2748 1331 2792 oportuit,
1343 2757 1377 2781 vt
1386 2747 1532 2782 Diuinus
1543 2751 1700 2785 omniurn
1710 2751 1832 2787 dostor
1842 2753 1883 2786 ad

49 2791 272 2827 humilitatem
281 2792 473 2826 erudiretur.
523 2789 835 2840 Qemadmodum&
845 2804 864 2824 a
881 2791 1053 2839 prehensus.
1071 2792 1266 2828 Membrum
1275 2794 1344 2829 hoc
1352 2794 1551 2844 interposuit
1560 2798 1634 2831 vice
1651 2801 1882 2838 correctionis,

49 2850 86 2874 vt
95 2849 203 2874 toturn
213 2840 307 2891 suym
319 2852 478 2875 conatum
489 2839 646 2877 tribueret
656 2840 724 2874 Dei
734 2840 854 2886 gratiae.
902 2853 948 2875 on
962 2840 1107 2876 multum
1117 2841 1225 2880 refert,
1234 2840 1364 2889 leg'asne
1372 2844 1683 2889 Qi5mad1nodum,
1696 2860 1739 2882 an
1749 2849 1881 2893 Qate..

50 2900 126 2923 nus:
137 2885 242 2923 sensus
251 2891 342 2923 enim
353 2889 441 2923 idem
452 2886 579 2936 semper
589 2899 715 2926 manet,
724 2886 864 2923 Paulum
872 2886 964 2923 fuisse
973 2887 1214 2938 apprehensum
1228 2891 1248 2924 a
1257 2890 1393 2925 Christo
1401 2918 1415 2932 ,
1426 2903 1462 2926 vt
1471 2892 1642 2929 Christum
1653 2896 1883 2944 apprehende-

49 2947 110 2970 ret:
120 2936 185 2971 hoc
195 2936 249 2975 est,
258 2936 344 2972 nihil
353 2935 414 2972 nifi
425 2934 568 2986 impulsu
581 2939 615 2972 δε
625 2937 810 2976 directione
819 2935 943 2972 Christi
952 2938 1058 2988 egisse.
1079 2939 1150 2986 Ego
1160 2948 1273 2976 tamen
1281 2941 1373 2990 quod
1381 2940 1502 2982 clarius
1513 2941 1828 2993 erat2elegi‚quando
1839 2943 1882 2978 li«

50 2981 128 3019 bera
139 2984 308 3022 videbatur
316 2987 424 3032 optio.
492 3001 495 3003 ’
613 3008 615 3011 -
747 3010 751 3021 -,
822 3015 827 3020 ,
929 3002 941 3016 .·
1110 3011 1112 3014 -
1312 2996 1314 2998 ·
1529 3017 1533 3020 r
1726 3000 1729 3003 ·

95 3043 125 3078 13
170 3032 319 3066 Nondum
329 3032 460 3068 arbitror
467 3046 515 3068 me
525 3032 769 3083 apprehendiffi.)
816 3034 901 3076 Non
911 3033 967 3069 hic
976 3045 1109 3070 reuocat
1122 3033 1221 3070 fidem
1236 3034 1299 3072 suae
1326 3035 1437 3073 salutis
1449 3040 1485 3074 in
1495 3037 1635 3073 dubium
1645 3061 1656 3075 ,
1672 3038 1762 3085 quafi
1773 3039 1881 3079 adhuc
2068 3045 2092 3056 ‘⁸²

45 3079 126 3115 'effer
135 3078 299 3128 suspensus
307 3096 317 3116 ι
326 3079 379 3129 sed
390 3083 610 3131 repetit-quod
620 3083 743 3117 dixerat
751 3106 761 3120 ,
774 3079 804 3116 se
813 3080 921 3118 adhuc
930 3082 1138 3131 proficiendo
1149 3083 1427 3130 ulteriustendere
1436 3109 1446 3124 ‚
1468 3090 1546 3134 quia
1555 3087 1710 3132 nondum
1719 3087 1759 3120 ad
1777 3085 1883 3122 finem

48 3127 112 3164 suae
123 3130 308 3163 vocationis
318 3134 519 3176 peruenerat.
546 3131 657 3177 Atque
668 3131 702 3164 id
717 3128 858 3165 declarat
869 3131 1034 3166 continuo
1045 3155 1057 3170 ,
1072 3132 1103 3166 st:
1113 3134 1149 3167 in
1159 3131 1225 3168 h‘oc
1236 3132 1520 3173 vnur‘n'intentum
1532 3132 1592 3169 effe
1602 3135 1714 3168 dicens
1723 3158 1735 3173 ,
1756 3133 1881 3171 reliffis

5 3199 7 3201 >
46 3176 209 3212 omnibus
220 3177 303 3211 aliis.
321 3179 503 3227 Compatat
514 3190 626 3213 autem
644 3182 746 3214 vitam
757 3179 901 3214 nostram
913 3180 1035 3221 stadio,
1054 3183 1148 3217 cuius
1158 3180 1302 3233 spatium
1339 3182 1439 3219 nobis
1450 3180 1490 3217 ad
1500 3182 1700 3221 currendum
1720 3176 1885 3218 definierit

42 3225 148 3261 Deus.
161 3225 457 3272 Qemadmodum
466 3229 558 3262 enim
567 3227 654 3262 nihil
665 3225 827 3275 profuerit
834 3225 961 3262 'cursori
970 3241 1008 3263 ex
1017 3228 1200 3265 carceribus
1212 3227 1371 3279 egressum
1382 3228 1518 3268 essenus}
1529 3230 1569 3264 ad
1585 3235 1708 3264 metam
1716 3229 1818 3278 vsque
1826 3244 1885 3280 per

45 3276 164 3322 tingat:
175 3273 217 3309 fic
227 3276 327 3308 etiam
337 3273 583 3310 conficiendum
595 3277 640 3310 est
650 3275 749 3310 nobis
758 3275 962 3311 curriculum
972 3280 1161 3314 vocationis
1173 3279 1274 3326 vsque
1283 3280 1324 3314 ad
1335 3290 1478 3313 mortem
1489 3291 1497 3312 z
1509 3291 1619 3325 neque
1634 3279 1711 3313 ante
1721 3277 1884 3318 cessanda,

9 3363 13 3365 ‚
72 3324 148 3358 uam
158 3323 268 3370 adepti
275 3320 374 3357 fimus
383 3323 475 3368 quod
483 3326 639 3371 perimus.
666 3325 799 3371 Deinde
807 3322 901 3360 sicuti
910 3327 963 3360 via
975 3324 1111 3361 definita
1119 3327 1165 3362 est
1173 3325 1309 3365 cursori,
1319 3339 1359 3362 ne
1371 3326 1438 3362 huc
1448 3337 1506 3361 aut
1516 3325 1597 3361 illuc
1606 3326 1887 3374 vagand0‚frustra

45 3333 78 3408 sc
88 3369 214 3421 fatiget,
223 3369 309 3406 nihil
318 3382 523 3418 promonens
532 3372 574 3407 ad
585 3383 720 3411 metamz
729 3374 777 3411 ita
787 3374 888 3412 etiam
900 3372 1017 3423 scopus
1026 3375 1182 3414 nobisest
1193 3374 1396 3425 propositus,
1405 3374 1477 3423 quo
1486 3375 1574 3413 recta
1587 3373 1745 3414 debemus
1755 3374 1889 3427 cursuro

1483 3563 1530 3629 &a
