2268 3705
563 107 680 153 AD
727 100 1183 154 EPHESIOS
1236 108 1538 158 CAP-It-
1901 125 1957 169 357

101 179 273 216 iustitiam.
287 178 379 224 Qia
389 176 490 225 pudet
499 189 555 212 eos
565 175 697 224 prorsus
706 175 903 223 negare,fide
913 189 976 211 nos
987 175 1166 215 iustificari,
1178 176 1279 224 idque
1291 177 1406 213 frustra
1415 180 1434 214 ὲ
1444 177 1474 214 se
1487 180 1557 215 fieti
1566 183 1900 230 vident-'confugiunt
1910 189 1950 222 ad

104 226 298 264 huiusmodi
312 224 523 262 cuniculum,
536 238 597 259 nos
609 223 671 258 fide
682 223 859 262 iustificari,
867 228 947 272 quia
956 227 1094 260 initium
1103 227 1234 260 iustitia:
1246 228 1263 260 ὲ
1275 225 1337 261 fide
1349 226 1466 274 fit‚qua
1475 230 1539 263 Dei
1551 234 1689 278 gratiam
1702 234 1950 280 recipimuszscd

104 290 168 312 nos
181 276 250 310 fieri
262 277 363 310 iustos
373 276 634 320 regeneratione,
645 275 724 320 quia
734 277 886 308 renouati
897 274 1020 309 Christi
1031 276 1168 324 Spiritu,
1178 274 1390 311 ambulemus
1400 279 1435 311 in
1446 276 1546 312 bonis
1556 280 1721 326 operibus.
1735 285 1780 315 lta
1793 281 1855 316 fide
1864 296 1948 329 qua-

103 324 128 360 fi
141 328 275 359 januam
287 323 423 362 faciunt,
437 333 503 368 qua
513 323 719 369 ingredimur
730 325 765 357 in
778 323 948 370 iustitiam:
960 321 1012 356 sed
1022 322 1108 360 hanc
1119 336 1182 358 nos
1194 323 1352 372 operibus
1362 326 1498 373 adipisci
1510 330 1756 375 imaginantur:
1768 331 1818 363 vel
1831 329 1946 367 [auem

103 374 264 409 iustitiam
276 370 440 406 definiunt
451 367 511 404 csse
525 372 775 414 rectitudinem,
788 369 843 404 vbi
854 369 960 405 homo
969 372 1009 405 ad
1019 371 1103 406 bene
1115 373 1298 407 viuendum
1309 373 1352 407 est
1362 373 1570 410 reformatus.
1589 377 1670 411 Non
1681 390 1762 412 curo
1772 382 1874 424 quam
1887 394 1943 415 ve-

103 433 156 456 tus
168 421 204 456 sit
214 432 314 455 error:
330 418 380 453 sed
390 430 562 466 perperam
574 417 701 452 faciunt
711 415 819 465 qui‘ad
830 421 899 454 eius
909 418 1204 455 confirmationem
1215 422 1447 458 testimonium
1459 437 1495 458 ex
1506 424 1661 460 hocloco
1673 425 1942 476 suinunt.Rcspi-

103 471 221 504 cienda
231 468 274 503 est
285 466 379 502 Pauli
390 467 630 503 intentionum
640 467 809 502 ostendere
819 467 903 508 vult,
913 480 975 502 nos
985 469 1060 503 Deo
1072 468 1159 504 nihil
1169 468 1345 504 contulisse
1356 473 1443 506 vnde
1452 472 1551 508 nobis
1563 473 1598 508 fir
1613 472 1936 514 obnoxiuszdocet,i-

99 517 159 567 psa
169 520 267 553 etiam
278 528 350 563 quae
365 513 505 550 facimus
518 514 609 549 bona
619 527 731 562 opera,
741 515 780 550 ab
792 514 862 564 ipso
873 518 1063 565 prouenire:
1073 518 1160 551 vnde
1170 515 1326 572 sequitur,
1340 520 1427 555 nihil
1438 535 1500 556 nos
1518 522 1588 557 effe,
1604 522 1664 557 nisi
1675 536 1761 558 mera
1772 525 1841 558 eius
1852 523 1938 559 libe-

101 566 239 602 ralitate.
250 564 355 599 Nunc
365 564 447 598 dum
458 563 510 598 isti
521 562 681 601 inferunt,
691 577 754 599 nos
764 577 843 612 ergo
852 565 990 600 dimidia
1001 577 1038 599 ex
1049 576 1141 613 parte
1151 564 1320 600 iustificari
1332 568 1500 616 operibus:
1516 572 1598 618 quid
1608 572 1674 607 hoc
1685 574 1722 606 ad
1736 572 1828 606 Pauli
1841 585 1939 608 men-

100 627 169 650 tem
181 621 190 646 ?
203 617 237 648 δε
249 614 330 659 quid
339 613 378 647 ad
387 610 517 648 causam
527 624 627 660 quam
639 615 768 647 tractat?
781 613 885 647 Aliud
896 616 987 648 enim
998 612 1231 662 est,disp.utare
1241 616 1276 649 in
1290 628 1359 662 quo
1371 618 1492 652 iustitia
1502 619 1674 655 consistat:
1696 620 1786 655 aliud
1799 646 1808 659 ,
1829 634 1937 668 quum

98 664 249 702 docetur,
262 674 337 695 eam
348 674 419 695 non
429 659 490 695 esse
499 662 518 695 ὲ
527 659 637 698 nobis,
650 662 811 696 rationem
823 662 949 699 addere,
960 664 1052 712 Qiia
1061 661 1148 697 nihil
1160 661 1340 698 habeamus
1351 666 1386 698 in
1397 665 1496 702 bonis
1507 668 1663 714 operibus
1673 673 1847 718 proprium
1859 693 1869 707 ‚
1884 669 1937 705 sed

99 713 119 749 ὲ
130 713 194 745 Dei
208 712 226 745 S
255 712 333 744 iritu
342 709 478 744 formati
488 708 586 744 fimus
597 709 637 741 ad
647 708 738 744 bona
747 712 873 745 omnia:
884 709 984 758 idque
995 723 1053 758 per
1062 711 1185 747 Christi
1197 714 1349 758 gratiam.
1359 714 1449 750 Nam
1460 716 1579 751 Paulus
1591 731 1697 765 quum
1717 721 1846 753 iustitiae
1856 731 1935 753 cau-

99 759 167 796 sam
179 723 308 799 delfait,
319 761 356 793 in
366 758 433 793 hoc
444 756 606 806 praecipue
617 758 749 793 cardine
759 757 912 799 versatur,
923 772 1099 806 nunquam
1108 758 1179 795 fote
1189 760 1385 806 tranquillas
1395 763 1686 803 conscientias,nifi
1698 770 1732 801 in
1744 765 1935 802 rcmiffione

95 819 311 858 peccatorum
322 807 527 841 recumbant.
552 805 619 839 Hic
629 805 716 840 nihil
727 805 791 840 tale
801 809 949 854 attingit,
959 810 1038 854 quia
1049 807 1135 842 nihil
1146 806 1236 842 aliud
1247 810 1440 847 madianitin
1450 823 1560 847 totum
1572 816 1663 860 quod
1673 814 1785 851 sumus
1796 841 1805 854 ,
1828 817 1858 850 id
1868 829 1932 850 nos

97 856 158 893 effe
167 859 229 891 Dei
242 858 355 903 gratia.
404 856 480 910 Qae
487 856 665 904 praeparauit
677 857 777 888 Deus.
830 856 907 889 Hoc
918 869 960 890 ne
970 857 1009 891 ad
1019 857 1208 891 doctrinam
1219 857 1316 905 Legis
1328 857 1443 894 referas
1453 888 1463 901 ,
1482 863 1768 911 quemadmodum
1784 865 1931 912 Pelagia-

96 908 152 941 ni:
171 905 261 952 quasi
273 896 473 953 intelligeret
490 901 610 938 Paulus
627 924 637 939 ‚
656 904 769 938 Deum
779 905 955 951 praecipere
973 905 1057 951 quid
1079 902 1203 939 iustum
1215 903 1270 946 sit,
1289 910 1323 940 ὅ(
1334 909 1456 943 restam
1467 912 1605 945 viuendi
1624 912 1772 958 regulam
1783 916 1927 948 tradere:

95 966 177 990 nam
185 955 298 1002 potius
311 964 403 1000 vrget
413 951 496 986 illud
506 952 598 999 quod
607 951 724 985 docere
734 963 880 999 coeperat
890 975 900 989 ‚
920 951 1058 987 salutem
1069 954 1087 987 ὲ
1098 952 1197 989 nobis
1217 967 1287 988 non
1299 954 1472 1002 proficisci.
1507 959 1600 993 Dicit
1610 961 1712 1007 igitur
1722 983 1731 997 ,
1750 960 1839 995 bona
1849 974 1933 1009 ope—

95 1015 131 1039 ra
140 1026 150 1041 ,
168 997 348 1048 antequam
359 1000 565 1035 nasceremur
575 1025 584 1037 ,
596 1000 614 1034 ὲ
624 1000 699 1033 Deo
710 998 770 1036 esse
787 1012 981 1048 praeparata:
1002 1001 1214 1048 intelligens,
1226 1016 1297 1038 non
1309 1009 1448 1052 proprio
1475 1018 1577 1041 marte
1587 1021 1649 1042 nos
1659 1007 1718 1042 esse
1730 1011 1871 1044 idoneos
1890 1012 1930 1045 ad

92 1052 183 1087 tecte
195 1050 378 1085 viuendum
390 1076 399 1090 ‚
421 1047 474 1083 sed
483 1058 647 1095 quatenus
665 1060 819 1096 aptamur
831 1050 898 1083 Dei
916 1063 1018 1085 manu
1028 1053 1062 1084 Sc
1073 1049 1268 1086 formamur.
1290 1053 1382 1099 quod
1391 1053 1414 1088 si
1425 1059 1670 1104 praeoccupauit
1680 1059 1745 1091 Dei
1758 1058 1932 1105 gratia‚lo-

91 1112 174 1136 cum
185 1100 348 1134 iactantiae
368 1095 486 1132 nostrae
495 1095 640 1131 abstulit.
658 1098 771 1147 Qre
780 1097 958 1145 diligenter
978 1100 1124 1133 notanda
1134 1099 1179 1133 est
1193 1112 1258 1133 vox
1275 1101 1526 1149 Praepararionis
1550 1118 1557 1137 :
1585 1107 1663 1151 quia
1675 1119 1711 1140 ex
1721 1109 1840 1141 ordine
1860 1106 1932 1155 ipso

91 1148 291 1183 demonstrat
309 1146 428 1181 Paulus
446 1168 457 1184 ‚
474 1145 562 1180 nihil
572 1144 672 1181 nobis
689 1145 862 1180 bonorum
883 1160 1025 1195 operum
1044 1146 1191 1194 respectu
1201 1171 1211 1185 ‚
1231 1149 1249 1182 ὲ
1265 1150 1339 1183 Deo
1352 1150 1474 1187 deberi.
1516 1152 1588 1194 Qui
1600 1153 1641 1188 sic
1652 1158 1668 1186 ἓ
1684 1155 1883 1203 deprompta
1901 1171 1935 1191 e-
2026 1185 2041 1211 8

92 1201 168 1233 nim
186 1195 262 1231 sunt
273 1208 311 1231 ex
331 1197 401 1229 eius
411 1191 564 1230 thesauro
575 1217 586 1232 ‚
597 1196 634 1231 in
644 1206 713 1241 quo
724 1193 826 1242 longe
836 1196 912 1229 ante
925 1194 1065 1243 reposita
1075 1195 1206 1231 fuerant
1216 1210 1223 1230 :
1235 1210 1314 1232 nam
1326 1210 1412 1245 quos
1425 1204 1560 1238 vocauit
1569 1224 1579 1240 ‚
1599 1215 1655 1237 eos
1667 1202 1821 1239 iustificat
1833 1208 1868 1239 &
1880 1217 1934 1240 re·
1952 1189 2022 1215 RQ
2041 1184 2116 1226 4:³⁰³

94 1256 239 1295 generat.
809 1288 819 1302 χ
901 1295 906 1302 ¹
923 1278 926 1281 Δ
1273 1296 1280 1303 ,
1488 1300 1493 1306 ,

113 1296 117 1299 ’
150 1308 182 1333 11
235 1291 470 1349 Qamobrem
478 1305 644 1331 memores
652 1291 749 1345 estote
759 1292 854 1346 quod
857 1291 1046 1347 aliquando
1053 1304 1121 1333 vos
1131 1299 1255 1333 Gentes
1264 1308 1304 1333 m
1315 1310 1492 1351 carne,qut
1500 1297 1707 1340 dicebamini
1710 1306 1928 1359 praeputium,

89 1349 134 1393 ab
143 1365 184 1390 ea
193 1363 264 1405 quae
273 1359 417 1389 vocatur
424 1347 634 1402 circuncisio,
644 1352 683 1388 in
691 1361 790 1387 carne
798 1348 1007 1403 manufhc't‘a:

153 1421 167 1446 1
173 1422 193 1445 z
249 1405 312 1447 Illo
323 1417 470 1460 tempore
478 1407 580 1443 eratis
590 1401 714 1460 absque
722 1402 865 1456 christo,
874 1405 1018 1445 alienati
1024 1402 1045 1445 ax
1053 1403 1218 1462 republica
1228 1404 1374 1458 ffiaehs,
1381 1406 1526 1464 hospites
1535 1408 1730 1452 tabularum
1739 1418 1931 1471 Promf'ssc'o·

90 1460 260 1519 nis-‚spem
268 1477 339 1520 noge
349 1459 651 1513 habentes-&stne
664 1468 736 1499 Deo
745 1463 785 1499 in
795 1461 938 1502 mundo.
1931 1467 1933 1473 ⁸

146 1533 181 1570 13
241 1526 354 1568 Nym
363 1527 474 1557 autem
483 1520 523 1556 in
533 1514 663 1570 christo
669 1513 743 1569 Iest'e
750 1528 818 1558 vos
826 1545 838 1562 ,
863 1520 925 1572 qui
934 1518 1113 1577 quondam
1125 1522 1230 1559 eratis
1235 1519 1354 1578 procul
1357 1549 1369 1567 ,
1370 1518 1464 1576 βιῶ
1473 1522 1547 1575 estis
1549 1526 1736 1580 propinqui
1737 1539 1802 1582 per
1808 1527 1935 1583 Christi

85 1574 309 1634 Jonguimm.
580 1585 588 1592 “

135 1643 163 1666 11
237 1627 410 1664 uamobrem
419 1639 562 1663 memores
571 1627 680 1671 estote.)
733 1629 871 1677 Semper
888 1630 928 1663 ad
937 1630 1136 1680 hypothesin
1148 1631 1315 1669 descendit
1326 1659 1336 1672 ,
1349 1644 1384 1667 vt
1394 1634 1501 1681 digito
1514 1645 1584 1668 rem
1595 1636 1719 1671 indicet
1730 1661 1739 1674 ,
1751 1651 1787 1673 ac
1797 1639 1933 1688 preffius

87 1691 213 1729 vrgeat.
225 1678 317 1714 iubet
328 1680 420 1714 enirn
431 1679 552 1711 iterum
561 1675 719 1723 Ephesios
727 1678 889 1713 recordari
900 1678 1013 1725 quales
1022 1678 1146 1715 fuerint
1154 1693 1230 1715 anre
1241 1683 1467 1716 vocationem.
1487 1683 1568 1717 Haec
1580 1684 1797 1721 consideratio
1808 1689 1875 1723 illis
1886 1690 1932 1724 ob

85 1729 206 1764 oculos
217 1726 364 1776 ponebat
374 1726 477 1774 qudm
486 1723 579 1759 nulla
590 1723 649 1759 sibi
659 1723 734 1759 esset
745 1724 953 1774 superbiendi
965 1726 1069 1763 causa.
1078 1730 1190 1776 postea
1200 1730 1342 1764 ostendit
1353 1731 1493 1765 modum
1503 1733 1801 1770 reconciliationis:
1813 1749 1848 1771 vt
1859 1736 1931 1773 solo

87 1776 227 1813 Christo
236 1777 472 1811 contentimon
482 1785 601 1822 putent
609 1772 682 1808 aliis
693 1772 841 1809 subsidiis
852 1774 881 1809 se
892 1776 1049 1824 indigere.
1060 1778 1139 1812 Haec
1150 1780 1252 1825 primi
1264 1778 1407 1815 membri
1417 1778 1546 1814 summa
1557 1781 1852 1827 estMemineritis,
1859 1799 1930 1833 <11¹0

88 1837 242 1874 tempore
252 1826 346 1859 eratis
356 1821 577 1860 incircuncisi,
587 1835 647 1856 vos
660 1825 760 1859 etiam
771 1825 790 1857 ὲ
800 1823 946 1865 Christo,
957 1826 976 1858 εὶ
985 1823 1039 1872 spe
1050 1825 1173 1864 salutis,
1183 1827 1223 1863 ab
1234 1826 1374 1864 Ecclesia
1385 1832 1419 1862 Sc
1429 1840 1533 1875 regno
1547 1829 1612 1863 Dei
1624 1829 1716 1866 fuisse
1730 1834 1870 1873 alienos,
1885 1839 1931 1870 ita

87 1886 125 1908 vt
136 1873 221 1910 nihil
232 1871 306 1907 esset
316 1871 412 1907 vobis
424 1883 501 1906 cum
511 1872 586 1906 Deo
596 1874 803 1906 commercii.
815 1873 957 1907 Secundi
968 1873 1059 1911 vero,
1068 1875 1173 1909 Nunc
1183 1878 1220 1910 in
1230 1875 1401 1912 Christum
1416 1876 1617 1914 insiti,simul
1631 1879 1708 1914 Deo
1717 1883 1926 1919 reconciliati

86 1924 173 1957 estis.
200 1921 295 1969 Qd
306 1920 438 1960 valeret,
448 1922 530 1954 acin
542 1931 659 1954 eorum
669 1922 791 1954 animis
801 1919 943 1955 efficeret
954 1920 1146 1958 huiusmodi
1157 1925 1342 1959 recordatio
1352 1949 1362 1962 ‚
1376 1923 1523 1973 superius
1538 1927 1667 1962 dictum
1678 1930 1731 1963 cst.
1771 1933 1887 1965 Gentes
1897 1945 1929 1966 m

82 1982 183 2006 carne.
221 1970 370 2004 Primum
380 1979 638 2005 commemorat,
650 1967 736 2017 ipsos
746 1968 880 2003 caruisse
890 1970 1010 2017 populi
1022 1973 1084 2005 Dei
1096 1970 1292 2019 insignibus.
1343 1973 1433 2007 Nam
1445 1974 1655 2010 Circuncisio
1665 1999 1675 2013 ,
1689 1975 1880 2022 symbolum
1893 1994 1929 2014 e-

83 2031 133 2055 rat
144 2032 213 2066 quo
225 2017 462 2066 insigniebatur
473 2030 518 2064 po
547 2016 621 2051 ulus
634 2018 710 2054 Dei,
721 2028 756 2051 vt
764 2016 999 2053 discerneretur
1007 2019 1047 2053 ab
1057 2019 1129 2053 aliis
1137 2034 1145 2053 :
1153 2022 1357 2068 Praeputium
1368 2022 1626 2069 autem‚pr0fani
1637 2023 1787 2070 hominis
1798 2028 1927 2062 indicia

86 2079 165 2102 erar.
191 2068 310 2115 Quini
321 2078 399 2115 ergo
409 2067 500 2100 Deus
510 2029 709 2101 sgcramenta
718 2068 830 2113 gratiis
841 2065 905 2101 suis
914 2067 1093 2114 adiungere
1109 2066 1227 2102 soleat:
1250 2080 1288 2103 ex
1300 2082 1339 2102 eo
1350 2070 1441 2115 quod
1461 2072 1674 2106 sacramento
1685 2076 1807 2120 priuati
1820 2088 1923 2116 erant,

86 2115 239 2162 colligit,
261 2117 369 2163 neque
383 2116 491 2161 gratia:
502 2112 588 2161 ipsos
607 2112 699 2148 fuisse
708 2117 894 2162 participes.
915 2116 998 2149 Non
1009 2117 1053 2152 cst
1065 2117 1199 2163 q‘uidem
1211 2128 1411 2165 perpetuum
1424 2130 1679 2165 argumentum:
1700 2122 1786 2156 valet
1797 2134 1923 2163 tamen,

86 2175 253 2211 quantum
265 2163 303 2196 ad
314 2163 515 2197 ordinariam
524 2163 588 2196 Dei
600 2161 878 2210 dispensationem
891 2164 976 2198 vnde
987 2163 1084 2205 illud,
1096 2166 1255 2199 Eiiciatur
1272 2166 1438 2204 Adam,ne
1447 2166 1532 2206 forte
1542 2169 1648 2216 gustet
1663 2171 1701 2203 de
1711 2169 1827 2206 arbore
1838 2175 1924 2212 vitae,

86 2225 125 2247 ac
135 2214 235 2247 viuar.
247 2211 345 2246 Certe
358 2209 482 2245 etiamsi
493 2220 598 2246 totam
609 2210 760 2245 arborem
772 2211 919 2249 vorasset,
931 2225 1002 2247 non
1011 2212 1224 2261 recuperasset
1234 2225 1345 2248 tamen
1356 2228 1393 2248 ex
1405 2213 1476 2249 solo
1488 2215 1541 2250 esu
1552 2219 1785 2253 vitamtverum
1798 2222 1923 2256 Domi-
1942 2232 2103 2271 0,„‚3„A,25;

85 2272 150 2298 nus
160 2273 216 2308 per
225 2259 307 2307 signi
319 2261 545 2307 priuationem
555 2281 565 2296 ‚
577 2257 626 2293 illi
638 2271 706 2292 rem
719 2271 856 2306 quoque
872 2258 1048 2296 auferebat,
1062 2264 1112 2295 Ira
1121 2260 1177 2296 hic
1188 2263 1308 2297 Paulus
1319 2267 1519 2311 praeputium
1532 2264 1651 2299 obiicit
1660 2267 1819 2314 Ephesiis,
1844 2280 1923 2305 tan-

87 2321 190 2355 quam
214 2308 415 2356 pollutionis
426 2306 568 2355 signum.
587 2305 865 2342 Sanetificationis
875 2307 1062 2354 symbolum
1075 2309 1140 2344 illis
1150 2309 1258 2348 tollit,
1274 2323 1308 2345 vt
1318 2323 1385 2345 rem
1405 2325 1542 2359 quoque
1551 2312 1767 2361 significatam
1787 2319 1921 2354 adimat.

86 2356 258 2392 Fallunrur
285 2369 364 2403 ergo
375 2358 432 2404 qui
443 2366 563 2404 putant
573 2355 641 2390 haec
652 2357 768 2390 omnia
779 2358 814 2390 in
832 2367 1067 2404 contemptum
1079 2368 1219 2393 externae
1228 2360 1491 2398 Circuncisionis
1502 2362 1577 2396 dici.
1601 2364 1807 2412 Qauquam
1823 2366 1920 2402 simul

85 2404 203 2445 fateor,
214 2405 381 2440 adiectum
392 2402 452 2438 effe
462 2404 662 2452 epithetum,
683 2406 700 2436 I
701 2416 721 2437 n
731 2416 824 2438 carne
833 2404 1018 2449 manufaefla,
1031 2417 1065 2442 vt
1075 2407 1234 2441 indicaret
1244 2407 1303 2442 effe
1313 2408 1484 2459 duplicem
1496 2410 1785 2447 Circuncisionem
1795 2435 1805 2452 ,»
1818 2426 1920 2462 atque

86 2456 132 2488 ita
141 2444 330 2489 retunderer
339 2454 524 2490 Iudaeotum
535 2452 690 2501 gloriam,
702 2455 761 2500 qui
772 2452 891 2488 literali
902 2454 1156 2498 Circuncisione
1165 2454 1278 2490 frustra
1290 2455 1503 2505 superbiunt:
1527 2459 1686 2507 Ephesios
1696 2474 1807 2496 autem
1820 2467 1919 2499 omni

84 2496 242 2550 scrupulo
253 2503 422 2541 eximeret,
437 2513 542 2547 quum
557 2514 628 2535 eam
639 2500 757 2536 habere
768 2499 797 2536 se
805 2499 1020 2549 agnoscerent
1032 2506 1180 2550 quae'erat
1190 2508 1367 2554 praecipua,
1378 2506 1449 2540 imo
1460 2519 1532 2553 quae
1543 2519 1607 2541 erat
1617 2519 1686 2542 tota
1697 2514 1823 2545 externi
1834 2511 1920 2560 signi

83 2553 213 2585 veritas.
225 2551 426 2597 Praeputium
440 2561 519 2597 ergo
529 2551 563 2583 in
575 2561 671 2584 carne
683 2549 789 2588 vocat,
805 2552 882 2597 quia
894 2552 928 2584 in
938 2562 1078 2599 corpore
1089 2551 1147 2586 suo
1157 2554 1319 2600 gestarent
1337 2554 1538 2603 pollutionis
1550 2554 1608 2590 suae
1620 2555 1768 2604 lignum:
1794 2563 1919 2598 interea

85 2609 199 2633 tamen
212 2598 413 2635 subindicat,
437 2600 482 2634 eis
495 2597 580 2632 nihil
590 2610 681 2632 nunc
692 2596 800 2633 obesse
819 2601 1029 2646 praeputium,
1044 2603 1123 2647 quia
1133 2600 1346 2648 spiritualiter
1355 2605 1372 2637 ὲ
1383 2604 1517 2637 Christo
1528 2603 1590 2638 sint
1603 2606 1787 2642 circuncisi.
1808 2610 1919 2645 Potest

86 2647 154 2682 hoc
164 2649 377 2682 coniunctim
387 2645 452 2694 legi
464 2673 472 2684 ,
482 2649 520 2681 In
530 2653 630 2681 carne
638 2645 836 2681 manufacta:
848 2647 901 2681 vel
910 2648 1053 2687 diuifim,
1062 2659 1098 2683 vt
1112 2649 1277 2684 carnalem
1287 2663 1384 2686 vocet
1395 2653 1542 2699 primum
1552 2676 1562 2690 ‚
1585 2653 1704 2690 deinde
1723 2655 1843 2694 factam
1854 2658 1918 2692 ho-

86 2697 218 2730 minum
229 2707 342 2730 manu.
353 2694 642 2730 Circuncisionem
654 2694 755 2742 porro
766 2694 929 2730 eiusmodi
939 2699 1085 2745 opponit
1094 2698 1343 2736 Circuncifioni
1353 2702 1505 2748 SpirituS,
1517 2714 1588 2748 quae
1601 2700 1681 2737 sitin
1692 2705 1801 2743 corde,
1815 2719 1918 2753 quam

86 2742 211 2778 Coioffi
222 2744 328 2784 2.b.11,
337 2743 481 2792 appellat
492 2743 781 2778 Circuncil'ionem
792 2743 927 2781 Christi.
975 2743 1054 2784 eAb
1067 2759 1103 2780 ea
1112 2758 1172 2791 quo
1181 2758 1319 2781 vocatur.
1369 2749 1580 2783 Circuncisio
1601 2751 1703 2797 posset
1713 2752 1769 2787 hic
1780 2754 1839 2789 effe
1854 2769 1917 2789 no-

88 2804 164 2825 men
175 2792 394 2828 collestiuum
404 2804 465 2839 pro
475 2818 484 2831 ‚
495 2790 692 2838 ipsisludaeis
702 2807 712 2825 .·
725 2791 776 2825 vel
788 2793 922 2844 proprie
931 2796 1037 2842 accipi
1050 2806 1110 2841 pro
1122 2794 1188 2843 ipsa
1197 2808 1250 2830 re:
1268 2800 1301 2831 ὃ(
1312 2807 1392 2831 tunc
1401 2795 1509 2831 sensus
1524 2796 1599 2832 effer
1611 2823 1620 2836 ‚
1632 2800 1706 2835 ideo
1719 2805 1915 2838 nominatos

86 2837 178 2874 fuisse
190 2840 493 2889 Praeputium‚'quia
504 2850 648 2874 carerent
658 2838 746 2874 shcro
757 2838 921 2886 symbolo,
932 2842 971 2875 ad
981 2840 1200 2879 differentiam
1211 2843 1343 2879 scilicet:
1354 2857 1453 2894 atque
1463 2845 1519 2881 hic
1535 2847 1696 2894 posterior
1707 2848 1814 2884 sensus
1826 2852 1917 2885 :iddi-

86 2898 124 2921 to
135 2887 281 2935 epitheto
293 2887 543 2936 comprobatur:
553 2886 668 2922 verum
678 2889 709 2921 id
719 2889 758 2922 ad
768 2888 933 2924 ssrmmam
943 2894 1132 2937 argumenti
1141 2892 1259 2938 parum
1269 2892 1356 2927 facit.

135 2945 168 2969 12
208 2938 311 2970 Eratis
322 2937 430 2982 absque
442 2939 468 2969 C
470 2934 582 2979 lot-isto}
621 2939 689 2972 lam
701 2936 841 2972 declarat
851 2960 860 2975 ‚
870 2951 941 2972 non
952 2938 1084 2973 tantum
1097 2938 1138 2973 ab
1149 2951 1280 2976 externa
1291 2939 1417 2983 testera,
1438 2941 1492 2977 sed
1505 2944 1523 2981 ὲ
1535 2944 1632 2980 rebus
1645 2948 1744 2980 etiam
1757 2946 1922 2981 omnibus

89 2995 232 3019 exrorres
241 2983 331 3019 fuisse
341 2985 508 3034 Ephesios,
526 2998 598 3032 quoe
608 2986 647 3019 ad
658 2984 795 3019 salutem
805 2987 988 3020 hominum
1009 2991 1041 3021 ὃς
1051 2986 1243 3022 felicitatem
1255 2989 1329 3024 sunt
1345 2989 1535 3028 necessariae.
1549 2995 1640 3038 Qu
1651 3006 1763 3033 autem
1776 2993 1920 3042 promis-

85 3030 219 3066 sionum
230 3036 385 3069 omnium
400 3038 433 3068 &
445 3032 513 3081 spei
522 3032 779 3068 fundamentum
796 3035 840 3068 cst
850 3035 1014 3075 Christus,
1027 3035 1100 3068 ideo
1112 3035 1260 3087 primum
1270 3037 1396 3073 alienos
1407 3039 1447 3074 ab
1457 3040 1528 3088 ipso
1539 3040 1630 3076 fuisse
1640 3044 1729 3076 dicit.
1741 3046 1799 3089 qui
1809 3054 1921 3079 autem

89 3079 262 3113 Christum
273 3092 343 3115 non
353 3081 504 3121 habet,ei
519 3081 604 3116 nihil
614 3082 719 3122 restat,
731 3081 792 3116 nifi
803 3085 960 3118 exitium:
988 3095 1066 3117 nam
1079 3087 1112 3118 ὃ(
1126 3083 1244 3131 politia
1253 3084 1376 3121 Israelis
1386 3090 1421 3122 in
1433 3088 1504 3136 ipso
1515 3088 1649 3124 fundata
1658 3102 1733 3124 erar.
1745 3092 1921 3136 quomodo

86 3129 190 3164 enim,
209 3127 760 3177 nisiinip1b1b10,Deipopulusin
772 3129 874 3167 sancei
884 3133 1035 3178 corporis
1049 3134 1211 3166 vnitatem
1221 3133 1454 3182 colligaretur?v
1466 3138 1557 3172 Idem
1569 3142 1601 3172 δι’
1615 3139 1653 3172 de
1664 3137 1780 3172 tabults
1794 3142 1918 3188 promis:
1936 3132 2022 3157 ²5⁰⁷·
2033 3127 2077 3198 ’ἦ
2089 3137 2133 3160 ²⁰⁴

80 3176 173 3223 fionis
184 3174 400 3210 sentiendum.
429 3178 518 3212 Nam
529 3190 566 3211 ex
578 3177 638 3211 illo
650 3181 758 3225 capite
768 3176 1000 3225 promiffiones
1010 3192 1127 3215 omnes
1138 3181 1326 3228 dependent
1335 3207 1345 3223 ‚
1364 3187 1401 3218 In
1415 3184 1538 3219 semine
1556 3197 1615 3220 tuo
1624 3186 1862 3222 benedicentur
1879 3202 1918 3223 ο-
1936 3172 1998 3200 Gen.
2012 3178 2062 3201 ²²³
2074 3192 2080 3200 '
2094 3175 2131 3200 ¹3⁴

87 3237 182 3259 mnes
193 3235 318 3271 gentes:
332 3227 365 3258 &
378 3224 443 3258 sine
452 3225 511 3259 illo
524 3224 607 3259 fiunt
619 3229 725 3260 irritae:
739 3227 825 3260 vnde
836 3226 1154 3276 illud,Qaecunque
1164 3229 1239 3264 sunt
1248 3230 1491 3278 promissiones,
1505 3235 1539 3267 in
1550 3234 1684 3268 Christo
1694 3233 1753 3268 effe
1765 3237 1872 3270 Etiam
1886 3241 1921 3272 δε

87 3274 210 3307 Amen.
221 3271 356 3307 Sublato
365 3272 465 3319 porro
477 3271 586 3308 salutis
597 3273 729 3312 foedere,
740 3273 833 3309 nulla
841 3273 910 3322 spes
921 3288 1044 3310 manet.
1066 3274 1208 3311 «Ριοιὸἧκιις
1217 3278 1274 3314 hic
1283 3280 1410 3315 tabulas
1421 3292 1544 3315 vertere
1556 3280 1681 3329 placuit
1691 3308 1701 3322 ,
1725 3295 1805 3330 quas
1818 3284 1920 3334 vulgo

83 3321 304 3355 instrumenta
313 3321 502 3354 nominant.
515 3321 654 3358 Solenni
666 3325 757 3356 enim
768 3325 834 3356 ritu
851 3322 957 3357 foedus
968 3323 1064 3359 suurn
1076 3329 1205 3374 pepigit
1215 3328 1306 3362 Deus
1317 3340 1395 3362 cum
1407 3328 1573 3362 Abraham
1585 3333 1619 3363 &
1630 3332 1766 3378 posteris
1784 3334 1854 3366 eius
1864 3357 1873 3369 ‚
1886 3344 1921 3368 vt

84 3368 159 3403 esst-t
168 3368 331 3418 perpetuo
341 3369 432 3404 Deus
443 3367 589 3406 illorum.
610 3371 721 3406 Huius
735 3369 866 3408 foederis
877 3370 1038 3409 confectae
1047 3372 1183 3414 fuerunt
1202 3375 1320 3412 tabulae
1327 3388 1387 3425 per
1398 3388 1536 3412 manum
1546 3377 1649 3414 Mosis
1660 3392 1668 3413 :
1687 3391 1759 3427 quae
1769 3380 1923 3430 deposito
