2268 3705
528 96 643 142 AD
692 94 1145 142 Ernestos
1196 97 1374 144 CAP·
1424 102 1481 145 v.
1611 89 1624 95 ‘
1851 80 1916 157 379

80 186 120 222 pc
135 173 184 206 M
186 168 350 214 anifesiare.
378 167 450 202 Lux
460 166 517 208 est,
526 169 638 214 inquit
648 190 658 205 ‚
672 179 744 214 quae
759 170 876 202 omnia
888 167 1083 202 manifestat.
1106 168 1187 203 Inde
1196 167 1392 217 sequebatur
1402 183 1460 206 eos
1470 170 1532 207 elle
1549 174 1710 223 indignos
1718 177 1786 214 hoc
1797 180 1911 221 titulo,

81 221 142 257 nisi
153 224 187 255 in
199 220 307 254 lucem
319 215 502 265 proferrent
512 227 584 262 quae
594 215 739 250 tenebris
750 215 905 250 inuoluta
915 227 1016 251 erant.

132 281 172 315 ¹4
219 263 423 316 Qamobrem
433 262 531 306 dicit.)
583 265 750 299 Laborant
760 266 952 312 interpretes
964 267 999 299 in
1009 263 1089 301 loco
1101 266 1280 301 indicando
1291 289 1302 304 ,
1314 271 1393 315 quia
1403 270 1532 306 videtur
1551 272 1671 308 Paulus
1681 273 1917 315 testimonium

79 321 179 352 citare
191 329 229 350 cx
246 316 412 361 Scriptura
424 312 515 358 quod
533 312 696 360 nusquam
707 315 888 347 inuenitur.
922 316 1043 348 Dicam
1055 316 1147 362 quod
1160 327 1223 363 ego
1235 318 1351 351 sentio.
1368 319 1518 354 Primum
1529 321 1657 356 inducit
1668 323 1837 359 Christum
1860 341 1917 374 per

78 366 154 402 suos
166 362 330 399 ministros
342 361 549 407 loquentem.
560 373 639 394 nam
650 361 718 396 haec
728 362 892 396 ordinaria
905 363 949 396 est
959 365 1081 398 concio
1093 377 1165 411 quae
1175 364 1327 411 quotidie
1336 368 1441 401 audiri
1452 367 1548 403 debet
1558 382 1595 403 ex
1606 371 1778 419 Euangelii
1790 385 1916 420 praeco-

78 415 189 450 nibus.
203 411 294 457 Qd
307 412 397 444 enim
409 408 500 443 aliud
510 409 553 442 est
565 411 609 443 eis
619 409 841 457 propositum,
857 411 960 457 quam
974 422 1010 444 vt
1021 423 1173 447 mortuos
1184 416 1328 449 excitent
1337 415 1505 451 advitam?
1516 420 1606 452 iuxta
1616 418 1711 457 illud,
1723 422 1840 455 Veniet
1851 424 1915 458 ho·-

79 476 124 500 ra,
140 467 171 496 ὃ(
184 463 248 494 iam
259 459 313 496 est,
326 470 432 505 quum
445 459 570 491 mortui
581 458 716 493 audient
725 470 844 493 vocem
855 457 929 493 Filii
938 460 1016 499 Dei,
1029 463 1062 494 ὃς
1075 463 1134 506 qui
1146 463 1330 503 audierint,
1341 466 1468 500 viuent.
1481 466 1584 502 Nunc
1594 465 1663 501 loci
1681 469 1915 505 circunstanffli

77 504 309 558 expendaisms.
319 508 441 540 dixerat
450 505 570 540 Paulus
581 507 822 554 redarguendos
834 506 893 541 esse
904 506 1064 546 infideleS,
1073 520 1108 543 vt
1120 511 1154 543 in
1167 508 1277 544 lucem
1291 513 1458 558 producti,
1468 514 1644 564 agnoscere
1657 513 1710 550 sua
1731 517 1815 552 mala
1826 521 1912 554 inci-

75 562 179 608 piant.
190 556 293 590 Nunc
306 555 477 590 Christum
488 554 684 602 loquentem
695 557 916 602 inducit,quia
929 555 998 590 hxc
1010 569 1073 590 vox
1082 555 1202 592 affidue
1214 558 1344 593 resonet
1353 563 1388 595 in
1399 563 1574 611 Euangelii
1584 566 1911 612 praedicatione,Sur-

74 619 116 654 ge
134 607 192 652 qui
204 605 342 638 dormis.
376 603 541 638 Caetcrum
552 605 676 638 interea
693 617 764 638 non
776 604 894 638 dubito
913 607 998 652 quin
1010 606 1049 639 ad
1059 606 1304 653 Prophetarum
1329 612 1487 645 vaticinia
1496 611 1620 647 alludat
1631 625 1704 659 quae
1714 614 1780 650 hoc
1801 615 1912 666 ipsum

75 656 256 703 praedicunt
267 653 305 686 de
315 665 420 700 regno
431 652 565 686 Christi.
576 651 673 698 quale
687 653 731 687 cst
741 652 824 687 illud
834 651 949 690 les-aias,
960 656 1076 702 Surge,
1086 653 1276 690 illuminare
1285 655 1471 696 Ierusalem,
1483 664 1562 706 quia
1572 665 1663 696 venir
1673 662 1789 698 lumen
1800 675 1912 707 tuum,

76 708 141 738 διε.
153 704 270 749 Qum
282 714 360 749 crgo
372 704 418 735 ita
427 699 475 738 fit,
485 702 625 734 excitare
635 713 798 735 conemur
809 713 972 748 quantum
984 705 1020 737 in
1032 702 1131 737 nobis
1142 704 1197 741 est,
1207 705 1411 740 dormientes
1421 719 1458 741 ac
1469 719 1620 744 mortuos
1631 734 1641 748 ‚
1659 722 1693 746 vt
1703 725 1759 747 eos
1770 714 1911 749 adduca-
1925 717 2088 758 lesa.60.u·13

74 765 150 787 mus
160 751 199 784 ad
211 750 319 784 lucem
332 750 465 784 Christi.
475 749 566 783 Nam
577 749 669 795 quod
679 749 767 783 addit
778 773 788 787 ,
800 751 840 783 Et
849 749 1002 792 illucescet
1011 749 1067 784 tibi
1078 753 1104 783 C
1106 751 1231 796 hristus,
1251 765 1322 787 non
1333 752 1494 802 fignificat
1508 767 1590 791 tunc
1600 759 1735 794 demum
1753 760 1911 810 affulgere
1985 757 1989 759 ⁵
2054 755 2064 758 =

72 800 172 836 nobis
184 801 253 833 eius
263 799 378 833 lumen
387 825 397 839 ‚
407 797 464 832 vbi
476 795 708 832 surrexerimus
720 811 757 832 ex
768 809 888 839 morte,
898 797 984 845 quasi
998 803 1238 847 praeueniamus
1248 804 1318 835 eius
1327 806 1467 848 gratiam
1484 818 1492 838 ι
1515 806 1628 840 verum
1641 806 1834 856 simplicitet
1852 812 1907 847 d?-

73 849 234 884 monstrat
244 847 364 882 Paulus
373 871 383 884 ‚
394 859 456 881 nos
467 844 631 893 resurgere
642 848 659 879 a
671 857 778 880 morte
790 849 825 880 in
838 849 941 881 vitam
953 871 963 885 ,
975 860 1081 893 quum
1093 861 1155 882 nos
1167 849 1318 884 Christus
1330 850 1499 887 illuminat
1511 866 1519 887 z
1531 853 1631 900 idque
1646 862 1766 902 prioris
1779 851 1912 895 sentenss

73 900 125 932 tiae
150 894 385 930 confirmandae
398 892 490 930 causa
502 916 513 931 ‚
530 893 681 929 infideles
693 892 815 929 scilicet
825 897 842 929 a
859 897 1003 930 caecitate
1013 898 1219 932 reuocandos
1230 921 1239 935 ,
1258 910 1291 932 vt
1301 897 1380 934 salui
1393 899 1485 935 fiant.
1513 903 1619 948 de
1631 904 1760 951 alioqui
1778 911 1910 944 codices

70 957 133 994 pro
142 941 278 983 ὄῖηραύπι
288 971 298 984 ,
309 944 425 992 legunt
433 940 574 984 ἐφάψεται
582 966 592 981 ,
604 943 670 978 hoc
680 944 723 977 est
735 943 935 994 Continget,
950 944 1139 981 manifestus
1152 946 1195 982 est
1206 958 1305 982 error.
1315 949 1430 995 Itaque
1441 950 1624 985 lectionem
1644 951 1736 989 illam
1746 955 1812 990 fine
1823 969 1910 993 con-

71 992 227 1029 trouerfia
238 994 390 1041 repudio.

123 1074 156 1111 15
212 1058 336 1101 Videte
343 1062 450 1116 igitur
457 1056 623 1114 quomodo
634 1058 758 1099 exaiib
767 1057 948 1098 ambuletis
958 1079 970 1101 .·
979 1075 1051 1100 non
1059 1069 1228 1115 tanquam
1238 1063 1441 1118 incipientes
1451 1062 1538 1119 :sed
1555 1076 1724 1122 tanquam
1723 1069 1911 1127 fhpientes‚‘

126 1131 139 1156 1
145 1120 166 1154 6
222 1115 444 1157 Redimentes
452 1127 596 1171 tempus,
609 1117 774 1169 quoniam
785 1114 860 1153 dies
869 1115 955 1155 mali
953 1115 1049 1170 sunt.
1646 1151 1654 1172 k
1871 1134 1873 1137 ·

122 1186 165 1224 17
213 1180 336 1227 Qtare
345 1187 389 1211 ne
389 1171 468 1226 fitis
477 1171 721 1226 imprudentes,
722 1170 793 1223 sed
796 1169 1024 1226 intelligentes
1035 1171 1157 1227 quasit
1162 1174 1327 1216 voluntas
1339 1181 1497 1218 Domini.
1675 1183 1678 1188 '

124 1232 166 1270 18
227 1238 273 1270 Et
281 1242 326 1267 ne
333 1225 552 1268 inebriemini
560 1229 648 1265 vino
659 1228 698 1264 in
709 1240 774 1290 quo
787 1226 873 1278 inest
878 1224 1027 1278 lasciuia,
1033 1227 1101 1281 sed
1106 1231 1320 1286 impleamini
1331 1238 1463 1287 Spiritm

120 1300 160 1335 19
218 1283 393 1342 V⁰bis¹l⁰fi5
401 1283 578 1338 loquentes
589 1280 747 1334 Psalmis,
759 1281 799 1329 ὠ·
811 1286 973 1343 Hymnis‚
987 1285 1027 1331 &
1039 1287 1444 1342 Canticisspiritualibus,
1458 1302 1618 1334 canentes
1629 1291 1859 1350 &pfhllentes
1868 1297 1908 1338 in

67 1343 164 1384 corde
177 1342 298 1395 vestro,
309 1343 462 1379 Domino
475 1355 483 1378 :
834 1392 837 1394 v

122 1413 172 1439 20
231 1400 368 1439 Gratias
377 1406 514 1452 agentes
513 1392 651 1452 semper
657 1394 701 1433 de
711 1391 868 1433 omnibus
875 1423 886 1440 ,
896 1397 936 1433 in
945 1398 1087 1435 nomine
1095 1400 1245 1437 Domini
1265 1403 1375 1439 nosiri
1382 1399 1455 1455 Iesu
1468 1400 1606 1457 Christi,
1618 1414 1692 1445 Deo
1708 1407 1747 1454 ἀ
1757 1411 1866 1448 Patri,

1925 541 2087 582 loan.5‚‘e‡2'5:

107 1487 144 1523 15
193 1474 310 1511 Videte
320 1475 433 1522 igitur.)
483 1471 668 1508 Sialiorum
679 1470 837 1506 discutere
845 1470 994 1506 tenebras
1007 1470 1116 1508 fideles
1128 1474 1249 1510 debent
1261 1476 1393 1525 fulgore
1404 1476 1463 1513 suo
1474 1502 1483 1517 ‚
1496 1493 1623 1527 quanto
1638 1486 1750 1519 minus
1762 1476 1914 1522 caecutir'e

68 1525 131 1574 ipsi
140 1525 260 1560 debent
271 1526 307 1557 in
319 1524 458 1570 proprio
470 1524 545 1556 vitae
555 1523 708 1556 instituto
717 1526 732 1555 ,Ρ
755 1520 876 1567 quibus
890 1522 981 1554 enim
991 1521 1134 1557 tenebris
1146 1521 1176 1558 se
1187 1525 1408 1560 occultabunt
1419 1552 1429 1565 ,
1454 1529 1578 1574 quibus
1589 1530 1700 1565 illuxit
1711 1531 1759 1567 sol
1779 1536 1911 1570 iustitiae

65 1574 220 1610 Christus
230 1580 239 1605 ἒ
249 1572 382 1606 Debent
393 1572 495 1617 igitur
504 1570 566 1604 acsi
577 1572 612 1604 in
623 1569 839 1603 celeberrimo
849 1569 979 1602 theatro
989 1569 1100 1608 essent,
1116 1574 1227 1607 viuere
1238 1596 1248 1611 ,
1264 1577 1342 1620 quia
1352 1573 1409 1609 sub
1420 1577 1601 1625 conspeetu
1611 1581 1723 1615 Dei&
1735 1582 1911 1629 Angelori't

64 1625 198 1658 viuunt.
209 1622 281 1656 Hos
292 1619 430 1666 inquam
446 1618 538 1652 testes
547 1615 902 1655 reuereantur‚etiamsi
912 1617 1066 1652 mortales
1079 1632 1197 1655 omnes
1208 1620 1307 1657 latere
1319 1624 1593 1670 queantaomiffa
1605 1639 1718 1664 autem
1732 1631 1914 1678 metaph&-

64 1684 102 1707 πει
110 1669 339 1705 Tenebrarum
351 1671 384 1701 δὲ
395 1667 505 1706 LuciS,
517 1665 610 1700 iubet
620 1679 676 1700 eos
687 1665 798 1711 exaete
809 1668 913 1700 vitam
923 1678 1129 1713 componere
1145 1680 1294 1714 tanquam
1295 1673 1453 1720 sapientes
1463 1699 1474 1713 ‚
1484 1673 1551 1710 hoc
1562 1675 1606 1710 est
1619 1701 1630 1714 ,
1651 1680 1731 1723 qui-1·
1735 1691 1758 1712 n
1767 1690 1850 1713 verae
1864 1679 1913 1714 sa-

65 1721 200 1769 pientiae
210 1716 320 1752 schola
344 1716 486 1749 instituti
503 1712 768 1750 sintaDomino.
786 1727 865 1750 nam
876 1715 944 1751 haec
952 1715 1064 1750 nostra
1080 1716 1304 1765 intelligentia
1314 1721 1377 1759 est,
1394 1720 1514 1757 ducem
1524 1736 1561 1759 ac
1574 1726 1768 1774 magistrum
1787 1725 1909 1763 habere

62 1770 177 1805 Deum
190 1768 248 1814 qui
261 1777 322 1800 nos
332 1764 447 1798 doceat
455 1763 494 1796 de
508 1760 563 1797 sua
578 1762 765 1798 voluntate.

112 1817 150 1851 16
197 1812 397 1849 'Redimentes
405 1814 545 1858 tempus.)
596 1813 627 1846 A
637 1812 870 1846 circunstantia
879 1815 1041 1860 temporis
1052 1811 1231 1849 confirmat
1237 1813 1327 1851 suam
1338 1819 1619 1856 exhortationem.
1645 1823 1726 1856 Dies
1733 1825 1833 1857 malos
1846 1820 1908 1858 effe

65 1866 158 1902 dicit,
168 1863 235 1898 hoc
246 1862 300 1899 est,
312 1863 429 1895 omnia
437 1859 594 1894 scandalis
604 1865 638 1894 &
649 1859 845 1907 corruptelis
858 1858 917 1894 effe
928 1861 1037 1908 plena,
1045 1874 1082 1896 vt
1093 1860 1230 1898 difficile
1240 1864 1288 1902 fit,
1304 1869 1380 1913 pios
1392 1881 1523 1904 manete
1534 1869 1650 1906 illaesos
1661 1872 1741 1906 dum
1756 1874 1842 1906 inter
1853 1883 1907 1906 tot

60 1913 170 1962 spinas
179 1911 348 1946 incedunt.
363 1911 482 1955 Qun
497 1911 541 1942 ita
552 1920 750 1956 corruptum
761 1909 805 1942 est
814 1906 973 1947 seculum,
983 1911 1110 1944 videtur
1119 1911 1284 1948 Diabolus
1293 1919 1503 1960 tyrannidem
1513 1918 1684 1967 occupasse
1694 1943 1704 1957 ‚
1729 1932 1764 1954 vt
1774 1932 1907 1976 tempus
1940 1929 1976 1974 [ς
1987 1943 2032 1965 5„
2040 1940 2092 1957 a,
2105 1936 2154 1963 ..s
2163 1911 2268 1950 aarum

61 1974 135 1998 non
171 1957 245 1994 offit
256 1961 330 1993 Deo
341 1956 534 1994 consecrari,
544 1955 606 1991 nisi
641 1958 871 1991 uodammodo
882 1958 1103 2008 redemptum.
1116 1961 1221 2005 Qod
1230 1973 1341 1997 autem
1353 1968 1414 1999 erit
1423 1969 1568 2013 pretium
1579 1968 1820 2016 redemptionis
1831 1977 1840 2002 ἓ
1851 1982 1906 2004 m-

63 2001 167 2047 finitis
178 1998 341 2042 illecebris
351 2019 424 2053 quae
436 2004 530 2040 facile
542 2019 604 2040 nos
615 2002 984 2052 peruerterent,·cedere‚
1001 2010 1156 2042 extricare
1167 2021 1228 2043 nos
1241 2010 1259 2044 ὲ
1269 2014 1356 2046 cutis
1370 2017 1403 2047 δι’
1414 2014 1645 2063 voluptatibus
1656 2018 1907 2055 mundi,omni—

62 2057 126 2093 bus
136 2058 280 2103 denique
290 2055 540 2102 impedimentis
551 2057 751 2088 renuntiare.
761 2056 887 2088 Intenti
899 2066 977 2101 ergo
989 2054 1088 2090 simus
1100 2056 1138 2089 ad
1147 2057 1357 2093 occasionem
1370 2063 1478 2097 modis
1489 2063 1650 2098 omnibus
1670 2066 1904 2112 recuperandi.

60 2107 134 2141 ime>
146 2106 236 2153 quod
249 2103 347 2138 multi
357 2101 463 2137 solent
474 2105 615 2150 ignauiae
624 2101 685 2138 suae
696 2103 907 2150 praetendere,
918 2102 1023 2138 multa
1033 2102 1092 2139 esse
1102 2102 1317 2146 offendicula,
1330 2111 1432 2144 nimis
1443 2111 1582 2147 arduum
1594 2111 1904 2163 laborem,vigilan-

61 2157 143 2189 tiam
159 2154 302 2188 nostram
315 2151 425 2200 potius
437 2162 542 2185 acuat.

114 2214 154 2247 ¹7
206 2203 246 2235 N
249 2213 264 2234 e
265 2202 334 2248 sins
344 2197 570 2247 imprudentes.)
621 2200 694 2247 Q
705 2201 740 2233 in
757 2198 839 2246 legis
861 2199 1077 2235 meditatione
1088 2199 1117 2236 se
1127 2202 1291 2239 exercebit
1304 2205 1372 2240 dies
1392 2209 1428 2242 &
1442 2209 1559 2243 nostes
1569 2233 1578 2246 ‚
1590 2207 1687 2244 facile
1707 2211 1817 2245 viel-,or
1827 2222 1905 2245 eua-

61 2252 116 2286 det
127 2249 219 2298 supra
227 2247 449 2285 difficultates,
459 2246 671 2294 quascunque
680 2249 776 2281 Satan
787 2246 991 2296 opposuerit.
1001 2251 1096 2285 Vnde
1105 2254 1197 2286 enim
1211 2250 1247 2286 fit
1262 2264 1297 2287 vt
1308 2266 1426 2292 errent,
1437 2254 1494 2289 alii
1504 2256 1659 2292 labantur
1667 2285 1678 2299 ,
1708 2258 1765 2293 alii
1775 2261 1907 2307 impin-

62 2310 155 2347 gant,
170 2310 257 2332 retro
268 2297 385 2333 abeant
394 2295 463 2332 alii,
474 2295 534 2331 nisi
545 2298 622 2342 quia
632 2295 792 2343 paulatim
804 2308 866 2330 nos
879 2296 896 2329 ὲ
904 2298 1021 2332 Satana
1031 2297 1167 2333 finimus
1179 2299 1354 2340 obfuscari,
1366 2314 1400 2337 vt
1411 2303 1509 2338 nobis
1521 2306 1646 2341 excidat
1654 2308 1720 2342 Dei
1731 2306 1901 2346 voluntas,

62 2349 159 2383 cuius
169 2344 290 2382 assidua
299 2345 527 2380 recordatione
543 2346 684 2379 exerceri
694 2357 756 2378 nos
767 2345 917 2379 decuerat
930 2351 939 2378 Ξ
960 2347 999 2379 Et
1007 2358 1089 2380 nota
1100 2349 1221 2383 iterum
1230 2373 1242 2387 ‚
1257 2351 1468 2397 prudentiam
1479 2354 1497 2387 ὲ
1507 2353 1610 2389 Paulo
1622 2355 1774 2394 definiri,
1794 2368 1903 2402 quum

58 2398 126 2432 Dei
137 2393 344 2429 voluntatem
353 2392 585 2440 intelligimus.
595 2393 784 2439 Quomodo
793 2393 913 2439 diriget
921 2392 1107 2429 adolescens
1114 2399 1204 2431 viam
1215 2395 1305 2434 suam
1317 2406 1328 2432 ?
1339 2402 1451 2447 inquit
1461 2403 1586 2440 Dauid,
1597 2404 1828 2440 Custodiendo
1838 2404 1903 2440 ser·
1917 2399 2073 2442 l’fiddtis}
2110 2417 2116 2432 ι

60 2456 181 2480 mones
190 2455 278 2480 tuos,
286 2442 448 2476 Domine.
457 2443 510 2475 De
521 2441 700 2476 iuuenibus
710 2440 862 2489 loquitur
869 2467 881 2482 ‚
892 2440 943 2477 sed
955 2443 998 2477 est
1010 2445 1110 2479 etiam
1121 2444 1190 2481 haec
1200 2444 1316 2482 senum
1326 2450 1514 2496 prudentia.

107 2493 142 2526 18
184 2493 226 2524 Et
235 2503 272 2523 ne
282 2489 474 2524 inebriemini
481 2488 586 2529 vino.)
627 2492 748 2536 Qum
760 2503 816 2524 eos
828 2501 914 2525 vetat
925 2490 1092 2533 inebriari,
1104 2491 1208 2541 largas
1218 2508 1337 2531 omnes
1351 2500 1594 2535 &immodicas
1603 2504 1796 2549 potationes
1814 2515 1896 2551 pro-

56 2539 162 2578 hibet.
171 2539 310 2574 Perinde
321 2551 400 2585 ergo
413 2538 456 2572 est
464 2537 525 2572 acsi
535 2538 667 2579 diceret,
676 2538 730 2573 Ne
740 2537 807 2574 fitis
817 2540 1074 2586 intemperantes
1084 2543 1119 2576 in
1128 2554 1222 2590 potu.
1234 2543 1276 2579 Et
1288 2543 1385 2580 fimul
1393 2548 1551 2583 admonet
1567 2550 1648 2596 quid
1661 2550 1740 2585 mali
1749 2554 1854 2599 pariat
1866 2566 1904 2587 e-

56 2588 312 2635 brietas,nempe
323 2586 531 2634 decaniamquo
541 2588 682 2621 nomine
693 2585 849 2634 intelligo
860 2586 1007 2622 lasciuias
1016 2601 1119 2624 omne
1131 2592 1538 2638 genus‚&ydissolutiones.
1551 2611 1629 2632 nam
1639 2597 1662 2633 fi
1673 2600 1854 2636 Luxuriam
1864 2604 1903 2637 in

57 2637 255 2685 terpret'eris,
266 2636 364 2683 friget
375 2633 491 2670 sensus.
501 2634 674 2682 Significat
684 2647 763 2682 ergo
773 2633 919 2670 ebriosos
931 2634 1079 2672 diffluere
1090 2638 1276 2686 petulanter
1287 2644 1321 2677 in
1333 2638 1472 2678 omnem
1482 2647 1728 2682 immodestiam
1741 2662 1749 2682 ι
1765 2661 1827 2684 nec
1836 2662 1904 2698 pu-
2061 2650 2077 2668 ‘

57 2686 137 2721 dore
150 2684 220 2720 vllo
231 2687 347 2723 teneri,
357 2681 409 2718 sed
418 2684 584 2718 dominari
595 2686 798 2730 proteruiam
808 2707 818 2721 ,
829 2683 884 2718 vbi
896 2696 1011 2732 regnat
1021 2689 1141 2722 vinum
1155 2701 1162 2722 ε
1183 2691 1227 2723 ita
1236 2693 1295 2736 qui
1314 2690 1444 2739 alioqui
1456 2695 1698 2731 moderationis
1713 2700 1747 2731 &
1767 2698 1902 2732 honesti

58 2732 208 2782 respectu
216 2744 400 2780 tanguntur
410 2755 420 2769 ,
440 2732 631 2766 ebrietatem
644 2730 756 2779 fugere
766 2735 800 2766 &
811 2731 999 2768 abominari
1008 2735 1139 2771 debent.
1158 2738 1250 2788 Qia
1260 2751 1371 2774 autem
1383 2752 1416 2774 vt
1448 2739 1478 2776 se
1488 2743 1527 2776 ad
1535 2742 1734 2781 hilaritatem
1753 2748 1901 2780 inuitent

58 2781 182 2829 largius
191 2793 304 2830 potare
322 2779 429 2814 solent
443 2779 503 2814 filii
514 2781 613 2814 huius
625 2777 724 2814 seculi
736 2793 743 2813 ε
755 2779 916 2816 eiusmodi
926 2781 1047 2818 laetitiae
1056 2784 1179 2819 carnali
1189 2788 1334 2822 sanstam
1345 2788 1442 2823 aliam
1459 2795 1605 2839 opponit
1614 2815 1624 2830 ,
1638 2806 1705 2840 qua
1714 2807 1778 2829 nos
1790 2796 1901 2841 Spiri-

1 2856 4 2857 γ
58 2839 114 2864 tus
122 2831 185 2864 Dei
195 2829 361 2864 exhilaret.
374 2829 416 2864 Et
427 2828 528 2863 huius
538 2840 606 2874 quo
634 2840 675 2862 ue
687 2827 822 2863 effeetus
832 2828 992 2877 superiori
1002 2835 1187 2867 contrarios
1196 2836 1350 2871 recenset.
1363 2838 1457 2885 Qd
1468 2842 1579 2887 gignit
1590 2840 1729 2877 ebrietas
1740 2850 1749 2876 .>
1762 2841 1900 2877 dissolu-

58 2887 127 2913 tam
139 2880 397 2925 proteruiam,vt
416 2875 505 2924 quasi
517 2880 608 2910 cxcul
624 2890 644 2910 o
657 2875 752 2920 freno
762 2878 952 2913 indecenter
963 2879 1120 2916 homines
1133 2881 1294 2919 exultent.
1304 2887 1398 2933 Qid
1409 2885 1585 2934 spiritualis
1596 2888 1710 2925 laetitia
1721 2917 1731 2931 ,
1744 2903 1850 2937 quum
1862 2902 1900 2924 ea

59 2924 179 2973 perfusi
190 2925 300 2961 sumus
311 2931 326 2960 ,Ρ
338 2929 494 2970 Hymnus,
505 2926 650 2967 Pfizlmos,
660 2923 768 2959 laudes
777 2928 1021 2975 Deigratiamm
1031 2931 1172 2963 aeliones.
1191 2932 1238 2965 Hi
1249 2931 1324 2969 sunt
1334 2935 1408 2972 vere
1419 2937 1558 2972 iucundi
1570 2937 1697 2973 fructus
1708 2942 1743 2973 &
1755 2938 1900 2973 delceta-

59 2973 154 3009 biles.
181 2977 309 3022 Spiritus
318 2973 373 3008 hic
383 2973 542 3021 significat
555 2973 723 3008 Gaudium
735 2976 770 3008 in
782 2976 906 3022 Spiritu
917 2974 1040 3011 saneto.
1053 2979 1092 3012 In
1101 2978 1205 3013 verbo
1216 2981 1400 3030 Implomim',
1410 2982 1525 3020 allufio
1540 2987 1584 3021 est
1597 2987 1636 3020 ad
1647 2985 1823 3033 largiorem
1835 2998 1899 3034 po-

60 3033 135 3057 tum
145 3035 154 3056 ε
165 3033 201 3056 vt
212 3021 250 3056 fit
260 3022 398 3069 obliqua
407 3019 586 3056 antithetis.
631 3025 734 3068 Loqui
734 3020 864 3071 sibiipsis
873 3036 933 3071 pro
942 3027 1030 3058 Inter
1039 3023 1079 3060 se.
1098 3026 1222 3073 Neque
1233 3033 1324 3065 enim
1335 3030 1482 3080 singulos
1495 3035 1586 3068 intus
1601 3033 1658 3070 fibi
1669 3046 1785 3069 canere
1795 3034 1898 3069 iubet.

60 3083 141 3106 nam
153 3070 247 3116 quod
256 3071 365 3116 postea
373 3067 517 3108 subiicit,
528 3074 683 3103 Canentes
691 3073 722 3104 in
732 3070 833 3109 corde,
846 3074 982 3120 perinde
992 3073 1079 3108 valet
1089 3073 1151 3109 acsi
1161 3076 1298 3117 dixisset,
1309 3082 1354 3114 Ex
1365 3081 1463 3116 corde
1473 3095 1481 3115 :
1492 3095 1564 3117 non
1575 3082 1705 3117 tanturn
1718 3082 1834 3130 lingua
1844 3106 1854 3121 ‚
1864 3094 1902 3118 vt

59 3119 104 3164 hy
131 3120 240 3153 ocritae
257 3117 392 3152 faciunt.
412 3119 506 3168 Quid
515 3117 666 3152 differant
677 3120 823 3164 hyronia
834 3119 980 3168 psalmis,
992 3125 1027 3156 δε
1039 3124 1119 3169 quid
1131 3123 1257 3161 rursum
1269 3126 1386 3175 psalmi
1399 3130 1417 3164 a
1428 3133 1565 3164 canticis
1575 3153 1584 3167 ,
1603 3128 1740 3164 difficile
1755 3131 1800 3165 est
1812 3143 1901 3166 certa

59 3131 257 3202 delinitione
265 3167 397 3200 tradere.
408 3168 614 3213 anuam
626 3167 787 3202 nonnihil
797 3171 961 3215 attingam
972 3171 1011 3204 ad
1022 3170 1229 3209 Coloffenses
1239 3179 1347 3224 capite
1358 3178 1591 3225 4.Epitheturn
1603 3178 1791 3225 spiritualis
1802 3180 1841 3213 ad
1851 3174 1915 3213 ar-‘

58 3225 264 3263 gumentum
270 3217 420 3260 pertinet:
432 3218 510 3261 quia
522 3227 555 3248 vt
566 3214 751 3262 plurimum
762 3215 903 3264 publica:
915 3221 948 3254 &
959 3218 1062 3267 vulgb
1073 3219 1192 3258 vsitatae
1199 3227 1372 3261 cantiones
1389 3225 1465 3260 sunt
1477 3226 1517 3259 de
1528 3226 1623 3260 rebus
1634 3225 1765 3262 friuolis
1775 3250 1786 3266 ‚
1800 3226 1900 3262 adel)-

39 3308 42 3311 ·
58 3277 126 3311 que
137 3274 255 3311 parum
266 3263 370 3296 castis.
1448 3282 1449 3286 =
1899 3272 1902 3274 ’

107 3323 148 3346 20
198 3313 324 3359 era‘ms
344 3320 467 3365 agentes
466 3314 613 3362 se'mper.)
673 3312 844 3360 Significat
854 3314 942 3351 hanc
963 3315 1175 3367 voluptatem
1197 3318 1259 3355 esse
1268 3323 1338 3355 eius
1359 3324 1487 3368 generis
1505 3349 1516 3364 ‚
1537 3335 1609 3370 quae
1618 3337 1796 3372 nunquam
1807 3323 1904 3360 satie..

57 3370 124 3397 tate
141 3362 278 3410 gignere
289 3357 456 3396 fastidium
465 3360 597 3397 debeat.-
616 3361 684 3412 hoe
695 3360 755 3398 effe
767 3365 964 3402 exercitium
973 3368 1066 3414 quod
1074 3366 1262 3418 laffitudine
1273 3380 1382 3406 carere
1393 3370 1499 3408 debet.
1509 3373 1601 3408 Deus
1614 3375 1705 3408 enim
1718 3376 1905 3411 innumeris

1591 3423 1620 3456 ι.
1655 3423 1717 3470 iiij.
