2268 3705
453 94 1614 147 ADPH1L1P1PENSESc2-A1a1.
1912 111 1970 164 393

97 173 102 184 ¹
126 169 194 208 suis
205 168 362 206 membris
373 180 433 217 pro
446 171 556 215 gratiae
567 166 628 202 sua:
639 165 789 203 mensura
799 176 963 212 quantum
974 167 1102 215 expedit
1115 165 1298 207 distribuat,

176 230 219 254 20
267 216 440 253 Secundum
450 217 721 264 expirationem.)
770 215 880 260 siqui!
890 214 1039 253 obiiciat,
1059 216 1154 252 Vnde
1162 226 1274 250 autem
1285 215 1347 252 tibi
1357 217 1414 252 ista
1424 220 1560 254 notitia?
1569 218 1752 267 respondet,
1761 222 1808 258 Ex
1821 222 1966 272 spanum

126 280 234 317 quum
245 278 370 301 certum
381 263 429 304 fit,
442 266 553 298 Deum
564 261 654 311 spem
664 261 810 311 nostram
823 263 964 300 minime
974 262 1061 300 velle
1070 262 1223 301 frustrari:
1237 263 1306 312 spes
1316 264 1382 314 ipia
1391 265 1490 300 dubia
1500 266 1561 306 esse
1572 280 1644 302 non
1653 269 1757 305 debet.
1768 273 1874 307 Notet
1884 287 1964 322 ergo

127 316 304 363 diligenter
315 316 389 361 pius
401 314 520 347 Lector
530 311 724 347 aduerbium
733 311 813 350 hoe,
821 312 1061 349 Secundumwt
1070 312 1161 347 certo
1174 310 1286 349 secum
1300 316 1344 348 ita
1355 315 1618 356 constituat,fieti
1631 330 1700 353 non
1714 319 1800 365 poffe
1812 324 1895 367 quin
1909 336 1965 358 ex-

127 365 310 414 pestationi
319 361 434 396 nostrae
445 359 638 407 respondeat
649 361 818 394 Dominus
829 383 839 398 ‚
858 371 930 407 qua:
941 361 1075 406 quidem
1088 363 1124 396 in
1135 360 1236 396 verbo
1247 360 1305 396 suo
1316 361 1451 398 fundata
1462 362 1510 398 fit.
1534 364 1687 401 Promisit
1697 378 1809 401 autem
1823 368 1853 402 se
1872 384 1962 406 nun-

154 424 227 447 uam
239 409 428 448 defuturum
440 408 538 444 nobis
548 411 646 442 etiarn
657 410 742 442 inter
751 410 868 447 omnia
876 418 1041 447 tormenta
1049 431 1060 446 ‚
1081 408 1102 443 fi
1112 410 1249 457 quando
1259 423 1419 451 vocemur
1428 412 1468 448 ad
1482 416 1633 449 nominis
1652 410 1700 453 sui
1709 414 1961 456 confeffionem.

125 426 256 510 {aerem
264 460 373 507 itaque
382 457 475 496 Pauli
484 455 638 504 exemplo
651 469 768 494 ornnes
779 458 841 504 pii&
849 468 962 506 neque
967 456 1148 510 pudefient,

173 505 250 554 Cum
258 504 483 552 omnifiducia.)
534 506 693 541 Videmus
704 516 737 538 vt
748 503 940 552 superando,
951 508 1057 542 carnis
1069 509 1156 541 votis
1167 520 1380 556 nequaquam
1392 509 1562 558 indulgeat
1574 525 1581 545 :
1591 510 1643 546 sed
1652 510 1741 560 spem
1752 511 1842 549 suam
1853 513 1956 551 subii-

123 559 188 593 ciat
198 556 260 589 Dei
270 567 331 602 pro
336 552 493 589 missioni.
542 555 590 590 M
591 552 808 600 agnificabitun
818 556 853 590 in
881 555 929 591 uit
939 556 966 587 C
967 549 1072 597 hristus
1079 558 1112 587 in
1121 566 1240 603 corpore
1250 569 1327 597 meo,
1332 559 1458 605 simper
1468 560 1640 606 vitaemfiue
1644 572 1703 610 per
1709 556 1956 610 mortemquan-

113 615 224 651 *quam
233 605 438 638 nominatim
448 614 568 650 corpus
579 600 862 654 exprimens‚figni
889 609 940 637 cat
950 603 1036 638 inter
1044 606 1225 638 certamina
1235 606 1309 639 vitae
1322 605 1484 652 praesentis
1503 606 1532 642 se
1543 610 1582 645 dc
1593 607 1734 646 succeffu
1744 611 1886 647 minime
1897 612 1956 648 esse

115 651 273 692 (dubium.
287 664 365 686 nam
381 651 420 686 de
431 651 492 686 hac
502 662 536 684 re
543 648 622 685 facti
631 648 742 685 sumus
753 652 772 684 a
786 651 864 685 Deo
874 652 1040 686 certiores.
1050 653 1137 705 Ergo
1147 651 1170 686 fi
1179 652 1316 701 eprfiti
1327 654 1366 691 ad
1377 655 1444 687 Dei
1456 655 1640 695 arbitrium,
1654 662 1688 697 ἃ
1699 659 1787 694 idem
1797 659 1958 700 habentes

113 702 157 736 Ain
169 701 235 734 vita
245 698 452 747 propositum
463 700 556 750 quod
565 697 696 737 Paulus,
707 697 852 737 foelicem
865 700 991 738 exitum
1002 711 1208 754 quocunque
1219 703 1321 738 modo
1332 701 1497 749 speramus
1509 717 1518 735 :
1529 718 1599 740 non
1612 706 1757 755 amplius
1768 710 1960 746 timendum

110 751 182 786 ,erit
191 761 233 782 ne
243 750 324 794 quid
333 747 454 782 aduersi
469 749 610 784 eueniat,
636 748 726 785 Nam
738 746 760 787 fi
770 746 820 781 illi
831 748 977 793 viuimus
989 750 1023 782 &
1034 750 1209 784 morimur:
1220 749 1312 784 illius
1322 748 1434 791 sumus
1446 753 1480 785 in
1494 755 1561 786 vita
1577 757 1610 788 &
1622 757 1657 791 in
1668 767 1788 794 morte,
1799 758 1961 805 Romaq..

111 795 148 833 b.
157 797 335 831 8.Modum
348 798 502 843 exprimit,
513 795 637 834 Christi
647 794 1021 846 magnificandiinempe
1035 798 1071 833 in
1082 796 1226 849 perfesta
1235 796 1457 838 fiducia-vnde
1468 798 1723 847 sequitur,deiici
1732 803 1839 852 ipsum
1853 808 1965 842 nostra

119 844 229 893 culpa,
252 848 286 879 &
297 846 464 879 extenuari
472 853 635 893 quantum
647 845 682 878 in
694 843 792 879 nobis
802 843 856 881 est,
866 855 972 889 quum
984 847 1106 880 timore
1115 844 1320 882 labascimus.
1331 851 1390 883 An
1399 849 1500 900 igitur
1511 861 1566 885 eos
1578 862 1648 884 non
1660 853 1771 897 pudet,
1784 853 1906 900 quibus
1917 855 1966 890 le-

109 906 161 929 -ue
171 893 330 928 delictum
341 893 479 930 videtur,
491 895 528 927 in
538 890 742 931 confeffione
751 894 898 932 veritatis
909 893 1109 940 trepidatio?
1121 894 1183 935 Sed
1192 895 1251 942 qui
1260 896 1410 944 puderet,
1425 909 1531 943 quum
1544 898 1625 932 adeo
1636 897 1698 933 smt
1709 902 1886 947 prostituta
1896 903 1965 938 fro-

116 953 161 982 te,
173 953 208 975 vr
219 940 477 988 abnegationem
489 946 625 987 quoq‘ue
636 939 783 978 excusare
794 940 934 975 audeant
945 945 960 974 ?
970 941 1082 979 Addit,
1091 942 1365 990 Qemadmodum
1364 944 1501 994 semper:
1518 958 1550 987 vt
1565 947 1584 981 ὲ
1595 951 1766 995 praeteritis
1778 953 1887 997 gratiae
1896 954 1963 992 Dei

118 991 353 1038 experimentis
365 988 462 1024 fidem
473 988 564 1026 suam
574 987 750 1024 stabiliant.
762 991 807 1022 ita
814 976 1021 1038 Rom-57:14,
1034 989 1192 1030 Probatio
1202 989 1293 1040 spem
1305 995 1402 1047 parit.
1788 999 1791 1003 ’

165 1049 197 1072 21
245 1039 340 1072 Mihi
350 1041 429 1072 enim
438 1034 596 1081 viuendo.)
647 1038 817 1073 Hactenus
826 1037 918 1074 hunc
928 1036 1056 1076 locum,
1068 1051 1144 1074 meo
1161 1040 1388 1079 iudicio,male
1400 1053 1568 1082 verterunt
1580 1047 1613 1079 δε
1625 1042 1848 1093 exposuerunt
1859 1051 1963 1084 inter-

116 1099 232 1138 pretes.
247 1085 288 1120 sic
300 1089 390 1123 enim
401 1087 620 1132 distinguuntt
630 1086 723 1132 quod
734 1085 884 1119 Christus
895 1084 992 1124 fuerit
1006 1086 1110 1121 Paulo
1121 1090 1241 1127 vitan&
1254 1102 1346 1129 mors
1357 1089 1497 1126 lucrum.
1526 1093 1600 1140 Ego
1611 1096 1723 1130 autem
1734 1095 1905 1131 Christum
1923 1100 1962 1134 in,

109 1147 256 1182 votoque
268 1133 419 1171 membro
430 1136 592 1176 orationis
602 1133 687 1168 facio
698 1132 896 1168 submerum.-
907 1144 941 1168 vr
951 1137 1065 1175 tamin
1076 1137 1143 1174 vita
1155 1138 1258 1184 quarn
1268 1139 1304 1173 in
1316 1150 1425 1177 morte
1434 1139 1564 1174 lucrum
1576 1137 1851 1192 effepraedicetur.
1872 1137 1963 1180 Grae-⁴

114 1187 164 1221 cis
179 1185 269 1218 enim
290 1183 425 1231 vulgare
437 1183 481 1221 est
492 1206 501 1220 ,
521 1180 693 1216 subaudire
715 1183 909 1229 particulam
921 1181 998 1221 πώς.
1020 1194 1237 1233 praeterquam
1249 1197 1363 1221 autern
1383 1188 1475 1234 qubd
1485 1189 1540 1223 hic
1559 1187 1665 1225 sensus
1689 1194 1801 1231 minus
1821 1192 1866 1227 est
1884 1206 1963 1233 coa-

103 1235 188 1276 (sskus
197 1258 208 1273 ,
231 1233 330 1266 etiam
358 1230 478 1266 melius
498 1230 639 1266 cohaeret
659 1242 736 1265 cum
756 1232 908 1278 proxima
920 1228 1081 1276 sententia
1090 1256 1101 1270 ,
1123 1238 1156 1268 ὃς
1167 1233 1360 1280 pleniorem
1373 1239 1524 1271 continet
1544 1239 1744 1280 dedititiam.
1766 1240 1964 1278 Indiffetens

113 1280 174 1319 sibi
184 1278 243 1315 effe
265 1285 298 1315 ἅ
310 1282 345 1317 in
355 1292 451 1327 aequo
480 1277 621 1315 affirmat
632 1305 642 1319 ‚
656 1278 790 1312 viufirne
801 1291 842 1313 an
858 1280 1035 1319 moriatur:
1048 1282 1210 1326 quoniam
1221 1282 1396 1318 Christum
1407 1284 1531 1320 habens
1541 1311 1551 1326 ‚
1563 1297 1730 1334 vtrunque
1740 1289 1835 1328 lucro
1854 1303 1963 1338 appo-

112 1341 182 1367 nat.
203 1329 244 1364 Et
255 1329 341 1363 certe
359 1341 443 1363 vnus
455 1328 499 1361 est
520 1325 672 1361 Christus
683 1330 742 1377 qui
764 1328 877 1361 tamin
889 1337 998 1364 morte
1018 1328 1244 1411 quwita
1255 1344 1317 1365 nos
1340 1331 1420 1367 facit
1435 1333 1559 1368 beatos.
1571 1334 1700 1381 alioqui
1712 1334 1735 1374 si
1749 1349 1840 1372 mors
1860 1339 1959 1374 mise-

110 1391 146 1415 ra
156 1401 166 1416 ‚
186 1379 254 1413 vita
275 1376 385 1412 nihilo
393 1375 546 1411 foelicior.
567 1374 662 1411 Adeo
673 1387 707 1409 vt
718 1373 853 1409 difficile
872 1373 910 1409 fit
919 1373 1056 1415 definire
1066 1399 1076 1414 ,
1134 1386 1182 1410 tra
1203 1378 1374 1419 Christum
1386 1379 1474 1422 sitne
1487 1385 1574 1416 mori
1585 1383 1698 1418 vtilius
1717 1385 1820 1431 quam
1833 1389 1954 1422 viuere.

110 1425 259 1463 Rursum
269 1425 347 1462 adsit
367 1425 517 1460 Christus
527 1448 538 1464 ,
558 1427 592 1462 ὃς
601 1426 705 1463 vitam
715 1424 859 1463 nostram
869 1424 1005 1478 perinde
1025 1436 1063 1463 ac
1072 1435 1217 1460 mortem
1227 1425 1402 1462 benedicet
1413 1442 1422 1461 :
1459 1441 1493 1463 vt
1502 1429 1540 1464 sit
1549 1441 1686 1478 vti-aque
1697 1432 1796 1469 nobis
1807 1432 1909 1477 fausta
1919 1439 1956 1471 δε

100 1476 301 1529 expetenda.
1640 1480 1643 1482 ’

166 1536 210 1566 22,
266 1519 410 1578 desi
415 1526 534 1562 viuere-
541 1525 580 1561 in
588 1536 686 1561 carno
693 1525 936 1578 operaepretium
944 1521 1035 1562 mihi
1045 1521 1102 1575 est:
1113 1525 1218 1564 etiam
1232 1525 1324 1579 quid
1326 1524 1452 1580 eligam
1461 1531 1595 1582 ignoro,

163 1596 187 1621 2
189 1595 207 1633 3
266 1582 432 1619 coaraor
439 1581 531 1617 enim
539 1592 584 1616 ex
594 1576 735 1623 duobus,
745 1580 880 1632 cupiens
887 1577 1021 1633 dtffilui
1031 1579 1071 1625 ά
1082 1578 1144 1635 ff
1154 1593 1229 1619 cum
1239 1579 1388 1635 Chxisto:
1398 1583 1505 1627 multa
1513 1588 1607 1625 enim
1619 1581 1683 1625 hoc-
1690 1585 1824 1630 melius.

163 1651 212 1687 24
268 1642 439 1676 <Manere
449 1631 530 1672 verb
540 1636 580 1671 in
589 1646 700 1678 carne,
709 1636 821 1688 magis
831 1649 909 1674 nece
934 1636 1045 1673 arium
1049 1645 1270 1691 proptervos.

164 1708 206 1746 25
262 1698 375 1749 Atque
383 1688 446 1728 hoc
455 1686 592 1742 caffism
602 1691 685 1732 noui
693 1687 788 1746 qubd
792 1704 895 1735 mane
909 1706 935 1732 „o
947 1688 1196 1747 &permanebo
1207 1707 1282 1733 cum
1290 1693 1451 1744 omnibus
1460 1695 1577 1746 vobis,
1589 1700 1628 1737 in
1638 1699 1952 1757 veflrumprofed't'ffi

105 1746 150 1800 ’ῤ’
154 1747 322 1805 gaudium
324 1746 427 1797 fidei:
1863 1753 1866 1757 ⁴

157 1807 203 1844 26
260 1810 292 1845 V
291 1812 309 1842 t
309 1801 469 1858 gloriatio
477 1801 588 1856 vestra
598 1812 759 1858 exuperet
765 1804 804 1841 in
812 1801 945 1855 christo
955 1800 1032 1857 leste
1043 1803 1086 1845 de
1093 1818 1161 1851 me,
1163 1814 1229 1858 per
1235 1820 1354 1849 meum
1361 1806 1474 1863 rmffus
1483 1807 1671 1850 adumtum
1680 1810 1732 1849 ad
1741 1825 1821 1853 vos.

157 1872 193 1900 a
240 1857 369 1908 dest
375 1860 504 1902 viuere.)
556 1858 856 1941 Qemadmodum
867 1858 1024 1906 desperati
1033 1859 1191 1895 homines
1201 1863 1354 1910 perplexi
1363 1863 1438 1899 sunt
1448 1865 1631 1900 debeantne
1641 1870 1708 1901 viti
1716 1867 1852 1915 longius
1870 1864 1951 1918 pro-

104 1920 221 1957 togate
229 1910 266 1942 in
277 1905 425 1944 miseriis,
435 1919 476 1941 an
488 1919 595 1941 morte
630 1910 699 1943 nire
712 1904 781 1941 suas
793 1919 964 1943 aerumnas:
981 1909 1026 1942 ita
1040 1908 1220 1944 ecoiiuerso
1229 1905 1447 1948 Paruus'adeb
1459 1913 1487 1948 sc
1496 1927 1592 1960 aequo
1603 1917 1719 1949 animo
1733 1927 1799 1951 tam
1809 1919 1849 1951 ad
1858 1932 1953 1953 mor-

104 1969 175 1992 tem
187 1957 289 2004 quam
298 1955 339 1989 ad
348 1956 451 1989 vitam
462 1966 613 2002 paratum
625 1955 684 1995 effe
693 1955 866 2002 dicit2quia
877 1955 1048 2002 vtriusque
1056 1958 1211 1992 conditio
1220 1957 1366 1994 bearafit
1377 1960 1578 2000 fidelibus‚vt
1587 1963 1626 1996 de
1637 1966 1779 2010 optione
1788 1965 1949 2014 ambigat.

104 2006 364 2056 §ioperaepretium
375 2001 424 2044 est,
440 2004 506 2044 hoc
517 2004 571 2047 esti
584 2002 604 2038 fi
618 2003 704 2038 mihi
715 2004 840 2038 constet
850 2006 958 2039 maior
967 2008 1040 2040 vitae
1054 2018 1134 2044 meae
1144 2005 1271 2043 fruetus
1280 2008 1388 2054 quam
1399 2012 1526 2044 mortis:
1538 2024 1609 2045 non
1620 2013 1718 2045 video
1732 2014 1840 2050 Vtrum
1851 2016 1951 2051 debei

97 2064 296 2103 ,Pi-aeoptare.
347 2053 382 2086 V
382 2054 463 2085 iuere
473 2055 505 2085 in
517 2063 619 2091 carne,
629 2065 687 2101 per
695 2063 931 2099 contemptum
946 2052 1219 2100 posuit‚melioris
1232 2057 1306 2089 vitae
1316 2067 1397 2091 ·com
1402 2061 1582 2109 paratione.
1869 2066 1875 2071 '

156 2113 189 2147 23
240 2102 382 2135 Coarb‘t'or
402 2102 505 2143 enim.)
549 2100 633 2152 Nor-1
643 2100 705 2135 alia
715 2102 863 2140 mercede
875 2103 986 2136 viuere
996 2100 1133 2149 optabat
1145 2101 1266 2138 Paulus
1283 2126 1294 2141 ‚
1315 2106 1421 2150 uquam
1433 2118 1467 2140 vt
1479 2105 1614 2143 sei-uitet
1629 2107 1754 2142 Christi
1766 2108 1899 2157 gloriae,
1911 2115 1950 2147 &s

96 2148 256 2190 fratribus
267 2147 436 2197 prodesset.
450 2149 590 2195 proinde
600 2161 708 2201 neque
719 2147 818 2183 aliam
828 2147 1002 2189 vtilitatem
1013 2161 1142 2197 reputat
1152 2152 1188 2185 in
1199 2153 1265 2184 vita
1274 2174 1285 2189 ‚
1321 2155 1425 2199 quam
1435 2153 1571 2189 fratrum
1585 2154 1731 2200 salutem.
1755 2158 1824 2193 Sibi
1834 2172 1948 2194 autem

100 2201 262 2248 §stillatim
271 2196 390 2231 melius
401 2194 461 2230 esse
470 2194 617 2243 agnoscit
625 2197 694 2235 cito
705 2199 804 2237 mori,
817 2200 896 2243 quia
906 2196 1037 2238 futurus
1049 2196 1086 2232 fit
1095 2210 1174 2239 cum
1186 2198 1336 2234 Christe».
1350 2202 1385 2235 sn
1398 2205 1537 2250 optione
1548 2204 1625 2238 vcro
1637 2205 1838 2242 demonstrat
1849 2210 1947 2254 quava

52 2237 63 2247 Α
103 2249 213 2285 ardeat
222 2245 389 2285 charitate.
406 2245 488 2284 Non
500 2244 556 2281 hic
566 2245 604 2280 de
615 2245 804 2283 commodis
814 2248 949 2280 terrenis
961 2248 1080 2293 agitur,
1091 2244 1144 2281 sed
1154 2248 1194 2281 de
1203 2247 1370 2295 spirituali
1380 2249 1473 2285 bono
1487 2252 1711 2298 quod'mcrito
1722 2256 1786 2301 piis
1796 2256 1948 2291 summo-

103 2307 182 2344 pere
190 2293 336 2342 optabile
354 2293 408 2332 est.
424 2292 543 2329 Paulus
555 2304 666 2328 tamen
703 2292 792 2339 quasi
801 2291 849 2328 sui
866 2292 1010 2335 oblitus,
1029 2307 1100 2329 non
1113 2294 1243 2330 tantum
1253 2294 1284 2331 se
1297 2299 1450 2333 medium
1461 2301 1614 2337 continet
1624 2323 1633 2337 2
1656 2315 1698 2335 ne
1709 2301 1785 2350 plus
1795 2307 1830 2339 in
1849 2303 1945 2340 suum

100 2344 210 2392 quam
218 2339 479 2390 Philippensium
490 2340 618 2376 bonum
631 2342 854 2389 propendeat:
870 2341 921 2377 sed
941 2343 1073 2386 tandem
1086 2343 1276 2383 concludit,
1288 2344 1439 2393 ipsorum
1453 2351 1617 2383 rationem
1628 2350 1664 2383 in
1675 2351 1774 2385 corde
1792 2352 1851 2388 suo
1861 2366 1946 2402 ptae—

129 2392 295 2430 onderare.
306 2391 382 2425 Hoc
394 2390 515 2428 scilicet
525 2390 600 2431 vete
609 2389 654 2430 est
668 2390 802 2428 Christo
813 2392 923 2429 viuere
934 2394 968 2426 ὃ(
982 2393 1201 2439 ωοτί,,ςιιιιτῐι
1210 2392 1293 2428 nobi
1301 2406 1316 2428 s
1325 2395 1521 2443 posthabitis
1531 2395 1667 2436 ferimur
1685 2398 1754 2446 quo
1764 2415 1827 2439 nos
1841 2401 1945 2436 Chri..

98 2405 171 2481 Rus
181 2449 290 2479 vocat,
301 2450 338 2474 ac
348 2441 505 2486 rapimur.
751 2451 766 2487 f
1112 2442 1114 2444 ’

151 2491 288 2536 Cupiens
298 2485 417 2533 dtffolui
426 2485 521 2532 &eff
516 2498 532 2520 e
543 2498 608 2524 cum
617 2484 762 2530 Chmsto.)
809 2488 1033 2524 Conium‘hm
1044 2488 1183 2541 legenda
1193 2488 1268 2525 sunt
1277 2489 1353 2526 lnaec
1362 2492 1440 2527 duo.
1451 2505 1510 2541 per
1521 2491 1551 2528 se
1562 2496 1652 2529 enim
1664 2508 1753 2531 mors
1763 2510 1940 2535 nunciuam

97 2538 282 2586 'expeteturz
294 2537 372 2582 quia
380 2541 506 2584 pugnat
515 2535 582 2570 hoc
590 2535 785 2575 desiderium
794 2548 872 2571 cum
880 2535 971 2573 sensu
984 2549 1117 2572 naturae:
1129 2537 1180 2573 sed
1190 2541 1359 2586 expei:itur
1368 2553 1504 2590 propter
1513 2540 1652 2582 causam,
1666 2543 1718 2578 vel
1729 2532 1864 2593 propte}
1874 2548 1942 2583 alifi

98 2583 216 2621 finem.
237 2584 405 2632 Desperati
416 2584 455 2618 ad
465 2597 536 2618 eam
546 2582 749 2635 confugiunt
758 2585 854 2618 taedio
863 2587 938 2621 vitae
949 2599 956 2623 z
978 2584 1088 2622 fideles
1100 2587 1223 2623 adeam
1230 2587 1378 2627 lib-enter
1386 2601 1565 2637 properant
1574 2617 1584 2631 ‚
1607 2594 1686 2639 quia
1696 2592 1848 2631 liberatio
1858 2597 1902 2631 est
1921 2598 1942 2636 ὲ.

98 2632 236 2670 seruitio
245 2635 382 2681 peccati,
396 2636 429 2668 δε
438 2631 590 2673 transitus
601 2635 637 2668 in
649 2645 788 2681 regnum
801 2631 967 2668 caelorurn.
978 2635 1056 2673 Hoc
1069 2635 1211 2682 estquod
1220 2648 1317 2674 nunc
1327 2637 1408 2672 dicit
1419 2637 1670 2687 Paulus,Cupio
1682 2644 1861 2690 mori‚quia
1871 2645 1939 2679 hoc

101 2683 207 2718 modo
215 2684 408 2730 perueniam
419 2681 457 2716 ad
465 2679 589 2720 Christi
599 2683 889 2716 coniunctionem.
898 2684 1024 2718 Interea
1035 2697 1105 2719 non
1116 2683 1270 2723 desinunt
1278 2683 1391 2719 fideles
1403 2697 1546 2725 mortem
1559 2687 1702 2725 horrere:
1715 2691 1766 2726 sed
1777 2704 1882 2738 quum
1899 2707 1940 2727 o-

95 2729 414 2766 culosconuertunt
421 2730 462 2763 ad
471 2732 574 2763 vitam
593 2728 686 2763 illam
697 2741 769 2775 quae
785 2739 927 2765 mortem
940 2730 1106 2778 sequitur,
1125 2730 1360 2768 consolatione
1371 2734 1429 2768 ista
1438 2733 1533 2769 facile
1551 2737 1693 2772 vincunt
1709 2737 1937 2776 formidinem,

100 2779 200 2814 ‚Certe
212 2780 360 2826 quisquis
368 2780 402 2812 in
413 2776 585 2812 Christum
596 2777 708 2816 credit,
721 2779 766 2812 ita
774 2776 870 2812 debet
881 2778 940 2819 effe
948 2782 1127 2820 animatus,
1139 2791 1173 2814 vt
1181 2781 1222 2815 ad
1233 2784 1446 2816 mentionem
1457 2785 1575 2818 mortis
1584 2795 1683 2833 caput
1693 2787 1834 2829 attollar,
1845 2788 1938 2823 laetus

99 2829 224 2866 nuntio
233 2824 293 2862 suae
303 2827 552 2874 redemptionis.
564 2825 659 2859 Vnde
668 2836 801 2907 apparet
812 2826 913 2873 quam
923 2827 1023 2863 multi
1034 2827 1096 2862 sint
1105 2829 1205 2863 titulo
1216 2840 1315 2864 tenus
1324 2830 1481 2865 duntaxat
1490 2831 1818 2882 Christiani,quando
1830 2839 1937 2877 maior

99 2887 187 2924 pars,
195 2876 308 2910 audito
318 2878 436 2909 mortis
448 2876 599 2912 nomine,
611 2875 705 2921 perin
730 2887 746 2908 e
755 2872 815 2912 acsi
827 2874 958 2914 nullum
970 2889 1118 2924 vnquam
1128 2877 1167 2910 de
1177 2877 1315 2912 Christo
1326 2878 1502 2914 verbulum
1514 2880 1684 2923 audissent,
1697 2897 1768 2918 non
1783 2885 1885 2919 modo
1896 2897 1935 2918 ex

99 2922 279 2971 pauescunt
289 2950 299 2964 ,
311 2922 361 2962 scd
372 2923 476 2972 prope
486 2922 667 2961 redduntur
677 2924 853 2959 exanimes.
867 2923 902 2957 O
917 2923 1006 2963 bona
1015 2923 1229 2965 conscientia,
1244 2938 1308 2972 qua
1314 2937 1412 2961 ntum
1421 2927 1529 2976 polles
1543 2940 1580 2962 ae
1591 2929 1694 2964 vales:
1715 2933 1814 2967 Bonae
1825 2943 1938 2972 autem

97 2970 310 3013 eonscientiae
327 2970 582 3008 fundamentum
594 2971 637 3004 est
650 2969 727 3008 fides
740 2984 748 3004 z
769 2970 840 3005 imo
853 2969 919 3020 ipsa
929 2971 975 3007 est
1000 2970 1209 3007 conscientia:
1218 2973 1366 3009 bonitas.
1403 2975 1540 3022 Dtffidui.
1579 2978 1736 3013 Notanda
1745 2981 1789 3013 est
1798 2981 1866 3015 haec
1883 2980 1938 3014 lo-

99 3022 233 3066 quutio.
242 3022 388 3055 Mortem
403 3018 534 3067 profani
544 3020 699 3053 homines
710 3018 931 3055 abolitionem
942 3020 1093 3056 hominis
1102 3033 1235 3063 vocant,
1246 3021 1338 3069 quasi
1349 3034 1439 3058 totus
1449 3027 1596 3064 intereat.
1609 3026 1727 3062 Paulus
1739 3027 1794 3063 hic
1804 3040 1866 3062 nos
1877 3029 1938 3063 εὸ-

98 3066 294 3106 monefacit‚
304 3080 447 3103 mortem
465 3066 523 3101 esse
532 3065 735 3107 solutionem
745 3070 864 3103 animae
873 3069 891 3102 ὲ
901 3081 1050 3116 corpore.
1062 3071 1100 3103 Et
1112 3069 1177 3104 hoc
1188 3069 1307 3105 melius
1320 3073 1487 3111 continuo
1499 3073 1572 3121 post
1582 3076 1861 3122 exprimir‚dicens
1871 3089 1939 3123 que

99 3115 176 3164 post
186 3127 327 3150 mortem
338 3115 447 3151 fideles
458 3116 610 3150 conditio
621 3126 762 3156 maneat,
771 3127 807 3150 vt
815 3115 937 3151 scilicet
947 3129 1026 3152 cum
1036 3118 1170 3152 Christo
1181 3117 1471 3159 habitent.Sumus
1481 3125 1581 3156 etiam
1594 3133 1671 3157 cum
1683 3121 1817 3161 Christo
1830 3126 1865 3158 in
1877 3125 1940 3160 hac

100 3166 172 3200 vita
182 3187 192 3203 ,
203 3175 365 3210 quatenus
374 3176 516 3212 regnum
526 3165 590 3199 Dei
603 3166 688 3198 intra
697 3176 759 3198 nos
770 3165 824 3202 est,
832 3168 873 3199 &
883 3165 1034 3200 Christus
1045 3168 1081 3201 in
1092 3165 1191 3201 nobis
1200 3167 1329 3202 habitat:
1339 3181 1397 3216 per
1406 3167 1503 3203 fidem
1513 3196 1524 3211 ‚
1537 3168 1634 3216 seque
1643 3170 1740 3210 nobis
1750 3171 1943 3208 adfuturum

100 3211 275 3262 pollicitus
291 3211 494 3259 estwsquead
503 3210 604 3247 finem
617 3212 733 3247 mundi
744 3225 753 3246 t
763 3210 815 3246 sed
826 3213 1030 3260 praesentiam
1040 3213 1133 3249 illam
1142 3212 1196 3262 spe
1209 3215 1342 3251 tanturn
1354 3219 1569 3265 percipimus.
1587 3219 1663 3252 Ideo
1675 3221 1787 3264 quoad
1809 3218 1940 3256 sensum

98 3260 413 3298 nostrum,dicimur
423 3272 512 3294 nunc
521 3259 562 3294 ab
572 3259 644 3309 ipso
655 3262 868 3308 peregrinari.
884 3262 968 3296 Vide
978 3263 1144 3297 z.C0rint.
1156 3262 1215 3308 5.b.
1228 3267 1265 3301 6,
1291 3264 1390 3298 Valet
1399 3264 1455 3299 hic
1475 3264 1570 3300 locus
1581 3266 1620 3298 ad
1633 3265 1848 3302 refellendum
1859 3272 1942 3306 eorii

97 3307 357 3344 deliramentum
367 3309 426 3354 qui
435 3309 560 3343 animas
571 3309 589 3343 ὲ
599 3309 796 3356 corporibus
805 3308 926 3346 diuisas
937 3310 1081 3347 dormire
1091 3310 1269 3348 somniant.
1280 3325 1362 3355 num
1371 3311 1492 3347 Paulus
1501 3314 1610 3360 aperte
1621 3315 1754 3351 testatur
1761 3339 1772 3356 ,
1799 3328 1864 3353 nos
1874 3317 1941 3354 frui

98 3358 224 3399 Christi
232 3354 402 3410 praesentia
411 3367 517 3403 quum
530 3355 748 3402 diffoluimut.
