2268 3705
594 70 712 119 AD
760 68 1190 119 GALATAs
1241 73 1418 130 CAp.
1470 80 1501 121 ι.
1911 92 1979 138 30»,-

111 140 239 199 gelium
250 142 431 196 ignorans?
457 144 608 192 Praecipit
618 147 729 190 itaque
750 155 811 190 pro
828 142 970 177 diabolis
993 141 1108 178 haberi
1119 145 1315 192 quicunque
1335 146 1557 194 Euangelium
1570 147 1685 187 aliuda
1698 150 1759 189 suci
1772 153 1886 191 afferre
1894 159 1962 195 ausi

111 200 146 235 fu
152 200 246 233 erint:
259 195 360 231 Aliud
370 195 551 228 nominans
571 217 582 232 ,
593 194 649 227 cui
658 193 765 226 aliena
776 201 971 226 commenta
980 190 1160 227 assuuntur.
1178 192 1299 240 Neque
1309 199 1400 228 enim
1410 194 1542 242 prorsus
1552 203 1714 235 contraria
1726 214 1792 238 erat
1806 206 1961 244 doetrina

112 242 467 295 pseudoapostolorum
476 263 486 279 ‚
497 252 554 275 aut
564 243 664 274 etiam
673 237 799 275 diuersa
819 252 827 273 :
840 238 894 274 sed
904 238 988 275 falfis
1004 240 1234 284 additamentis
1245 254 1410 291 corrupta.
1422 244 1551 279 Puerile
1561 248 1662 292 igitur
1672 252 1734 284 erit
1752 253 1955 299 Papissarum

112 293 364 341 subterfugium,
376 302 482 336 quum
493 288 535 323 fic
545 288 638 323 Pauli
648 288 748 323 verba
763 287 912 323 eludunt:
922 288 1071 323 Primum
1082 313 1092 327 ,
1103 302 1174 324 non
1186 301 1292 325 extare
1303 303 1410 327 totam
1420 294 1490 328 eius
1501 296 1768 341 praedicationem
1784 313 1792 332 ε
1807 314 1868 337 nec
1880 301 1955 339 sciri

113 341 202 392 posse
212 341 292 389 quid
301 340 517 375 continuerit,
529 336 590 371 nisi
601 337 693 371 testes
704 338 722 371 ὲ
731 338 872 372 mortuis
882 339 1067 372 excitentur
1077 337 1212 376 Galam,
1223 342 1283 385 qui
1291 341 1596 377 audieruntzdeinde
1605 356 1677 379 non
1687 347 1856 392 prohiberi
1868 355 1952 397 quin

110 391 239 438 aliquid
249 388 392 423 addatur:
405 384 456 420 sed
467 383 598 420 rantum
610 384 673 419 alia
684 385 856 433 euangelia
864 385 1024 419 damnari.
1051 386 1140 421 Nam
1152 386 1246 422 Pauli
1257 388 1353 435 quale
1364 388 1589 437 fuerit‚quoad
1598 393 1707 427 nostra
1718 392 1796 429 scire
1806 399 1950 438 interest,

112 453 183 476 non
192 435 327 473 obscure
336 448 373 469 ex
389 437 457 469 eius
469 432 593 482 scriptis
605 433 810 481 colligimus,
839 435 950 468 Huius
960 433 1134 480 Euangelii
1142 434 1252 482 palam
1265 437 1326 478 est,
1339 449 1450 473 totum
1462 440 1623 487 Papatum
1633 440 1833 478 horrendam
1845 445 1904 479 effe
1917 461 1951 481 c·-

111 486 305 522 uerlionem.
317 483 500 523 Postremo,
509 494 546 516 ex
557 484 791 516 circunstantia
801 492 900 529 patet,
910 480 1130 516 adulterinam
1141 483 1326 530 quamlibet
1337 487 1527 522 denitunam
1539 487 1638 527 aliam
1650 488 1710 524 effe
1720 492 1739 525 ὸ,
1747 494 1950 540 predicatio-

107 548 150 572 ne
160 530 262 570 Pauli:
273 544 372 579 quare
383 530 469 566 nihil
479 528 661 579 proficiunt
673 533 717 564 ita
727 531 927 565 cauillando.

134 612 136 614 ’
165 622 178 647 1
184 623 206 645 0
268 615 374 657 manc
383 610 476 645 enim
481 599 648 657 ficadebne
655 603 836 655 secundum
845 602 1255 658 haminesstnse‘cundum
1264 609 1398 645 Deum?
1410 607 1473 647 vel
1479 622 1587 662 quaero
1597 605 1793 651 bominibus
1797 611 1950 671 placere?

107 670 139 708 Si
146 666 239 703 enim
249 662 358 702 adhuc
368 656 995 714 hominibusplaceren1‚christiftruus
1003 675 1075 700 non
1084 659 1192 716 effim.

165 735 194 759 11
251 728 386 760 Notum
402 728 516 756 autem
524 713 626 755 vobis
625 714 732 771 fhcio,
735 715 879 770 fratres,
888 715 932 754 de
946 718 1136 771 Euangelio
1145 717 1244 772 quod
1249 718 1527 780 euangelizatum
1540 719 1585 772 est
1593 718 1614 760 ἆ
1624 735 1679 762 me
1691 753 1702 770 ‚
1717 722 1886 779 qubdnon
1896 731 1951 770 ef}

98 771 284 831 fictmdum
295 775 469 815 hominem
481 786 490 809 :
504 783 516 792 ⁴
1793 828 1795 830 Ι

138 856 151 862 -
171 846 209 871 η
266 839 396 884 Neque
405 832 498 868 enim
509 842 565 884 ego
581 825 623 865 ab
630 825 769 866 homine
780 830 886 883 accepi
894 826 994 875 illud,
1001 842 1117 883 neque
1129 828 1237 870 didici
1250 847 1258 869 :
1273 826 1404 887 ftdper
1410 831 1654 873 reuelationem
1661 835 1738 890 [esti
1750 836 1890 893 christi,

162 903 196 937 13
255 885 402 938 Audistis
412 887 504 924 enim
514 884 797 936 conuerstztionem
806 897 1006 939 mumque
1015 884 1277 939 aliquandofutt
1283 889 1322 927 in
1328 883 1514 942 Judatsmo:
1525 888 1946 952 quc}dstapramoolumper·¹

97 941 447 1001 ftquebarEcclefiam
459 940 580 987 Dei‚&
593 937 768 991 vastabam
779 938 888 978 illam.
1934 944 1945 951 Α

162 1016 204 1050 14
260 1007 308 1040 Et
308 995 523 1053 preficiebam
537 999 577 1035 in
590 1002 606 1033 I
608 993 759 1045 adalsina
772 993 872 1051 fiepra
882 995 1007 1036 multos
1023 996 1167 1052 aquales
1182 1010 1275 1038 meos
1285 1001 1324 1037 in
1328 1013 1453 1055 genere
1462 1014 1537 1040 meo
1552 1033 1564 1050 ‚
1586 1018 1692 1059 quum
1702 1003 1946 1048 vehementius*

95 1054 267 1112 staa'iosus
274 1053 370 1110 qffbm
371 1062 594 1108 paternarum
601 1051 839 1092 traditionum.

151 1114 244 1158 Qa
253 1117 319 1145 t'am
332 1107 537 1143 confidenter
547 1106 705 1141 extulerat
715 1105 805 1141 suam
817 1108 1099 1155 praedicationem,
1112 1122 1202 1144 nunc
1216 1108 1246 1144 se
1257 1110 1289 1144 id
1300 1112 1369 1145 iure
1379 1109 1485 1148 fecisse
1496 1141 1506 1155 ,
1542 1127 1612 1150 non
1624 1118 1716 1151 inani
1726 1118 1893 1156 iaetantia,
1905 1132 1945 1154 o-

103 1161 232 1196 stendit.
244 1163 291 1194 Ac
300 1157 430 1193 duobus
442 1157 577 1203 quidem
588 1158 793 1202 argumentis
813 1159 914 1191 vritur
924 1157 963 1191 ad
974 1159 1007 1191 id
1016 1158 1319 1197 demonstrandum.
1333 1160 1481 1196 Primum
1494 1163 1536 1198 est
1549 1163 1589 1198 ab
1598 1162 1716 1205 affeetu
1727 1168 1855 1205 animi,
1865 1171 1944 1214 quia

75 1204 77 1207 ¹
102 1205 175 1247 non
184 1205 484 1251 ambitiosemeque
494 1205 648 1238 adulandi
658 1201 751 1237 causa
762 1204 958 1240 hominibus
971 1203 998 1239 se
1008 1209 1251 1242 accommodet.
1261 1209 1452 1244 Secundum
1464 1211 1573 1247 multo
1583 1212 1809 1260 fortius,qubd
1821 1228 1894 1251 non
1905 1215 1943 1252 fit

103 1255 170 1306 ipse
179 1257 300 1292 author
309 1253 483 1301 Euangelii
494 1251 552 1290 sui,
565 1253 617 1286 sed
627 1254 644 1286 a
652 1254 726 1286 Deo
737 1264 909 1300 acceptum
920 1266 978 1301 per
990 1267 1107 1289 manus
1123 1254 1262 1289 fideliter
1271 1256 1448 1292 tradiderit.

151 1317 190 1340 10
237 1300 589 1345 Szaadeo'nesecundnm.)
639 1301 749 1339 Locus
759 1301 814 1336 hic
825 1313 959 1349 propter
969 1302 1222 1349 ambiguitatem
1234 1305 1352 1339 Graecae
1363 1307 1634 1346 constructionis,
1646 1309 1732 1344 varie
1748 1315 1939 1359 exponitur.

101 1353 222 1401 Aliqui
234 1356 324 1388 enim
336 1352 488 1388 reddunt,
499 1347 669 1384 Suadeone
681 1349 930 1388 hominibus‚an
943 1353 1016 1384 Deo
1028 1353 1040 1384 ?
1052 1351 1119 1385 Alii
1130 1353 1240 1385 Deum
1254 1356 1287 1386 &
1298 1352 1455 1388 homines
1468 1369 1529 1402 pro
1540 1357 1663 1391 diuinis
1676 1361 1708 1392 δι
1720 1358 1876 1395 humanis
1887 1374 1944 1396 ac—

103 1406 245 1450 cipiunt.
268 1403 326 1448 qui
339 1398 445 1435 sensus
455 1399 637 1432 admodum
646 1396 730 1432 bene
741 1399 912 1445 quadraret
920 1424 932 1439 ,
945 1398 1004 1434 nili
1019 1397 1094 1433 effet
1104 1399 1277 1446 aliquanto
1289 1403 1306 1434 a
1316 1400 1423 1435 verbis
1433 1407 1604 1439 remotior.
1619 1407 1704 1439 Eum
1715 1409 1827 1454 itaque
1849 1409 1942 1456 sequi

103 1450 207 1486 malui
222 1453 280 1497 qui
293 1452 404 1483 minus·
418 1458 483 1481 erat
493 1449 638 1481 coaetus.
658 1459 734 1480 nam
747 1449 867 1482 Graecis
877 1449 993 1481 tritum
1005 1448 1049 1483 est
1063 1471 1074 1486 2
1086 1446 1353 1495 praepositionem
1363 1450 1439 1484 κατέ
1449 1449 1630 1486 subaudire.
1642 1454 1808 1501 Loquitur
1821 1458 1943 1493 Paulus

103 1513 175 1535 non
185 1499 223 1532 de
235 1506 431 1545 argumento
444 1495 504 1529 suae
517 1495 770 1542 praedicationis,
781 1494 833 1530 sed
842 1495 880 1528 de
891 1498 996 1530 animi
1005 1494 1052 1530 sui
1062 1495 1234 1545 proposito
1242 1524 1253 1538 ,
1264 1498 1356 1544 quod
1364 1500 1475 1534 Deum
1486 1503 1598 1548 potius
1609 1502 1708 1547 quam
1720 1502 1876 1540 homines
1888 1518 1942 1540 re-
1959 1526 1962 1528 Δ

102 1547 226 1595 spiciar.
236 1557 428 1593 quanquam
439 1543 588 1578 docentis
599 1540 729 1577 affestui
739 1540 912 1590 respondet
922 1547 1020 1578 etiam
1032 1545 1191 1580 doctrina.
1203 1546 1291 1580 Nam
1302 1545 1396 1581 sicuti
1406 1560 1444 1582 ex
1452 1548 1801 1592 ambitione‚auaritia,
1812 1564 1869 1588 aut
1877 1553 1942 1589 alia

100 1598 219 1644 quauis
229 1607 328 1643 praua
337 1592 517 1640 cupiditate
541 1589 684 1625 nascitur
693 1591 851 1625 doetrinae
862 1594 1050 1641 corruptio:
1061 1596 1106 1627 ita
1114 1595 1202 1628 resta
1209 1593 1414 1631 conscientia
1426 1595 1506 1631 facit
1517 1607 1551 1631 vt
1561 1600 1740 1634 retineatur
1755 1612 1839 1648 pura
1850 1605 1937 1637 veri-

97 1656 155 1679 tas.
165 1644 242 1678 Ideo
252 1641 361 1677 sanam
373 1637 432 1675 effe
441 1638 530 1674 suam
542 1639 730 1673 doetrinam
741 1640 913 1674 contendit
922 1667 933 1681 ‚
944 1641 1116 1688 quodnon
1126 1640 1164 1676 sit
1173 1643 1333 1678 omnibus
1343 1645 1606 1680 accommodata.
1655 1649 1724 1681 Vel
1730 1660 1822 1692 quero
1839 1648 1938 1684 homi—

98 1691 187 1728 mbus
192 1692 323 1741 placere.
372 1690 447 1722 Hoc
459 1686 638 1722 secundum
649 1700 720 1721 non
731 1687 878 1722 multum
893 1687 1001 1723 differt
1011 1691 1029 1724 a
1039 1692 1159 1738 priore:
1170 1689 1276 1725 differt
1287 1703 1398 1727 tamen
1410 1691 1536 1740 aliquid
1549 1707 1556 1727 :
1567 1707 1643 1728 nam
1661 1696 1806 1731 studium
1816 1701 1937 1746 acqui-

96 1741 191 1776 rendi
201 1739 334 1776 fauoris‚
343 1735 435 1771 causa
445 1736 488 1771 est
497 1748 555 1770 cur
565 1734 745 1770 secundum
756 1735 912 1772 homines
922 1737 1111 1785 loquamur.
1119 1738 1185 1774 Vbi
1195 1739 1268 1774 talis
1276 1740 1417 1780 ambitio
1428 1744 1464 1776 in
1474 1742 1629 1778 cordibus
1638 1744 1758 1779 nostris
1768 1757 1937 1795 regnat,vt

95 1792 274 1837 cupiamus
281 1788 467 1822 orationem
477 1796 683 1832 componere
693 1786 729 1819 in
739 1785 920 1829 hominum
930 1785 1154 1833 gratiam,fieri
1165 1791 1283 1835 nequit
1293 1799 1328 1826 vt
1339 1788 1462 1825 sincere
1473 1791 1759 1840 doceamus-Ergo
1766 1794 1887 1830 Paulus
1897 1795 1938 1831 ab
1948 1794 1951 1797 ’

95 1837 164 1873 hoc
175 1839 258 1871 vitio
268 1836 399 1871 testatur
411 1831 440 1868 se
450 1831 509 1868 effe
520 1845 642 1880 purum
655 1837 689 1867 &
701 1835 891 1870 immunem
903 1849 913 1865 .·
925 1840 960 1873 ὃς
970 1847 1040 1881 quo
1050 1834 1081 1870 se
1093 1838 1218 1875 maiore
1228 1835 1349 1872 fiducia
1358 1840 1480 1876 eximat
1489 1843 1591 1875 etiam
1600 1841 1616 1874 ὲ
1628 1840 1814 1881 calumnia,
1833 1846 1939 1879 inter-

96 1885 248 1933 rogatiue
259 1883 419 1930 loquitur.
446 1881 580 1916 Habent
589 1884 680 1916 enim
690 1883 970 1929 interrogationes
980 1882 1055 1932 plus
1068 1884 1224 1932 ponderis
1235 1908 1245 1922 ,
1264 1897 1371 1932 quum
1380 1885 1567 1922 aduersariis
1585 1890 1779 1937 potestatem
1792 1891 1938 1929 facimus

95 1930 462 1977 contradicendi,siquid
472 1929 624 1965 habeant.
634 1930 726 1964 Nam
735 1931 767 1964 id
777 1929 907 1978 fignum
918 1932 962 1965 est
973 1945 1099 1980 magnae
1106 1930 1302 1974 securitatis,
1313 1947 1414 1981 quam
1424 1935 1528 1971 Paulo
1540 1937 1635 1972 dabat
1644 1938 1875 1975 testimonium
1887 1940 1933 1976 bo

93 1995 144 2018 nae
158 1979 377 2016 conscientiae:
391 1981 470 2025 quia
479 1976 601 2014 scilicet
609 1980 654 2013 ita
664 1977 695 2012 se
703 1977 859 2013 funerum
870 1978 986 2015 officio
999 1978 1057 2015 suo
1064 1993 1219 2019 nouerat,
1232 1993 1268 2016 vt
1278 1981 1441 2021 eiusmodi
1453 1983 1577 2035 probro
1588 1998 1658 2020 non
1670 1985 1744 2022 esset
1755 1987 1934 2024 obnox'iusa

94 2031 130 2064 sa
140 2034 219 2064 em'm
230 2027 399 2062 hominibus
405 2027 565 2076 placerem.
618 2028 787 2061 Sententia
798 2027 1035 2063 memorabilis:
1046 2027 1253 2068 ambitiosos,
1267 2031 1335 2065 hoc
1345 2032 1390 2065 est
1402 2057 1412 2072 ‚
1425 2034 1484 2078 qui
1496 2044 1657 2068 venantur
1667 2033 1847 2070 hominum
1859 2050 1933 2085 gra·

58 2071 60 2073 ‚
93 2081 188 2115 riam,
199 2091 270 2112 non
280 2074 368 2124 poffe
377 2076 512 2110 Christo
521 2074 649 2110 seruire.
664 2077 716 2109 De
725 2074 779 2109 sua
787 2086 900 2111 tamen
910 2075 1047 2124 persona
1057 2076 1264 2125 singulariter
1273 2079 1340 2113 hoc
1351 2076 1439 2115 sensu
1451 2078 1602 2126 loquitur
1618 2104 1629 2119 ,
1640 2081 1733 2129 quod
1753 2084 1935 2120 hominum

95 2129 198 2175 gratia
207 2122 323 2174 sponte
333 2123 362 2159 se
373 2123 592 2160 abdicauerit,
609 2135 644 2158 vt
653 2123 682 2158 se
693 2123 827 2158 Christo
838 2125 958 2159 dicaret
978 2127 1013 2165 in
1024 2124 1222 2172 obsequium
1239 2139 1294 2161 :ac
1306 2128 1423 2162 statum
1433 2130 1569 2174 quidem
1580 2131 1653 2164 vitae
1665 2128 1842 2178 superioris
1853 2145 1933 2168 cum

93 2174 241 2222 praesenti
249 2172 388 2209 confert.
415 2173 530 2206 Fuerat
540 2174 576 2208 in
588 2174 731 2207 maxima
742 2173 985 2208 existimatione
998 2200 1008 2214 ,
1021 2172 1136 2221 paffim
1148 2174 1370 2222 excipiebatur
1381 2188 1459 2210 cum
1473 2189 1598 2224 magno
1611 2177 1767 2225 applausu
1779 2194 1787 2214 ·.
1797 2194 1896 2228 quare
1908 2181 1933 2217 ii

94 2221 246 2257 voluisset
254 2219 600 2270 placerchominibus‚
611 2233 682 2255 non
692 2231 884 2267 oportuerat
895 2233 1021 2256 mutare
1030 2223 1277 2258 conditionem.
1287 2225 1347 2258 Sed
1356 2224 1437 2259 hinc
1447 2224 1634 2272 colligenda
1645 2227 1688 2260 est
1698 2229 1858 2276 generalis
1868 2229 1926 2264 illa

94 2272 248 2307 dochum
257 2283 356 2316 quam
368 2270 445 2303 dixi:
457 2270 665 2314 chnque
675 2268 794 2302 volunt
810 2267 947 2303 fideliter
956 2270 1090 2307 Christo
1099 2270 1215 2307 seruire
1224 2295 1235 2309 ,
1256 2285 1312 2306 eos
1322 2272 1438 2307 debere
1451 2272 1578 2308 fortiter
1589 2286 1805 2311 contemnere
1814 2278 1930 2313 homi-

99 2332 182 2354 nurn
193 2322 341 2366 gratiam.
359 2320 432 2351 Vox
442 2316 652 2350 Hominibus
668 2315 767 2350 habet
777 2316 833 2351 hic
850 2329 970 2352 certam
982 2321 1212 2353 notationem:
1239 2333 1348 2367 neque
1357 2324 1449 2355 enim
1459 2319 1607 2357 affectare
1617 2324 1690 2358 data
1699 2338 1798 2373 opera
1808 2325 1933 2361 debent
1958 2333 1960 2336 ’

95 2368 220 2402 Christi
232 2367 383 2406 ministri,
395 2376 428 2399 vt
441 2364 638 2399 hominibus
652 2364 854 2411 displiceant:
866 2363 916 2399 sed
927 2367 1052 2401 diuersa
1062 2366 1136 2401 sunt
1145 2368 1325 2404 hominum
1336 2382 1465 2416 genera.
1475 2369 1597 2416 quibus
1608 2370 1713 2418 placet
1725 2374 1934 2416 Christus,il-'-

93 2414 136 2449 lis
147 2414 331 2449 studeamus
342 2413 467 2462 placere
477 2416 511 2447 in
521 2413 666 2447 Christo:
676 2415 734 2459 qui
744 2425 852 2448 veram
863 2414 1050 2450 doetrinam
1061 2414 1124 2451 suis
1135 2414 1264 2452 affeekib
1270 2430 1305 2452 us
1313 2417 1498 2465 posthaberi
1511 2418 1641 2457 volunt,
1659 2419 1724 2456 illis
1735 2435 1808 2456 mos
1819 2435 1930 2470 nequa

93 2476 196 2510 quam
207 2464 366 2510 gerendus
385 2464 438 2495 est.
448 2463 487 2496 Et·
497 2459 571 2496 sane
590 2464 653 2509 piis
666 2466 698 2496 ὃς
710 2464 846 2509 integris
855 2462 1043 2497 pastoribus
1061 2463 1270 2501 subeundum
1283 2465 1408 2514 semper
1419 2469 1479 2500 erit
1489 2467 1555 2502 hoc
1564 2479 1731 2504 certamen
1740 2494 1750 2508 ‚
1761 2481 1796 2504 vt
1809 2483 1932 2506 eorum

92 2509 231 2546 offensas
242 2510 413 2559 negligant
423 2512 482 2556 qui
494 2508 552 2547 sibi
566 2508 686 2544 volunt
697 2522 754 2557 per
763 2513 879 2544 omnia
891 2509 1046 2546 satisfieri.
1068 2512 1159 2548 Nam
1168 2512 1309 2548 Ecclesia
1317 2512 1443 2563 semper
1456 2514 1591 2550 habebit
1601 2515 1695 2551 fucos
1706 2522 1740 2552 δε
1752 2518 1933 2566 improbos

91 2559 249 2596 homines
257 2586 268 2600 ,
279 2562 338 2607 qui
348 2557 519 2601 libidinem
533 2557 551 2592 s
548 2571 623 2592 uam
634 2557 803 2605 praeferent
815 2558 915 2593 verbo
925 2561 999 2593 Dei.
1013 2561 1100 2595 Boni
1112 2563 1210 2596 etiam
1221 2563 1570 2598 interdumtentantur
1580 2565 1598 2598 ὲ
1608 2565 1744 2603 diabolo
1755 2587 1765 2607 ›,
1776 2579 1812 2601 vt
1821 2568 1934 2603 Pasto-

92 2610 121 2642 ri
132 2607 338 2643 succenseant
347 2609 435 2642 resta
444 2609 610 2642 monenti:
620 2606 686 2640 siue
700 2607 732 2640 id
741 2605 863 2641 faciant
873 2610 1074 2657 ignorantia,
1084 2608 1149 2645 siue
1183 2614 1379 2659 raeoccupati
1391 2611 1502 2658 aliqua
1511 2610 1714 2649 infirmitate.
1726 2616 1890 2650 Nostrum
1903 2619 1934 2650 i-

93 2658 182 2703 gitur
192 2658 246 2694 est,
259 2654 387 2703 quas-..iis
399 2653 536 2689 offensas
545 2668 616 2689 non
628 2653 852 2695 reformidare,
864 2655 968 2690 modo
979 2667 1091 2692 tamen
1103 2622 1255 2693 infiimos
1265 2660 1284 2693 a
1294 2658 1430 2695 Christo
1441 2672 1513 2694 non
1523 2659 1718 2698 alienemus.
1729 2663 1833 2701 Multi
1843 2663 1933 2699 secus

92 2716 267 2753 exponunt
282 2705 372 2739 hunc
384 2705 510 2741 locum,
520 2701 580 2738 acsi
591 2701 665 2738 effet
680 2701 857 2739 concessioz
868 2715 966 2751 atque
976 2705 1068 2741 hunc
1078 2702 1208 2740 sensum
1220 2705 1279 2741 effe
1288 2718 1420 2755 putant,
1429 2709 1462 2742 Si
1475 2708 1636 2756 placerem
1645 2710 1935 2750 hominibusffie‘c

94 2763 153 2785 non
163 2755 244 2799 ‘ffim
255 2751 486 2795 Chrrsts'seruus.
498 2750 612 2786 fateor.
630 2763 746 2786 verum
758 2753 832 2799 quis
843 2751 908 2788 hoc
920 2753 1004 2788 mihi
1013 2753 1223 2801 exprobrabit
1233 2763 1242 2788 ?
1253 2758 1328 2802 quis
1338 2767 1410 2791 non
1423 2758 1513 2793 videt
1524 2770 1577 2791 me
1588 2757 1771 2796 hominum
1783 2760 1934 2795 fauorem

95 2811 167 2834 non
178 2805 320 2849 captare?
330 2803 417 2835 Mihi
428 2812 540 2834 tamen
558 2797 665 2835 sensus
676 2798 732 2833 illc
767 2802 833 2833 rior
846 2803 949 2848 magis
960 2800 1175 2849 placet,qubd
1184 2804 1304 2838 Paulus
1314 2816 1561 2840 commemoret
1570 2819 1694 2853 quanta
1703 2806 1734 2843 se
1750 2809 1934 2845 hominum

95 2851 198 2895 gratia
208 2851 397 2897 priuauerxi,
411 2860 444 2882 vt
455 2848 589 2882 Christo
601 2845 630 2881 se
639 2849 674 2882 in
686 2847 729 2882 ob
745 2851 882 2895 equium
894 2850 1024 2884 dicaret.

145 2907 173 2929 11
221 2897 339 2932 Notum
349 2895 660 2939 autemvobisfacio.)
710 2898 787 2930 Hoc
795 2897 841 2933 cst
855 2896 1090 2935 validissimum
1100 2910 1350 2947 argumentum,
1362 2904 1396 2935 &
1407 2900 1496 2949 quasi
1508 2905 1695 2951 praecipuus
1706 2906 1803 2940 cardo
1814 2906 1849 2939 in
1860 2915 1930 2951 quo

95 2942 189 2978 causa
198 2948 333 2987 vertitur
343 2969 355 2984 ‚
363 2946 446 2980 Non
456 2944 496 2980 ab
508 2944 704 2978 hominibus
712 2955 886 2994 acceptum
897 2944 927 2979 se
935 2945 1157 2994 Euangelium
1165 2947 1284 2983 habere
1294 2972 1304 2988 ,
1313 2948 1366 2984 sed
1374 2951 1551 2986 Diuinitus
1561 2950 1619 2986 fibi
1629 2951 1720 2987 fuisse
1729 2951 1923 2987 reuelatum.

95 2993 136 3026 Et
145 2994 222 3038 quia
230 2996 340 3041 negari
350 2994 415 3028 hoc
425 2996 454 3028 ei
464 3003 605 3042 poterat,
611 2991 784 3040 subiungit
795 2992 1030 3041 probationem
1040 3008 1096 3030 exe
1123 2998 1253 3037 ericam,
1264 2998 1331 3032 hoc
1340 2999 1470 3046 est,quae
1480 3001 1525 3033 rei
1535 3000 1627 3046 gestae
1638 3004 1824 3035 narratione
1842 3013 1928 3037 con-

97 3039 166 3074 stat.
176 3041 235 3074 Sed
244 3053 311 3087 quo
321 3041 394 3089 plus
402 3041 520 3077 habeat
530 3042 685 3088 ponderis
696 3042 919 3080 denuntiatio,
929 3042 1082 3089 p'raefatur
1091 3008 1122 3078 ἐ
1131 3057 1202 3079 non
1213 3047 1252 3080 de
1262 3057 1295 3080 ro
1303 3045 1439 3081 obscura
1449 3046 1611 3094 loqui‚sed
1620 3051 1717 3085 cuius.
1724 3047 1821 3085 fidem
1832 3060 1926 3096 para-

95 3098 149 3122 tus
160 3086 196 3121 sit
207 3087 320 3135 facete:
330 3102 407 3124 nam
417 3088 664 3124 tale-exordium
674 3092 720 3123 rei
730 3087 813 3124 scriae
822 3093 996 3127 conuenit.
1021 3091 1194 3127 Secundum
1203 3093 1353 3128 hominem
1362 3094 1417 3140 effe
1428 3096 1630 3142 negat‚quod
1640 3095 1727 3130 nihil
1736 3096 1927 3134 humanum

95 3134 204 3182 resipit
214 3161 224 3175 ‚
245 3135 297 3170 vel
306 3134 396 3184 quod
416 3137 609 3173 humanitus
625 3136 820 3176 fabricatum
833 3150 906 3175 non
916 3139 960 3173 est
978 3143 1092 3176 :cuius
1102 3140 1265 3188 probandi
1281 3141 1374 3179 causa
1383 3141 1515 3181 subiicit
1525 3144 1691 3180 continuo
1702 3144 1775 3192 post
1783 3167 1795 3184 ,
1815 3144 1845 3178 se
1853 3157 1927 3182 non

95 3182 188 3219 fuisse
197 3182 238 3218 ab
252 3183 321 3218 vllo
327 3187 625 3233 terrenomagistro
637 3186 806 3220 edoctum.
979 3219 982 3222 .
1854 3218 1859 3222 -

153 3243 185 3265 η
235 3231 350 3276 Neque
359 3232 483 3269 enim'ab
493 3233 614 3270 homine
623 3235 751 3281 accepi.)
800 3233 894 3282 Qd
904 3237 1004 3284 igitur
1014 3236 1027 3269 Ρ
1036 3248 1077 3271 an
1091 3248 1263 3285 propterea
1275 3237 1391 3273 vtilior
1401 3241 1462 3273 etit
1472 3238 1665 3282 authoritas,
1679 3239 1780 3286 siquis
1791 3240 1929 3276 edostus

93 3280 243 3315 hominis
255 3281 566 3321 ministeri0,do&or
576 3282 692 3317 exinde
702 3283 816 3332 euadat
825 3290 835 3316 ἓ
855 3295 968 3318 verum
978 3295 1128 3330 reputare
1135 3284 1262 3333 semper
1270 3288 1408 3322 c6uenit
1432 3286 1554 3332 quibus
1567 3288 1730 3323 machinis
1740 3301 1817 3323 eum
1828 3293 1924 3324 inua-

92 3328 207 3365 dercnt
217 3325 490 3377 pseudoapostoli,
499 3331 583 3365 Eum
592 3329 760 3379 arripuisse
771 3330 931 3367 mutilum
944 3335 980 3368 δι’
988 3333 1209 3370 adulteratum
1221 3333 1440 3380 Euangelium
1450 3333 1491 3369 ab
1501 3333 1696 3418 aliquznon
1707 3339 1853 3384 optimo,
1868 3349 1926 3374 aut

86 3392 87 3395 ¹
1633 3407 1641 3417 ,
1690 3397 1750 3432 ιιι).
