2268 3705
121 766 205 794 calae.
214 774 266 797 ω.

330 96 388 144 '17'8
840 88 1646 144 INLEPls-T-PAVLI

334 164 483 214 cipiendi
494 168 502 196 ἐ
515 160 628 199 edebat
642 164 732 200 enim
745 162 866 199 Paulus
876 177 912 199 ac
923 161 1068 204 bibebat,
1081 163 1132 199 sed
1141 179 1212 200 non
1222 162 1367 199 Ecclesiae
1384 162 1529 212 sumptu.
1554 165 1633 199 Haec
1646 165 1747 211 igitur
1759 165 1825 199 iam
1835 177 1901 201 vna
1911 164 2041 203 libertas
2052 195 2063 210 ‚
2074 168 2093 204 ὲ
2102 173 2168 216 qua

331 212 555 262 supersedebat
566 226 574 246 ε
585 212 686 247 altera
696 240 706 256 ‚
742 213 809 247 ubd
835 226 971 247 vxorem
981 227 1052 248 non
1063 212 1203 248 habebat
1212 235 1222 250 ,
1233 225 1306 258 quae
1316 214 1414 246 etiam
1426 212 1569 260 publicis
1581 213 1749 260 stipendiis
1758 213 1896 249 aleretur
1908 228 2116 263 :quanquam
2128 231 2166 252 ex

331 264 384 297 his
394 261 501 296 verbis
513 261 645 309 colligit
663 261 730 296 Eus
745 261 819 296 bius
833 287 842 301 ,
862 261 1002 295 Paulum
1013 260 1105 296 fuisse
1115 263 1356 306 coniugatum:
1373 273 1508 295 vxorem
1519 271 1630 295 autem
1641 260 1813 296 collocalse
1822 274 1912 297 certo
1922 262 2000 298 loco
2011 288 2020 301 ‚
2031 278 2072 299 ne
2083 279 2168 300 one-

333 314 360 345 ri
372 308 445 345 effer
456 309 603 346 Ecclesiis
617 308 687 347 ‚sed
697 311 729 345 id
741 322 922 357 perperam.
944 311 1057 356 potuit
1070 311 1160 343 enim
1178 307 1293 342 caelebs
1304 308 1370 342 hoc
1381 307 1604 343 nihilominus
1629 311 1757 343 iaca‘tare.
1785 311 1889 357 de
1900 310 2120 347 Christianam
2131 327 2168 348 v-

333 373 450 394 xorem
462 361 588 394 Sorotis
601 361 740 394 nomine
753 356 1047 404 iiiiigiiit,priinuin
1058 370 1097 391 eo
1109 350 1248 390 declarat
1259 357 1361 403 quam
1373 354 1465 390 firma
1476 358 1560 391 inter
1571 359 1645 404 pios
1655 360 1814 405 coniuges
1833 362 1866 393 &
1879 358 2031 394 amabilis
2041 360 2100 395 else
2109 362 2169 395 de-'

333 408 407 443 beat
424 410 635 447 coniuncltio,
648 420 718 452 quae
729 405 855 452 duplici
869 404 1007 439 vinculo
1019 407 1221 439 continetur.
1233 404 1352 439 deinde
1364 407 1476 439 innuit
1486 412 1585 439 etiam
1597 410 1720 451 quanta
1730 409 1817 440 int'er
1827 420 1882 441 eos
1893 408 2049 442 modestia
2059 412 2092 443 &
2103 409 2167 443 ho—

334 458 437 492 nestas
467 455 526 490 ess'e
537 455 661 489 debeat.
673 455 753 488 hinc
768 455 866 486 etiam
877 452 1035 500 colligere
1046 453 1122 487 licet
1133 454 1233 500 quam
1246 466 1318 487 non
1328 453 1475 488 alienum
1488 452 1525 487 sit
1542 453 1700 487 ministris
1711 453 1936 489 Ecclesiasticis
1954 458 2164 503 coniugium.

333 507 445 540 Taceo
458 504 550 551 qubd
564 502 714 550 Apostoli
725 501 768 535 vsi
782 501 871 536 sunt:
887 502 925 534 de
936 514 1082 547 quorum
1094 499 1246 549 exemplo
1268 514 1346 536 mox
1358 501 1492 536 dicetur.
1518 500 1633 536 sedhic
1648 501 1842 549 generaliter
1851 504 1946 538 docet
1955 504 2074 539 Paulus
2085 507 2167 551 quid

334 553 493 588 omnibus
505 552 610 586 liceat.
1667 568 1670 572 ·

380 611 394 645 5
444 597 714 649 Qemadmodum
726 603 762 638 ὠ·
772 598 880 641 reliqui
889 597 1049 645 Apostoli.)
1098 596 1308 634 Petmiffioni
1319 600 1465 633 Domini
1478 603 1695 633 communem
1716 601 1815 634 etiam
1826 599 1968 634 aliorum
1987 599 2080 636 Vsum
2092 598 2169 635 sub-

334 652 449 685 nestit.
462 652 508 683 Ac
519 660 587 694 quo
604 649 708 694 magis
718 644 898 694 amplificet
910 645 1002 680 illam
1014 647 1093 679 iuris
1103 646 1150 680 sui
1162 645 1407 686 abstinentiam3
1421 647 1579 694 gradatim
1591 648 1740 695 procedit
1755 659 1762 679 :
1775 650 1873 682 initio
1886 647 2008 695 profert
2020 650 2168 697 Aposto-

333 698 383 733 los
394 712 402 731 :
414 697 531 731 deinde
543 696 632 729 addit
642 718 651 732 ‚
663 696 734 728 lino
747 694 804 743 ipli
816 708 952 741 quoque
971 692 1081 727 fratres
1091 697 1235 730 Domini
1244 694 1311 730 fine
1321 693 1513 730 difficultate
1523 707 1661 730 Vtuntur
1673 710 1680 730 :
1693 698 1876 742 quinetiam
1888 693 1955 744 ipse
1965 698 2077 731 Petrus
2087 721 2097 735 ‚
2113 699 2168 732 cui

333 748 458 794 primm,
484 747 640 778 omnium
654 742 825 779 consensu,
836 742 1026 776 deferuntur
1035 765 1044 779 ‚
1055 741 1113 777 sibi
1125 743 1212 777 idem
1222 745 1396 792 permittit.
1422 745 1480 777 Per
1497 746 1625 778 Fratres
1634 748 1779 781 Domini,
1789 747 1950 778 loannem
1963 749 1995 780 ³&
2008 745 2168 780 iacobum

333 793 504 840 intelligit,
520 795 579 839 qui
590 791 794 827 habebantur
804 791 981 828 columnae‚
995 802 1029 824 vt
1039 790 1118 825 alibi
1129 791 1235 826 tradit.
1247 794 1287 826 Et
1297 793 1419 826 Fratres
1430 803 1526 826 vocat
1538 790 1653 827 vfitato
1663 795 1836 840 Scripturae
1848 805 1959 830 more3
1974 795 2032 840 qui
2042 806 2168 841 cogna-

335 846 430 877 tione
441 855 518 876 eum
528 841 745 889 attingebant.
759 841 868 886 Siquis
879 840 956 873 verb
966 838 1123 886 Papatum
1134 839 1213 874 hinc
1225 841 1360 875 statuere
1373 839 1461 877 velit,
1474 839 1569 874 faciet
1580 841 1863 875 ridicule-Petmm
1874 843 2007 887 quidem
2018 844 2168 889 primum

335 888 428 925 fuisse
438 893 592 937 agnitum
603 891 687 924 i‘nter
698 886 876 936 Apostolos
887 887 1038 924 fatemur,
1056 899 1090 922 vt
1100 886 1223 923 necesse
1234 890 1277 922 est
1288 886 1412 936 semper
1425 891 1459 924 iu
1473 891 1594 935 quouis
1605 901 1693 923 coetu
1707 888 1765 923 effe
1777 888 1923 935 aliquem
1935 893 1993 935 qui
2005 891 2076 924 aliis
2086 900 2169 938 prae-

336 951 397 974 eat:
411 942 444 974 Sc
460 937 545 972 vltto
559 939 689 973 Petrum
701 936 946 976 tenere-bantur,
956 947 1091 983 propter
1103 939 1237 971 eximias
1247 938 1339 971 dotes
1351 936 1472 983 quibus
1484 936 1639 985 pollebat:
1655 949 1689 972 vt
1699 950 1755 985 par
1766 938 1809 971 est
1819 951 1937 972 omnes
1948 942 1982 971 in
1993 941 2100 985 pretio
2109 938 2171 973 ha-

336 988 413 1022 bere
427 993 459 1022 &
471 987 612 1023 honore,
625 989 683 1033 qui
694 987 757 1019 Dei
770 987 881 1037 gratiis
893 986 1106 1019 antecellunt.
1118 985 1177 1019 Sed
1187 987 1346 1032 primatus
1357 984 1413 1020 ille
1423 985 1613 1021 dominium
1629 999 1699 1021 non
1711 985 1773 1020 fuit
1785 985 1875 1019 :imo
1892 985 1978 1019 nihil
1991 986 2096 1020 limile
2108 986 2169 1020 ha-

338 1036 413 1072 buit
423 1048 500 1070 cum
512 1036 754 1069 dominatione.
766 1036 856 1067 Sicut
869 1035 958 1066 enim
970 1033 1136 1068 eminebat
1147 1033 1336 1074 inter-alios,
1350 1035 1395 1066 ita
1406 1031 1532 1068 suberat
1543 1033 1605 1068 suis
1618 1033 1765 1081 collegis:
1781 1035 1880 1082 porro
1891 1034 1980 1068 aliud
1994 1035 2037 1068 est
2048 1037 2173 1082 primas

341 1097 452 1119 tenere
463 1087 498 1118 in
511 1095 573 1117 vna
583 1081 730 1118 Ecclesia.
743 1081 833 1115 aliud
843 1093 982 1128 regnum
996 1080 1053 1115 sibi
1064 1093 1119 1115 aut
1136 1084 1361 1129 principatum
1374 1083 1542 1117 vendicare
1553 1084 1588 1117 in
1599 1094 1708 1116 totum
1722 1083 1847 1117 orbem.
1867 1084 2074 1129 anuam
2086 1094 2121 1117 vt
2131 1097 2173 1117 o·-

342 1135 435 1168 mnia
445 1133 483 1166 de
493 1133 589 1166 Petro
600 1130 831 1165 concedamus:
845 1130 924 1176 quid
933 1129 1000 1163 haec
1011 1130 1049 1163 ad
1060 1128 1272 1164 Pontificem?
1282 1130 1372 1164 Nam
1383 1141 1418 1164 vt
1428 1131 1512 1164 Iudae
1525 1128 1668 1165 successit
1678 1128 1898 1169 Matthias‚ita
1907 1132 2003 1164 Petro
2013 1133 2124 1179 potuit
2136 1144 2171 1165 a-

342 1182 444 1228 liquis
456 1180 548 1214 ludas
560 1177 737 1214 succedere.
750 1179 820 1213 imo
832 1178 982 1211 videmus
992 1179 1056 1211 iam
1068 1181 1164 1212 annis
1175 1176 1349 1225 plusquam
1366 1180 1546 1225 nongentis
1556 1202 1565 1216 ‚
1587 1191 1624 1212 ex
1633 1181 1703 1213 eius
1715 1177 1972 1221 successoribus(
1988 1179 2099 1213 fiiitem
2110 1182 2173 1226 qui

342 1229 372 1265 se
383 1231 505 1264 imitant
519 1225 720 1271 successores)
735 1228 903 1261 neminem
918 1224 1053 1259 extitisse
1063 1227 1141 1260 luda
1152 1225 1222 1274 pilo
1235 1226 1421 1260 meliorem.
1432 1227 1492 1260 Sed
1503 1226 1554 1259 his
1577 1228 1754 1261 tractandis
1765 1241 1832 1262 non
1844 1228 1887 1261 est
1896 1227 1953 1261 hic
1963 1226 2066 1262 locus:
2082 1228 2174 1275 lega——

341 1290 395 1312 tur
404 1278 573 1311 Institutio
584 1277 702 1310 nostra.
714 1278 828 1309 Vnum
839 1286 990 1322 praeterea
999 1273 1054 1308 hic
1066 1275 1252 1309 notandum
1265 1275 1340 1312 est,a
1350 1276 1512 1321 coniugio
1523 1275 1614 1321 quod
1625 1286 1795 1323 tantopere
1806 1287 1970 1310 execratur
1979 1275 2108 1323 Papalis
2118 1276 2170 1310 cle

342 1339 408 1363 rus,
421 1337 580 1371 tanquam
601 1325 726 1358 ordinis
737 1323 781 1357 sui
793 1322 962 1357 landtitate
972 1324 1149 1370 indignum
1160 1346 1169 1360 ‚
1189 1322 1369 1370 Apostolos
1379 1336 1449 1357 non
1460 1322 1670 1357 abhorruifl'e.
1692 1325 1751 1357 Sed
1762 1326 1870 1371 postea
1882 1319 1957 1357 nata
1967 1324 2010 1358 est
2021 1323 2173 1372 praeclara

342 1374 400 1409 illa
411 1373 568 1421 sapientia
577 1399 586 1413 ,
605 1372 711 1420 pollui
724 1373 868 1406 Domini
877 1369 1055 1405 sacerdotes
1067 1369 1088 1404 si
1100 1371 1254 1406 vxoribus
1264 1370 1423 1418 legitimis
1435 1371 1720 1405 commisceantur.
1741 1376 1772 1406 δ(
1784 1373 1915 1406 tandem
1928 1371 1968 1406 eo
1981 1370 2079 1418 vsque
2089 1385 2172 1407 ven—

342 1434 416 1457 turn
429 1423 520 1459 est‚vt
530 1417 683 1456 Pontifex
695 1421 835 1466 Syricius
847 1433 916 1453 non
927 1419 1125 1453 dubitauerit
1136 1432 1252 1454 vocare
1262 1421 1516 1454 matrimonium
1537 1421 1642 1453 carnis
1653 1421 1902 1455 immunditiem
1911 1443 1921 1457 ‚
1936 1423 1971 1455 in
1983 1433 2048 1466 qua
2058 1420 2173 1455 nullus

341 1471 417 1506 Deo
429 1470 556 1518 placere
568 1469 682 1517 potest.
694 1469 787 1514 Qd
799 1480 876 1514 ergo
888 1466 942 1502 fiet
954 1467 1076 1502 miseris
1088 1468 1258 1515 Apostolis
1269 1494 1279 1508 ,
1291 1471 1347 1514 qui
1361 1471 1394 1502 in
1406 1467 1466 1502 hac
1479 1468 1694 1502 immunditia
1704 1466 1803 1514 vsque
1813 1470 1851 1502 ad
1865 1479 2008 1503 mortem
2020 1467 2171 1516 perseue-

341 1521 477 1554 rarunt?
513 1517 634 1551 Veram
647 1517 701 1551 hic
726 1519 954 1563 excogitarunt
977 1515 1162 1562 elegantem
1171 1519 1332 1563 argutiam
1344 1529 1408 1562 qua
1417 1517 1600 1550 euaderent.
1611 1527 1687 1550 toro
1698 1519 1789 1550 enim
1807 1515 1979 1563 coniugali
1989 1515 2172 1564 Apostolos

341 1564 538 1603 renuntiasse
549 1566 684 1602 dicunt,
705 1564 755 1598 sed
768 1577 882 1598 vxores
901 1561 1010 1598 secum
1021 1561 1142 1598 duxiffe
1156 1565 1194 1597 ad
1217 1565 1447 1612 percipiendos
1470 1563 1644 1611 Euangelii
1664 1563 1790 1599 fructus
1800 1591 1810 1604 ,
1829 1564 1894 1598 hoc
1906 1566 1949 1598 est
1958 1563 2116 1598 alimenta
2134 1576 2174 1600 ex

340 1615 476 1663 sumptu
496 1613 644 1663 publico.
664 1612 765 1659 Qiasi
779 1612 855 1646 verb
869 1626 939 1647 non
951 1611 1119 1660 potuerint
1130 1611 1172 1645 ali
1184 1612 1223 1646 ab
1235 1612 1384 1647 Ecclesiis
1395 1639 1405 1654 ‚
1425 1611 1484 1647 nisi
1495 1612 1560 1646 huc
1572 1612 1651 1646 illuc
1663 1625 1856 1659 vagarentur
1868 1626 1875 1646 :
1887 1611 1976 1659 quasi
1988 1614 2088 1646 etiam
2101 1625 2175 1647 cre-

339 1665 442 1699 dibile
454 1662 489 1698 sit
498 1687 507 1700 ‚
525 1662 595 1696 illas
608 1663 724 1710 sponte
736 1660 892 1707 nullaque
903 1658 1086 1696 necestitate
1096 1658 1254 1695 cursitasse
1264 1684 1274 1698 ,
1286 1672 1320 1695 vt
1330 1658 1441 1696 otiosae
1454 1673 1491 1694 ex
1503 1660 1641 1708 publico
1652 1662 1812 1695 viuerent.
1837 1673 1915 1695 nam
1926 1661 2018 1707 quod
2027 1660 2175 1696 Ambro-

343 1711 406 1747 sius
419 1713 458 1747 de
470 1711 663 1746 mulieribus
676 1709 791 1744 alienis
802 1711 1050 1757 interpretatur,
1070 1721 1141 1757 quae
1150 1709 1317 1744 audiendae
1327 1710 1485 1744 docti-inse
1495 1709 1601 1743 studio
1616 1707 1797 1758 Apostolos
1811 1707 2030 1756 sequebantur
2040 1731 2050 1745 ‚
2070 1712 2173 1746 nimis

328 1796 329 1799 ,
344 1762 389 1795 est
401 1762 569 1795 coafitum.

387 1821 409 1855 7
458 1809 540 1858 Qu*
551 1806 899 1855 militauits‘uofitmptu.)
949 1807 1098 1854 Tempus
1109 1804 1200 1840 verbi
1211 1804 1347 1854 praesens
1359 1806 1478 1854 est,pro
1490 1805 1630 1848 militare
1641 1803 1739 1840 solet:
1757 1806 1848 1852 quod
1859 1815 1969 1839 tamen
1979 1806 2170 1853 mitigandae

337 1856 518 1906 asperitatis
529 1854 622 1890 causa
633 1858 666 1890 in
680 1858 843 1904 praeterito
859 1853 990 1900 reliqui.
1004 1855 1106 1889 Potrb
1119 1856 1184 1888 iam
1198 1853 1302 1888 tribus
1313 1853 1474 1889 similibus
1483 1881 1493 1896 ,
1512 1859 1546 1889 &
1557 1857 1597 1888 iis
1607 1866 1644 1888 ex
1654 1856 1832 1890 communi
1842 1854 2024 1888 hominum
2035 1865 2104 1887 Vita
2114 1854 2172 1888 de-

336 1905 490 1953 sumptis,
505 1902 680 1939 confirmat
690 1903 748 1938 sibi
758 1901 893 1943 licuisse,
913 1901 936 1936 si
945 1902 1057 1943 vellet,
1068 1905 1178 1937 viuere
1189 1915 1226 1936 ex
1240 1901 1377 1951 publico
1387 1902 1533 1937 Eccle‘fiae
1542 1900 1686 1949 sumptu:
1701 1914 1734 1936 vt
1745 1902 1904 1939 ostendat,
1917 1901 2004 1936 nihil
2014 1900 2073 1935 sibi
2082 1900 2173 1936 aliud

337 1954 464 1989 sumere
475 1977 484 1991 ‚
497 1955 598 2000 quam
610 1953 700 1999 quod
718 1953 819 1986 dietat
831 1951 897 1999 ipsa
907 1952 1105 1986 humanitas.
1130 1952 1239 1985 Prima
1249 1950 1378 1998 sumpta
1395 1951 1464 1986 esta
1474 1954 1544 1986 iure
1555 1950 1706 1986 militari:
1721 1963 1856 1985 annona
1866 1952 1956 1984 enim
1969 1962 2007 1984 ex
2028 1948 2168 1997 publico

338 2005 444 2037 curari
456 1999 721 2036 solet'militibus.
731 2001 879 2034 Secunda
889 2001 907 2034 a
918 1998 1136 2034 vinitoribus:
1157 1998 1286 2048 plantat
1295 2002 1386 2034 enim
1397 2002 1498 2034 vitem
1508 1998 1663 2046 agricola,
1677 2012 1747 2033 non
1757 2010 1791 2033 vt
1800 1998 1891 2033 ludat
1903 2010 2039 2046 operam
2052 2024 2062 2038 ‚
2073 1996 2124 2032 sed
2135 2009 2171 2033 vt

339 2049 487 2085 fructum
501 2048 647 2096 colligat.
658 2051 775 2082 Tertia
785 2049 802 2082 a
836 2050 972 2083 ecuariis
983 2062 990 2082 :
1003 2049 1109 2095 pastor
1119 2050 1210 2082 enim
1220 2061 1291 2082 non
1301 2050 1476 2095 gratuitam
1487 2060 1622 2096 operam
1634 2046 1837 2094 impediascd
1848 2045 1987 2082 vescitur
1998 2045 2081 2081 laete
2096 2059 2171 2094 gre-

338 2102 389 2147 gis
406 2125 416 2140 ,
432 2099 498 2132 hoc
509 2098 552 2131 est
564 2110 601 2131 ex
614 2108 780 2145 prouentu
790 2061 898 2130 asitut.
909 2097 986 2131 Hoc
997 2094 1056 2131 csse
1066 2093 1285 2143 aequiffimum
1297 2109 1401 2143 quum
1414 2096 1572 2131 naturalis
1583 2098 1717 2142 aequitas
1727 2094 1909 2143 praesctibat
1918 2119 1928 2132 ‚
1939 2097 2014 2141 quis
2024 2106 2093 2129 tam
2103 2098 2172 2129 ini-

338 2161 424 2194 quus
437 2149 495 2181 erit
509 2158 543 2179 vt
555 2148 683 2181 vidtum
695 2155 793 2193 neget
805 2143 949 2179 Ecclefiae
961 2144 1155 2192 pastoribus?
1167 2144 1272 2191 de
1281 2156 1390 2178 autem
1401 2146 1545 2179 accidere
1554 2144 1660 2192 potest
1669 2155 1705 2177 vt
1721 2145 1864 2192 propriis
1876 2141 2026 2178 obsoniis
2035 2144 2171 2189 quidam

339 2196 487 2230 militent
505 2194 808 2241 :quemadmodum
821 2193 905 2239 olim
915 2195 1077 2231 Romani,
1087 2194 1167 2227 dum
1178 2193 1341 2228 tributum
1353 2194 1506 2228 nondum
1517 2191 1746 2227 conferebatur
1755 2219 1764 2232 ‚
1776 2204 1836 2226 nec
1846 2202 1936 2226 erant
1947 2189 2014 2226 vlla
2022 2194 2169 2239 vectiga—

338 2244 393 2279 lia:
410 2243 492 2278 illud
502 2242 589 2277 nihil
599 2253 727 2291 pugnat
740 2253 817 2276 cum
829 2241 922 2276 Pauli
931 2241 1055 2277 verbis:
1067 2242 1197 2276 tantum
1208 2244 1297 2276 enim
1308 2252 1557 2290 argumentatur
1567 2252 1605 2275 ex
1613 2239 1787 2290 vulgari&
1816 2239 1939 2288 vbique
1948 2250 2077 2288 recepta
2085 2252 2168 2275 con-

341 2292 524 2327 suetudine.
1985 2290 1988 2302 ¹

387 2342 406 2375 8
458 2340 499 2374 N
500 2338 716 2383 unificundum
728 2339 898 2380 hominem.)
937 2339 991 2372 Ne
1002 2340 1075 2385 quis
1087 2337 1456 2376 calumniaretur,aliam
1467 2336 1526 2372 effe
1536 2338 1572 2372 in
1587 2339 1732 2385 negotiis
1740 2337 1885 2371 Domini
1894 2336 2167 2374 rationemjdeo-

338 2402 403 2436 que
413 2399 464 2423 tot
477 2387 594 2422 similia
602 2387 715 2422 frustra
725 2401 800 2422 eum
813 2383 990 2435 protulilse:
1003 2400 1094 2422 nunc
1104 2386 1275 2435 subiungit
1286 2411 1296 2426 ,
1309 2388 1397 2421 idem
1408 2399 1544 2433 quoque
1555 2387 1573 2420 ὲ
1582 2387 1736 2420 Domino
1746 2387 1890 2433 proecipi.
1901 2386 2090 2420 Secundum
2100 2386 2168 2421 ho-

337 2440 468 2472 minem
479 2436 757 2483 loqui,inrerdum
769 2437 811 2470 est
825 2435 920 2481 loqui
933 2447 969 2468 cx
981 2434 1132 2482 peruerso
1142 2438 1248 2470 carnis
1257 2432 1443 2469 sensunicut
1453 2435 1492 2468 ad
1504 2437 1695 2478 Rom-3525,
1705 2433 1760 2467 hic
1770 2444 1881 2467 autem
1891 2432 2052 2480 fignificat
2061 2434 2168 2469 tatum

336 2498 375 2519 ea
384 2486 541 2520 adducere
577 2498 621 2519 uae
636 2484 708 2518 sunt
719 2487 805 2519 inter
816 2484 971 2517 homines
983 2481 1142 2522 vsitata,&
1154 2481 1286 2518 tanttim
1295 2485 1329 2518 in
1341 2481 1414 2517 foro
1425 2482 1574 2517 humano
1586 2483 1632 2523 (vt
1641 2481 1840 2528 loquuntur)
1859 2481 1980 2522 valent.
1992 2483 2096 2528 de
2106 2495 2168 2517 au-

337 2542 406 2567 tem
416 2535 505 2568 Deus
517 2498 583 2581 ipse
593 2545 728 2579 quoque
738 2532 882 2566 voluerit
891 2532 1038 2566 mercede
1048 2532 1230 2566 hominum
1240 2543 1355 2579 operas
1367 2529 1663 2577 munerari2probat
1673 2543 1709 2564 ex
1722 2543 1761 2564 eo
1773 2529 1864 2577 quod
1874 2541 1959 2564 vetet
1969 2529 2117 2577 obligare
2123 2543 2162 2565 os

326 2580 420 2616 'boui
431 2584 610 2618 trituranti,
626 2593 725 2627 atque
736 2591 768 2614 vt
779 2580 817 2613 ad
828 2578 1018 2628 praescntem
1028 2579 1152 2614 causam
1164 2580 1397 2615 accommodet
1406 2603 1415 2617 ‚
1426 2590 1524 2626 negat
1533 2580 1572 2612 de
1581 2577 1689 2613 bobus
1699 2577 1866 2613 solicitum
1876 2576 1968 2613 fuiss‘c
1975 2579 2099 2618 Deum,
2111 2578 2165 2613 sed

336 2632 441 2677 magis
453 2630 492 2663 ad
503 2630 658 2663 homines
671 2627 832 2676 speetaffe.
841 2627 988 2662 Primum
1001 2631 1102 2676 quaeti
1113 2629 1219 2677 potest
1228 2640 1286 2662 cur
1294 2628 1379 2662 hanc
1388 2626 1622 2675 probationem
1632 2625 1838 2674 potissimum
1849 2625 2103 2673 elegerit,quum
2112 2627 2166 2661 lo-

333 2689 392 2712 ‘cos
403 2677 534 2712 haberet
547 2679 653 2712 multo
665 2677 853 2712 illustriores
868 2678 902 2711 in
912 2677 1009 2723 Lege:
1027 2675 1118 2711 sicuti
1128 2678 1263 2710 Deuter.
1281 2686 1365 2721 24.c.
1379 2687 1430 2720 14,
1440 2676 1523 2710 Non
1533 2675 1675 2709 dormiet
1684 2675 1770 2722 apud
1781 2685 1812 2708 te
1823 2686 1946 2709 merces
1959 2677 2161 2710 mercenarii.

332 2726 458 2762 Verum
472 2724 569 2773 siquis
581 2725 717 2774 propius
736 2719 900 2759 intueatur
912 2747 921 2761 ,
932 2723 1086 2771 agnoscet
1096 2723 1169 2772 plus
1180 2726 1317 2771 energiae
1329 2724 1408 2758 huic
1418 2725 1612 2758 testimonio
1623 2721 1792 2760 subeffe,in
1802 2724 2051 2770 quo¹Doniinus
2061 2735 2164 2770 pecu—

333 2775 388 2809 des
408 2775 641 2808 commendat:
663 2774 855 2808 nam-iudea
875 2775 999 2806 minori
1009 2774 1048 2806 ad
1061 2775 1165 2806 maius
1177 2771 1348 2819 colligitur
1367 2784 1525 2818 quantam
1536 2774 1725 2818 aequitatem
1741 2773 1884 2817 requirat
1894 2773 1979 2804 inter
1992 2770 2162 2812 homines,

335 2835 442 2870 quum
453 2833 524 2855 eam
534 2821 640 2855 brutis
652 2821 851 2855 animalibus
862 2821 941 2854 velit
952 2819 1079 2854 seruari.
1094 2820 1200 2865 Qod
1210 2831 1321 2853 autem
1331 2821 1422 2859 dicit,
1435 2833 1505 2854 non
1516 2818 1575 2853 effe
1585 2832 1669 2854 cura:
1678 2821 1753 2853 Deo
1762 2819 1867 2853 boues
1877 2842 1888 2856 ,
1900 2831 1970 2852 non
1982 2823 2025 2853 ita
2036 2820 2165 2856 intelli·

335 2884 392 2919 gas
407 2869 495 2917 quasi
507 2869 675 2903 excludere
688 2869 766 2903 velit
776 2869 880 2904 boues
891 2870 908 2903 ὲ
919 2870 1132 2916 prouidentia
1141 2871 1204 2902 Dei
1220 2892 1230 2906 ,
1250 2879 1356 2914 quum
1369 2881 1410 2901 ne
1421 2870 1603 2902 minimum
1623 2868 1757 2914 quidem
1769 2865 1984 2914 passerculum
2002 2868 2159 2914 negligat:

336 2931 445 2966 neque
459 2921 558 2952 etiam
568 2916 656 2964 quasi
667 2917 746 2951 velit
756 2917 932 2964 allegorice
943 2930 1106 2964 exponere
1117 2927 1316 2963 przeceptum
1327 2915 1419 2949 illud:
1432 2916 1717 2961 quemadmodum
1728 2913 2059 2962 nonullinrtiginosi
2069 2915 2164 2963 spiri-

336 2978 390 3002 tus
401 2965 608 3001 occasionem
619 2966 698 3000 hinc
710 2968 872 3012 arripiunt
881 2968 997 2999 omnia
1008 2966 1048 2998 ad
1059 2965 1230 3012 allegorias
1240 2963 1472 2998 transferendi:
1492 2966 1537 2998 ita
1547 2962 1732 2997 excanibus
1743 2962 1866 2996 faciunt
1879 2962 2034 2998 homines
2044 2987 2053 3000 ,
2065 2977 2102 2998 ex
2111 2977 2163 2998 ar·

336 3014 476 3050 boribus
488 3013 649 3061 Angelos,
659 3019 692 3047 <Se
705 3025 809 3047 totam
822 3016 1024 3060 Scripturam
1035 3013 1180 3047 ludendo
1190 3023 1393 3061 peruertunt.
1406 3010 1521 3046 Sensus
1532 3022 1642 3045 autem
1652 3010 1743 3047 Pauli
1753 3010 1889 3058 simplex
1899 3012 1941 3044 est
1951 3034 1960 3048 ,
1974 3011 2080 3056 de
2089 3014 2162 3046 Do·

339 3066 452 3098 minus
463 3064 704 3097 humanitatem
716 3074 790 3109 erga
799 3061 903 3095 boues
914 3064 1073 3109 praecipit,
1084 3075 1154 3095 non
1164 3063 1197 3094 id
1209 3060 1311 3095 facere
1321 3060 1424 3094 boum
1436 3059 1602 3107 gratia,sed
1611 3059 1792 3094 hominum
1804 3061 1914 3106 potius
1923 3058 1977 3093 res
1995 3063 2164 3108 eistmpro-

338 3124 411 3160 pter
430 3124 514 3159 quos
530 3113 638 3145 etiam'
648 3110 753 3145 boues
765 3109 822 3158 ipsi
834 3112 932 3144 creati
945 3108 1028 3143 sunt.
1054 3109 1114 3143 llla
1129 3111 1230 3156 igitur
1239 3121 1313 3155 erga
1322 3108 1425 3142 boues
1437 3108 1615 3142 clementia
1631 3107 1729 3142 nobis
1739 3109 1926 3141 exercitatio
1946 3112 1976 3142 ei
1987 3106 2005 3142 e
2017 3108 2111 3144 debet
2122 3109 2163 3143 ad

339 3160 545 3194 excitandam
556 3163 641 3193 inter
659 3172 720 3193 nos
732 3159 974 3193 humanitatem
988 3157 1290 3204 :quemadmodum
1299 3157 1379 3191 dicit
1397 3156 1539 3190 Solomo
1549 3156 1703 3192 Prouerb.
1727 3166 1768 3189 12.
1781 3155 1812 3189 b.
1823 3165 1871 3191 10,
1883 3158 1942 3190 Vir
1953 3157 2054 3191 iustus
2064 3156 2162 3192 habet

339 3221 452 3241 curam
462 3210 604 3242 iumenti
620 3205 666 3241 sui
677 3221 684 3240 :
697 3206 817 3240 viscera
827 3216 937 3240 autem
954 3218 1134 3252 prauorum
1145 3204 1289 3240 crudelia
1299 3203 1381 3239 sunt.
1402 3204 1554 3251 Intellige
1566 3216 1643 3251 ergo
1654 3217 1723 3238 non
1735 3206 1778 3237 ita
1789 3202 1847 3237 effe
1856 3216 1938 3238 curce
1950 3206 2023 3239 Deo
2043 3204 2160 3243 boues,

340 3267 375 3289 vt
387 3254 486 3289 solam
498 3256 603 3289 boum
614 3258 776 3289 rationem
787 3255 938 3289 habuerit
950 3256 984 3288 in
996 3253 1126 3287 ferenda
1135 3255 1232 3300 Lege:
1248 3254 1403 3288 homines
1414 3255 1503 3286 enim
1516 3251 1654 3299 respexit
1663 3275 1672 3288 ,
1686 3264 1723 3297 ac
1733 3264 1788 3285 cos
1800 3251 1989 3287 alsuefacere
2006 3252 2114 3287 voluit
2123 3254 2167 3287 ad·

341 3306 524 3349 aequitatem
538 3331 545 3342 ,
558 3318 597 3338 ne
611 3306 798 3351 operarium
808 3302 991 3337 fraudarent
1004 3300 1056 3336 sua
1069 3304 1228 3336 mercede.
1246 3302 1366 3348 Neque
1378 3303 1467 3335 enim
1488 3303 1600 3349 primae
1610 3299 1684 3334 sunt
1693 3300 1792 3334 bouis
1814 3312 1917 3347 partes
1928 3303 1963 3334 in
1975 3300 2096 3334 arando
2106 3313 2162 3336 aut

337 3352 533 3386 minitando:
550 3349 598 3385 scd
611 3353 871 3390 hominis,cuius
883 3351 1040 3387 industria
1049 3349 1108 3384 bos
1121 3348 1185 3397 ipsc
1197 3351 1237 3384 ad
1248 3361 1332 3396 opus
1343 3350 1535 3403 applicarint.
1546 3350 1632 3395 Ergo
1646 3350 1737 3395 quod
1748 3349 1913 3385 continuo
1924 3347 2074 3388 subiicit,
2089 3350 2163 3395 Qij

2081 3409 2161 3440 atat,

2265 1612 2268 1623 ι

2263 1629 2268 1645 1
