2268 3705
523 102 636 149 AD
691 96 1071 150 THESSAL·
1172 104 1347 153 CAP·
1395 103 1457 153 11-
1883 124 1952 169 463

105 174 313 218 tyrannidem
325 175 360 210 in
371 175 498 209 animas
509 171 568 207 effe
583 184 726 220 oportet,
738 184 771 206 vt
784 173 907 207 Christi
920 183 1062 221 regnum
1074 172 1256 209 aemuletur:
1270 180 1304 211 ὅ(
1320 178 1430 228 postea
1440 181 1510 213 virn
1519 178 1655 219 fallendi
1668 194 1725 231 pet
1748 186 1867 235 impias
1878 189 1941 223 do·-

108 224 229 256 c'trinas
243 227 277 256 ἀ
290 221 365 258 fieta
373 232 538 270 portenta,
549 220 599 255 illi
609 221 774 255 attribuet.
796 223 881 269 Ergo
903 233 938 256 vt
952 220 1192 257 Antichrissum
1205 228 1396 271 cognoicas,
1408 226 1579 264 Christum
1589 243 1627 265 ex
1639 232 1800 270 diametro
1813 235 1864 270 illi
1875 250 1939 285 op-

108 266 232 317 ponere
243 281 412 305 conuenit.
428 269 492 304 Vbi
503 270 662 310 transtuli,
673 272 772 304 Omne
782 268 864 315 quod
871 268 982 303 dicitnr
991 273 1095 305 Deus:
1112 273 1216 319 magis
1228 284 1357 320 recepta
1368 274 1410 308 est
1420 277 1506 323 apud
1516 279 1648 313 Graecos
1659 281 1771 320 lectio,
1785 285 1938 320 Omnem

104 320 164 363 qui
175 319 306 353 dicitur.
319 319 456 352 Coniici
470 327 581 351 tamen
593 316 698 364 potest
708 329 774 352 tam
787 330 825 351 ex
837 320 944 352 Veteri
954 318 1188 360 translatione,
1211 322 1311 367 quam
1322 334 1358 356 ex
1369 325 1543 359 nonnullis
1554 326 1749 363 Graecotum
1759 343 1931 369 commen-

105 368 207 404 tariis,
222 376 374 413 corrupta
384 363 476 399 fuifl'e
487 364 578 399 Pauli
591 365 696 400 verba.
709 368 747 400 Et
761 365 919 414 procliuis
931 365 994 400 fuit
1005 369 1101 417 vnius
1110 367 1208 403 literae
1216 367 1323 416 lapsus
1332 393 1343 408 ‚
1363 371 1539 419 praesertim
1550 373 1606 408 vbi
1618 388 1738 424 magna
1748 392 1812 413 erat
1825 380 1935 428 figurae

106 411 258 448 affinitas:
269 425 347 448 nam
359 412 414 448 vbi
425 412 582 461 seriptum
596 425 660 447 erat
670 415 728 446 σοῖν
741 418 785 455 τε,
797 413 948 448 librarius
959 414 1132 462 quispiam,
1143 416 1195 450 vel
1207 419 1351 453 nimium
1362 420 1464 454 audax
1480 420 1596 460 lector,
1607 423 1800 461 fer-cimam.
1814 430 1935 474 Qan-

105 474 204 507 quam
216 461 285 496 haec
296 463 442 498 varietas,
454 473 618 508 quantum
629 464 667 495 ad
681 461 807 497 sensum
821 487 831 501 ‚
842 475 913 497 non
932 465 975 496 ita
988 462 1130 497 multum
1144 464 1241 499 habet
1252 471 1415 502 momenti
1435 482 1442 502 ε
1457 468 1523 504 hoc
1534 474 1624 506 enim
1634 472 1702 507 sine
1714 477 1936 513 controuerfia

103 510 211 543 voluit
221 509 353 550 Paulus,
364 511 605 544 Antichristum
617 508 675 543 sibi
687 523 855 558 rapturum
868 523 938 557 quae
951 514 1047 544 vuius
1057 513 1120 545 Dei
1131 516 1265 560 propria
1275 515 1398 552 sunt,vt
1409 515 1501 564 supra
1512 531 1613 554 omne
1624 521 1795 557 Diuinum
1807 534 1934 561 numen

101 556 132 590 se
142 555 332 604 effe-ratzquo
346 570 416 592 tota
435 558 553 606 religio
564 557 716 605 totusque
729 561 792 593 Dei
802 558 911 593 cultus
921 556 978 592 sub
990 561 1058 593 eius
1068 559 1205 607 pedibus
1219 563 1334 596 iaceat.
1346 565 1424 598 Haec
1436 568 1536 612 igitur
1546 570 1833 615 particula,0mne
1844 575 1936 620 quod

100 604 247 639 censetur
257 607 359 643 Deus,
372 608 507 654 perinde
519 605 603 640 valet
616 607 676 640 acsi
687 606 822 645 dixiss'et,
836 609 951 641 Omne
962 608 1052 653 quod
1063 606 1401 659 censetuuDiuinitas,
1416 617 1449 646 δε
1460 613 1675 657 &Emptam-ac
1687 620 1774 654 estin
1787 633 1856 668 quo
1870 623 1936 655 Dei

97 656 267 688 veneratio
277 653 431 689 consistit.
443 655 508 689 Hic
519 655 594 688 aute
609 668 679 689 non
691 658 798 702 agitur
810 657 848 688 de
859 654 956 702 ipiius
967 657 1029 689 Dei
1042 660 1192 694 nomine,
1203 657 1254 691 led
1263 659 1302 692 de
1313 661 1477 696 maiestate
1488 667 1519 697 8<
1533 666 1637 704 cultu,
1650 680 1686 702 ac
1698 671 1733 702 in
1744 669 1935 705 vniuersum

99 703 138 735 de
150 701 308 738 omnibus
320 715 391 750 quse
403 702 461 737 fibi
473 703 633 737 vendicat:
644 700 703 737 acsi
714 704 838 737 dixiffet
850 703 981 740 Paulus,
995 703 1128 751 Religio
1138 717 1212 739 vera
1223 704 1266 739 est
1277 719 1342 753 qua
1352 706 1439 742 solus
1450 722 1544 746 verus
1555 714 1644 748 Deus
1655 716 1787 751 colitur:
1797 717 1883 753 hanc
1895 719 1935 752 ad

98 747 129 783 se
141 749 228 784 filius
239 753 385 798 perditus
398 751 576 785 transferet.
590 751 691 785 Nunc
701 750 849 798 quisquis
861 763 898 785 cx
911 754 1075 799 Scriptura
1086 754 1221 788 edoctus
1231 757 1458 802 erit,quaenam
1468 761 1543 793 Deo
1558 765 1700 798 maxime·
1713 765 1773 799 (int
1785 769 1930 814 propria,

101 801 135 832 δ’.
148 812 184 833 ex
198 797 332 834 aduerso
343 799 524 834 intuebitur
535 800 615 845 quid
626 799 685 833 libi
700 800 784 847 Papa
795 794 934 846 vsurpet:
947 800 1070 834 etiamsi
1083 813 1163 847 pucr-
1172 800 1209 836 fit
1221 803 1375 838 decennis
1385 827 1395 842 ‚
1406 818 1476 840 uon
1488 807 1633 843 multum
1645 811 1806 848 laborabit
1819 828 1854 849 in
1865 829 1932 850 no-

99 845 218 882 scendo
230 848 449 892 Antichristo.
460 849 625 895 Scriptura
636 849 748 883 Deum
761 851 957 895 pronuntiat
966 851 1104 883 vnicum
1115 847 1418 898 effevLegissatorem
1429 857 1488 900 qui
1501 855 1623 892 seruare
1643 863 1748 906 potest
1760 875 1797 896 ac
1809 865 1924 910 perde-

96 908 141 931 xe:
153 899 289 931 vnicum
303 891 430 944 Regem
443 918 454 934 ,
469 898 562 930 cuius
574 894 725 930 officium
739 899 781 930 cst
793 895 892 930 verbo
904 894 961 930 suo
971 908 1079 944 regere
1089 900 1233 932 animas:
1246 901 1387 935 eundem
1397 901 1473 936 facit
1483 907 1639 940 omnium
1651 907 1814 945 laetorum
1834 924 1932 947 auto-

98 955 177 978 rem:
190 947 347 979 iustitiam
360 951 392 979 ὅ(
404 942 539 978 salutem
550 943 589 977 ab
599 957 666 978 vno
677 943 810 978 Christo
823 944 995 991 petendam
1006 946 1113 980 docet:
1126 948 1266 981 modum
1280 947 1375 983 fimul
1389 954 1422 984 ὃς
1434 954 1598 988 rationem
1610 953 1856 1003 affignat.N1hil
1867 961 1932 996 ho-

98 1004 173 1026 rum
185 994 228 1026 cst
239 994 330 1039 quod
342 1006 412 1027 non
423 993 470 1027 sui
481 995 559 1026 iuris
568 993 653 1040 Papa
664 990 722 1026 eisc
734 990 853 1026 afferat.
867 994 970 1026 Suum
982 992 1040 1027 effe
1051 993 1211 1042 gloriatur
1222 995 1323 1042 ligare
1332 997 1452 1044 quibus
1464 999 1568 1035 visum
1581 1003 1624 1036 est
1644 1003 1773 1051 legibus
1784 1007 1930 1044 coscien-

97 1043 169 1078 tias,
183 1044 216 1075 &
228 1043 356 1075 :eternis
367 1043 475 1090 poenis
488 1039 654 1074 subiicere.
665 1041 871 1075 Sacramenta
883 1053 942 1088 pto
953 1040 1093 1076 libidine
1103 1039 1157 1077 sua
1166 1043 1217 1078 vel
1227 1057 1317 1078 noua
1327 1047 1531 1088 instituit,vel
1544 1062 1616 1096 quae
1626 1052 1644 1085 ὲ
1654 1054 1788 1089 Christo
1799 1058 1932 1092 institu·-

95 1101 128 1123 ta
139 1101 240 1127 erant,
253 1091 440 1135 corrumpit
452 1093 484 1122 ὃς
498 1091 602 1125 vitiat,
616 1090 686 1122 imo
700 1092 830 1136 penitus
841 1088 999 1127 abolem:
1011 1092 1046 1124 in
1057 1102 1171 1125 eorum
1184 1094 1291 1127 vicem
1304 1091 1559 1143 substituat,quae
1571 1097 1666 1134 finxit
1677 1102 1743 1149 ipse
1752 1101 1927 1152 sacrilegia:

96 1138 206 1172 media
218 1135 454 1184 consequenda·
467 1134 575 1171 salutis
586 1136 691 1171 aliene.
701 1136 831 1184 prorsus
840 1139 858 1170 a
869 1138 1020 1173 dmitrina
1032 1138 1204 1186 Euangelii
1214 1142 1498 1178 comminiscitur:
1521 1157 1626 1182 totam
1638 1149 1781 1197 denique
1791 1152 1930 1200 religio-

94 1198 174 1221 nem
185 1196 245 1234 pro
255 1183 314 1219 suo
325 1197 409 1219 nutu
422 1197 549 1219 mutate
560 1199 629 1219 non
640 1186 778 1220 dubitat.
790 1187 884 1231 Qid
894 1184 1031 1220 obsecro
1045 1187 1087 1221 est
1098 1185 1128 1221 sc
1139 1186 1249 1223 efferre
1260 1189 1353 1238 supra
1363 1204 1465 1227 omne
1475 1196 1568 1240 quod
1575 1209 1702 1233 numen
1711 1212 1892 1247 reputatur,
1903 1202 1927 1237 fi

37 1271 43 1278 ἡ
92 1233 160 1270 hoc
168 1235 256 1282 Papa
265 1247 337 1268 non
349 1232 446 1268 facit?
470 1235 587 1280 Qun
600 1237 645 1267 ita
657 1234 769 1267 Deum
783 1232 900 1281 spoliat
912 1232 969 1268 suo
980 1234 1127 1272 honore,
1157 1236 1243 1271 nihii
1256 1249 1370 1285 praeter
1380 1242 1513 1278 inanem
1527 1243 1594 1278 Dei
1605 1246 1743 1281 titulum
1762 1248 1927 1286 residuum

85 1281 182 1320 sscit,
197 1293 303 1317 totam
313 1282 391 1317 verb
402 1285 471 1316 cius
484 1283 676 1329 potestatem
691 1281 767 1316 adse
777 1280 938 1316 transfert.
969 1285 1079 1328 Atque
1089 1283 1154 1318 hoc
1166 1286 1209 1318 est
1219 1287 1310 1332 quod
1322 1287 1422 1334 paulo
1433 1289 1505 1336 post
1516 1289 1648 1327 subiicit
1658 1295 1794 1337 Paulus,
1809 1297 1879 1332 fore
1891 1312 1926 1334 vt

92 1329 126 1366 se
135 1329 224 1366 'filius
233 1331 379 1378 ,perditus
395 1343 456 1378 pro
467 1332 540 1365 Deo
553 1329 704 1365 ostentet.
715 1343 823 1377 neque
836 1332 925 1364 enim
944 1330 991 1371 (vt
1001 1331 1129 1365 dietum
1140 1333 1195 1377 est)
1206 1334 1320 1368 insistit
1334 1338 1369 1369 in
1380 1337 1500 1372 vocula
1509 1340 1584 1378 ista,
1598 1343 1708 1377 Deus:
1722 1343 1774 1379 sed
1788 1359 1859 1380 earn
1870 1346 1927 1382 fo-

91 1391 126 1414 re
137 1379 320 1427 superbiam
333 1379 528 1413 Antichristi
541 1377 699 1426 fignificat
717 1401 727 1416 ‚
748 1391 782 1413 vt
794 1376 822 1412 se
833 1380 979 1412 eximens
991 1379 1007 1412 ὲ
1018 1376 1187 1415 seruorum
1197 1393 1339 1416 numero
1351 1387 1384 1418 ὃ(
1396 1386 1514 1420 ordine
1523 1410 1532 1423 ‚
1555 1391 1588 1423 ὃ(
1601 1391 1665 1424 Dei
1675 1391 1821 1428 tribunal
1840 1407 1924 1430 con-

90 1424 261 1465 scendens,
275 1428 403 1461 Diuina
414 1441 484 1462 non
496 1427 642 1461 humana
653 1428 809 1475 potestate
820 1429 969 1473 imperet.
980 1429 1111 1462 Scimus
1120 1431 1210 1463 enim
1223 1429 1353 1465 idolum
1363 1429 1423 1466 effe
1434 1436 1595 1480 quicquid
1606 1441 1741 1486 erigitur
1752 1446 1786 1476 in
1796 1444 1861 1477 Dei
1871 1443 1925 1478 lo-

89 1487 182 1516 cum,
197 1474 322 1510 etiamsi
332 1477 396 1510 Dei
408 1489 534 1510 nomen
545 1476 616 1510 non
626 1475 751 1511 habeat.
805 1476 843 1507 ln
853 1477 962 1523 templo
974 1478 1048 1509 Det.
1108 1477 1184 1511 Hoc
1194 1490 1264 1513 vno
1276 1479 1376 1514 verbo
1386 1480 1516 1517 abunde
1526 1483 1685 1520 refellitur
1694 1501 1809 1524 eorum
1822 1504 1922 1530 error,

86 1524 164 1559 imo
173 1523 334 1564 socordia,
346 1524 466 1570 quibus
476 1526 562 1572 Papa
573 1524 647 1558 ideo
660 1524 785 1558 Christi
796 1525 934 1557 vicarius
945 1523 988 1557 est
999 1526 1077 1570 quia
1086 1521 1176 1560 suam
1189 1528 1223 1560 in
1234 1525 1372 1561 Ecclesia
1382 1527 1487 1564 sedern
1497 1531 1615 1567 habeat
1626 1557 1636 1572 ‚
1647 1536 1924 1586 qualitercunque

89 1570 122 1607 se
133 1583 232 1620 gerat.
243 1585 320 1607 nam
331 1572 450 1607 Paulus
463 1585 534 1607 non
545 1571 624 1606 alibi
636 1571 879 1606 Antichristum
889 1570 988 1609 locat,
998 1573 1099 1618 quam
1109 1576 1144 1608 in
1155 1571 1227 1622 ipso
1238 1576 1302 1609 Dei
1311 1577 1516 1613 Sanituario.
1525 1580 1608 1616 Non
1618 1586 1708 1623 enim
1719 1596 1870 1621 externus
1879 1589 1923 1623 est

88 1621 205 1658 hostis,
221 1615 271 1655 sed
281 1621 492 1658 domesticus,
505 1622 563 1666 qui
575 1619 631 1654 sub
643 1618 713 1667 ipso
725 1620 847 1655 Christi
866 1622 1008 1654 nomine
1018 1621 1188 1657 Christum
1199 1635 1384 1671 oppugnat.
1394 1627 1454 1660 Sed
1465 1631 1620 1673 quaeritur
1640 1635 1813 1678 quomodo
1825 1648 1924 1670 voce-

90 1680 145 1704 tur
155 1668 294 1704 Ecclesia
303 1666 414 1717 specus
423 1679 473 1702 tot
484 1667 754 1715 superstitionum
765 1692 776 1706 ,
789 1681 861 1714 qua:
872 1667 1031 1703 columna
1040 1669 1178 1705 debebat
1194 1670 1253 1706 esse
1264 1675 1419 1708 veritatis.
1429 1675 1563 1724 Respon
1569 1679 1642 1718 deo,
1658 1680 1699 1714 sic
1713 1686 1835 1720 vocati,
1850 1697 1922 1719 non

88 1718 181 1764 quod
191 1720 329 1752 retineat
338 1729 457 1751 omnes
470 1715 615 1751 Ecclesiae
625 1715 798 1764 qualitates
816 1715 886 1750 :sed
895 1720 974 1763 quia
984 1716 1110 1763 aliquid
1119 1717 1283 1754 residuum
1295 1720 1423 1756 habeat.
1433 1724 1561 1772 templu
1572 1739 1649 1775 ergo
1660 1730 1726 1764 Dei
1735 1728 1795 1765 esse
1807 1730 1922 1771 fateors

87 1768 123 1807 in
136 1779 204 1814 quo
215 1766 406 1800 dominatur
416 1765 513 1813 Papa,
523 1762 575 1799 sed
587 1767 771 1800 innumeris
783 1764 958 1812 sacrilegiis
968 1765 1191 1813 profanatum,-

140 1852 158 1892 5
214 1847 299 1882 eAn
306 1853 377 1878 non
386 1842 550 1878 memoria
561 1842 698 1884 tenetis,
709 1835 804 1893 qubd
811 1852 915 1893 quum
924 1835 1036 1877 adhuc
1043 1838 1140 1893 effem
1150 1840 1246 1896 apud
1253 1853 1332 1890 vos,
1342 1840 1409 1883 haec
1416 1841 1521 1886 vobis
1530 1847 1680 1890 dicebam
1691 1854 1710 1890 ,ἓ

142 1903 166 1934 6
220 1903 269 1936 Et
274 1907 363 1935 nunc
374 1893 464 1950 quid
468 1895 622 1934 detineat
627 1893 733 1948 siim,
743 1894 849 1934 donec
856 1894 914 1935 ille
919 1892 1084 1933 reueletur
1082 1893 1146 1950 fico
1156 1906 1312 1952 tempore.

135 1965 163 2004 7
217 1953 438 2007 mysterium
450 1957 542 1991 enim
552 1954 623 1990 iam
631 1961 783 2005 operatur
791 1947 1115 2005 iniquitata,fi1lum
1127 1962 1248 1992 tenens
1260 1953 1362 1995 modo
1375 1955 1510 1998 donec>
1523 1960 1637 2001 medio
1645 1962 1792 2005 tollatur,

140 2010 163 2047 8
218 2016 268 2048 Et
274 2019 354 2047 tunc
363 2005 574 2048 -reuelabitur
581 2009 722 2061 iniquus
729 2006 788 2046 ille
798 2036 810 2054 ‚
827 2018 928 2061 quem
939 2008 1115 2046 Dominus
1125 2007 1392 2064 dqstruetspirisu
1399 2013 1527 2070 orisfhi
1547 2030 1555 2053 ε
1567 2019 1608 2064 &v
1616 2016 1762 2059 abolebit
1774 2020 1919 2076 musta...

82 2065 176 2104 tione
186 2064 354 2103 aduentus
357 2062 428 2117 sui.

132 2155 148 2190 5
198 2146 278 2184 <Aa
286 2156 343 2177 non
352 2144 527 2184 memoria.)
577 2135 654 2177 Hoc
664 2143 823 2178 doetrinae‘
835 2141 970 2177 addebat
980 2156 1051 2177 non
1061 2155 1177 2191 parum
1189 2146 1451 2196 ponderis,quod
1462 2165 1533 2187 earn
1545 2154 1633 2201 prius
1642 2157 1816 2194 audierant
1826 2174 1863 2195 ex
1869 2171 1915 2195 σε·

83 2207 117 2228 ze
128 2194 234 2230 Pauli,
250 2208 291 2228 ne
301 2193 340 2227 ad
349 2204 480 2240 tempus
493 2194 718 2238 excogitatum
732 2202 896 2239 putarent.
922 2191 1028 2236 Qiod
1035 2202 1145 2226 autem
1156 2196 1284 2230 mature
1295 2209 1350 2230 eos
1360 2199 1399 2232 de
1407 2201 1602 2237 Antichristi
1611 2216 1716 2252 regno
1729 2207 1916 2245 admonue—

81 2253 131 2276 rat
141 2268 150 2280 ‚
164 2247 197 2277 ὃ(
213 2242 322 2277 futura
334 2240 480 2275 Ecclesiae
490 2240 669 2273 vastatione
682 2253 691 2273 :
709 2252 814 2285 quum
826 2238 919 2273 nulla
930 2240 1035 2273 adhuc
1047 2241 1086 2274 de
1095 2239 1147 2276 his
1158 2241 1254 2277 rebus
1266 2256 1356 2278 mota
1370 2246 1444 2281 effe-t
1457 2250 1591 2295 quaestio
1600 2274 1610 2290 ‚
1629 2254 1852 2300 proculdubio
1862 2261 1915 2293 vi-

82 2288 176 2325 debat
207 2291 392 2326 doctrinam
411 2287 470 2323 effe
481 2290 665 2336 cognitum
676 2290 793 2335 primis
807 2287 935 2322 vtilern.
959 2290 998 2322 Et
1009 2286 1082 2322 sane
1098 2291 1142 2323 ita
1150 2302 1199 2324 res
1209 2290 1318 2326 habet.
1335 2294 1440 2329 multa
1448 2296 1548 2331 visuri
1559 2312 1650 2334 erant
1661 2301 1712 2336 illi
1723 2316 1808 2349 quos
1827 2305 1915 2341 allo-⁴·

84 2338 247 2385 quebatur
256 2365 266 2380 ,
277 2341 354 2385 'quae
364 2350 419 2372 eos
437 2336 627 2371 turbarent:
647 2336 818 2383 posteritas
827 2336 904 2370 vero
914 2360 925 2374 ‚
938 2349 1042 2383 quum
1054 2336 1177 2372 bonam
1191 2348 1305 2374 eorum
1317 2345 1443 2389 partem
1465 2349 1524 2392 qui
1534 2347 1659 2384 Christi
1669 2348 1767 2386 fidem
1786 2354 1913 2401 profes-

81 2387 105 2421 fi
117 2398 206 2422 erant
217 2411 227 2425 ‚
241 2386 328 2433 quasi
339 2387 435 2420 cestro
448 2409 457 2423 ,
470 2385 521 2420 vel
531 2387 643 2433 potins
657 2382 740 2418 furia
749 2386 907 2432 percitam
918 2408 928 2423 ,
947 2386 965 2419 ὲ
974 2387 1095 2432 pietate
1104 2384 1292 2427 desciscere,
1306 2394 1338 2424 &
1352 2393 1386 2425 in
1397 2395 1536 2429 exitium
1546 2409 1638 2431 ruere
1649 2410 1812 2442 cerneret,
1830 2400 1912 2449 quid

82 2434 173 2470 aliud
184 2436 285 2482 quam
301 2434 440 2470 titubare
449 2441 596 2483 poterat?
625 2431 746 2467 Verum
758 2432 813 2467 hic
827 2445 892 2467 erat
904 2445 1015 2467 murus
1026 2432 1169 2469 aheneus
1181 2449 1188 2469 :
1198 2434 1241 2470 stc
1252 2436 1344 2472 fuisse
1353 2442 1574 2478 constitutum
1585 2446 1602 2479 ‘a
1611 2447 1686 2481 Deo
1699 2473 1711 2488 ,
1721 2450 1801 2495 quia
1810 2451 1911 2499 digna

80 2482 140 2518 tali
151 2483 278 2518 vltione
289 2493 355 2516 crat
366 2483 544 2517 hominum
556 2481 770 2530 ingratitudo.
803 2480 871 2516 Hic
881 2482 989 2516 videre
999 2481 1043 2516 est
1053 2483 1154 2529 quam
1165 2482 1322 2520 obliuiofi
1335 2485 1398 2522 fint
1411 2489 1565 2527 homines
1575 2519 1585 2534 ,
1597 2493 1653 2528 vbi
1663 2496 1703 2529 de
1712 2508 1831 2533 aeterna
1851 2513 1910 2535 eo-

80 2544 155 2566 rum
169 2530 268 2567 salute
288 2534 404 2578 agitur.
439 2529 653 2568 Obseruanda
665 2532 761 2563 etiam
774 2529 866 2564 Pauli
886 2530 1120 2569 mansuetudo,
1149 2535 1207 2578 qui
1217 2545 1322 2580 quum
1335 2537 1439 2572 acrius
1463 2540 1693 2577 excandescere
1702 2543 1822 2592 posset,
1835 2558 1910 2583 tan·-

78 2580 150 2615 tum
160 2580 277 2616 leniter
288 2593 343 2614 eos
354 2579 542 2625 castigattest
552 2581 641 2613 enim
652 2580 718 2613 haec
729 2590 861 2626 paterna
872 2577 1187 2626 exprobratio,qubd
1199 2580 1330 2618 obliuio
1340 2587 1386 2618 rei
1395 2597 1462 2620 tam
1474 2585 1558 2623 setiae
1573 2593 1606 2624 δε
1620 2590 1708 2626 vtilis
1718 2592 1908 2642 obrepserit.

128 2631 150 2661 6
169 2643 173 2647 ·
202 2632 229 2662 Ε
231 2640 244 2661 t
252 2642 333 2663 nnnc
341 2626 420 2674 qnid
427 2627 586 2671 detineat.)
637 2627 670 2660 τὲ
679 2624 797 2669 κιτέχον
806 2627 940 2674 proprie
950 2627 1302 2675 Impedimentum‚vel
1312 2633 1440 2668 causam
1451 2648 1551 2671 morae
1564 2638 1631 2673 hoc
1642 2638 1721 2675 loco
1733 2640 1907 2690 fignificat.

79 2676 348 2723 Chrysostomus‚
360 2679 419 2724 qui
429 2688 521 2723 putat
532 2673 619 2724 posse
629 2689 700 2710 non
712 2675 771 2709 nifi
783 2677 823 2709 de
834 2674 1036 2723 Spiritusvel
1045 2678 1205 2719 Romano
1216 2680 1359 2727 imperio
1373 2683 1515 2731 intelligi
1528 2711 1538 2725 ‚
1554 2687 1682 2722 mauult
1693 2691 1728 2724 in
1739 2690 1799 2725 hic
1808 2693 1907 2728 alteri

104 2737 205 2761 artem
218 2725 389 2760 inclinare.
402 2727 583 2759 Rationem
595 2723 692 2758 habet
703 2722 908 2771 probabilem
919 2747 928 2762 ‚
943 2726 1021 2770 quia
1030 2725 1069 2758 de
1079 2726 1202 2772 Spiritu
1212 2730 1420 2775 aenigmatice
1433 2744 1503 2766 non
1513 2732 1674 2781 loquutus
1685 2737 1759 2772 effer
1775 2740 1908 2780 Paulus,

78 2737 133 2808 {ed
141 2774 179 2808 de
189 2776 331 2822 imperio
341 2773 494 2820 loquens,
507 2773 622 2806 odium
637 2772 749 2820 fugere
759 2771 912 2806 voluerit.
935 2773 1006 2807 Cur
1016 2783 1126 2807 autem
1136 2775 1285 2810 Romani
1294 2779 1427 2825 imperii
1439 2780 1538 2815 status
1548 2795 1696 2819 moretur
1713 2788 1908 2825 Antichristi

79 2821 328 2860 nudationem,
343 2820 471 2856 caulam
481 2818 710 2869 affignat:quia
721 2819 811 2854 ficuti
822 2822 841 2855 a
849 2819 946 2855 Persis
958 2824 991 2856 &
1002 2821 1110 2855 Medis
1121 2823 1228 2857 euersa
1239 2823 1302 2859 fuit
1310 2825 1490 2872 Babylonis
1499 2833 1908 2874 monarchia,Maced0ne3

77 2867 203 2904 rursum
215 2898 224 2911 ‚
253 2874 350 2907 vietis
363 2868 474 2906 Persis,
487 2869 717 2904 monarchiam
727 2879 944 2917 occuparunt,
957 2873 990 2904 Sc
1002 2870 1134 2904 tandem
1145 2871 1163 2905 ὲ
1173 2871 1336 2908 Romanis
1348 2873 1472 2910 subacti
1484 2876 1617 2914 fuerunt
1624 2883 1826 2919 Macedones
1837 2898 1844 2919 :
1861 2891 1907 2920 ita

79 2919 301 2953 Antichristus
312 2931 482 2958 vacantem
494 2920 644 2952 Romani
656 2919 788 2965 imperii
798 2919 1022 2966 principatum
1032 2918 1072 2951 ad
1081 2917 1110 2952 se
1125 2930 1275 2967 rapturus
1287 2920 1333 2956 fit.
1346 2923 1444 2958 Nihil
1454 2924 1576 2962 horum
1600 2930 1644 2963 est
1653 2932 1744 2976 quod
1754 2945 1825 2966 non
1834 2946 1867 2969 te
1877 2936 1908 2968 i-

1956 890 2016 915 Iaco
2021 886 2043 917 b.
2050 884 2105 922 411.
2111 896 2150 926 rag

78 2965 135 3015 psa
145 2967 414 3014 comprobratum
428 2969 536 3014 postea
546 2965 655 3002 fuerit:
668 2966 740 3000 vere
752 2978 830 3013 ergo
840 2965 991 3012 loquitur
1001 2965 1256 3011 Chrysostomus
1267 2993 1278 3007 ‚
1290 2972 1383 3017 quod
1391 2973 1430 3006 ad
1439 2972 1609 3011 historiam
1621 2977 1753 3024 spectat.
1771 2982 1832 3014 Sed
1842 2994 1906 3029 ego
1948 2987 1953 2988 ⁷

78 3014 107 3049 al
114 3017 178 3048 iam
189 3014 278 3049 fuiffi·
290 3017 379 3050 Pauli
392 3027 538 3050 mentem
549 3014 822 3062 arbitrorznempe
833 3014 925 3061 qubd
933 3013 1105 3061 Euangelii
1114 3015 1300 3052 doctrinam
1309 3018 1375 3054 huc
1387 3024 1420 3055 δι
1432 3021 1514 3058 illuc
1522 3029 1695 3073 propagari
1707 3033 1905 3075 oportuerit,

78 3063 188 3097 donec
197 3073 286 3098 totus
298 3064 360 3098 fere
373 3063 462 3108 orbis
472 3077 545 3098 reus
557 3064 777 3098 contumaciae
791 3067 825 3098 &
835 3063 997 3097 destinatae
1008 3061 1140 3116 malitia:
1152 3067 1301 3112 peraCkus
1313 3065 1408 3102 foret.
1433 3070 1553 3118 Neque
1563 3076 1653 3108 enim
1663 3073 1802 3110 dubium
1820 3081 1906 3124 quin

78 3112 145 3147 hoc
157 3113 446 3159 impedimentum,
459 3111 691 3160 qualecunque
701 3110 787 3152 esset,
798 3124 835 3145 ex
846 3123 901 3144 ore
912 3109 1003 3145 Pauli
1013 3110 1317 3159 Theflalonicenses
1327 3116 1495 3153 audissent:
1507 3132 1585 3155 nam
1596 3120 1660 3155 illis
1669 3123 1794 3159 reducit
1804 3127 1839 3159 in
1851 3137 1907 3162 me

78 3163 222 3194 moriam
231 3172 303 3206 quae
313 3161 400 3208 prius
412 3163 524 3194 coram
535 3161 701 3194 docuerat.
713 3159 815 3194 Nunc
826 3160 1011 3206 expendant
1021 3157 1159 3196 lectores
1168 3173 1279 3198 vtrum
1289 3162 1326 3198 fit
1337 3164 1542 3212 probabilius
1552 3193 1562 3207 ,
1574 3168 1713 3204 Paulum
1723 3175 1907 3209 conciona-

78 3219 155 3243 tum
165 3206 236 3246 effe,
247 3210 334 3255 prius
346 3208 628 3243 circunferendam
641 3220 697 3255 per
707 3221 826 3242 omnes
838 3219 928 3242 terrae
938 3217 1043 3255 partes
1052 3208 1226 3258 Euangelii
1237 3210 1347 3248 lucem
1364 3225 1542 3262 antequam
1552 3219 1643 3252 Deus
1654 3220 1699 3253 ita
1708 3220 1826 3264 Satane
1835 3221 1908 3258 frae-

76 3269 122 3292 na
133 3255 262 3299 laxaret,
275 3269 316 3289 an
327 3258 476 3291 Romani
489 3259 622 3305 imperii
633 3259 819 3304 potentiam
833 3254 959 3290 obstare
969 3259 1154 3303 quominus
1163 3258 1306 3308 surgeret
1316 3263 1547 3298 Antichristus.
1559 3267 1637 3312 quia
1647 3278 1718 3301 non
1732 3267 1836 3315 poiset
1847 3269 1909 3306 nist

75 3317 216 3340 vacuam
228 3302 456 3352 poffesfionem
468 3307 659 3354 irrumpere.
671 3306 742 3352 Ego
753 3308 838 3343 cert&
850 3303 991 3339 Paulum
1002 3305 1113 3340 audire
1130 3307 1216 3342 rnihi
1227 3309 1341 3344 videor
1349 3332 1360 3347 ‚
1383 3310 1479 3345 verba
1489 3310 1665 3348 facientem
1676 3316 1716 3349 de
1734 3317 1912 3354 vniuersali

75 3353 246 3389 Gentium
255 3352 550 3400 vocatione,de
562 3352 722 3390 omnibus
732 3351 900 3390 offerenda
909 3351 984 3388 effer
992 3354 1060 3391 Dei
1070 3358 1183 3403 gratia,
1190 3356 1282 3404 quod
1290 3356 1406 3393 orbem
1417 3359 1567 3398 Christus
1577 3361 1826 3410 perlustraturus
1836 3364 1911 3402 esset
