2268 3705
555 95 1372 164 AD'T'HES‘SALCAP-
1432 104 1498 160 ll·
1870 121 1940 173 ⁷463

79 198 152 239 qua:
161 184 242 224 false
256 190 291 222 δε
301 182 500 222 mendaciter
518 178 692 229 finguntur
711 179 751 215 ab
761 182 874 215 astutis
892 177 1092 216 hominibus
1110 181 1150 215 ad
1162 179 1327 217 ludendos
1346 181 1512 231 fimplices
1535 186 1547 228 (
1564 187 1753 225 cuiusmodi
1773 190 1915 230 fallaciis

79 240 177 275 scatet
203 248 295 271 totus
307 236 444 281 Papatus
455 243 463 264 :
476 228 550 264 sunt
561 231 652 264 enim
673 238 746 277 pars
758 232 1000 277 eiusbpotentiae
1020 241 1121 282 quarn
1134 230 1223 276 prius
1233 233 1357 278 attigit)
1378 228 1430 265 sed
1441 235 1653 274 mendacium
1674 240 1709 272 in
1722 252 1762 274 eo
1774 241 1902 283 statuit,

4 306 7 314 ι
81 286 174 335 qubd
185 287 294 324 Satan,
305 292 376 329 quae
385 278 514 324 alioqui
525 280 598 312 vere
608 276 671 312 sint
679 279 744 312 Dei
757 290 867 326 opera,
881 279 916 312 in
927 279 1098 313 aduerium
1109 276 1211 313 finem
1222 279 1322 314 trabit
1331 303 1341 319 ‚
1356 283 1388 314 δι
1404 282 1571 317 miraculis
1583 282 1730 320 abutitur
1740 290 1778 322 ad
1792 289 1910 326 obscu-

4 330 7 343 ¹
81 335 216 371 tandam
227 334 291 367 Dei
301 329 453 378 gloriam.
469 326 554 361 Non
565 337 676 361 tamen
689 329 814 361 interea
823 325 964 361 dubium
975 327 1018 361 est
1029 329 1112 373 quin
1122 327 1292 376 praestigiis
1304 327 1440 363 illudat:
1453 341 1488 365 vr
1497 333 1531 365 in
1542 330 1652 379 Magis
1663 334 1841 373 Pharaonis
1851 338 1912 373 ha-

3 381 7 411 l
72 383 190 421 bemus
201 375 401 427 exemplum.

125 443 160 465 10
210 432 247 463 In
257 430 295 461 sis
305 428 496 473 quipereunt.
509 428 521 463 )
573 424 712 459 Limitat
723 425 847 459 Satanae
858 425 1057 471 potentiam,
1069 437 1110 458 ne
1122 424 1234 459 clectis
1245 427 1309 460 Dei
1321 436 1448 461 noceat:
1461 430 1747 475 quemadmodum
1762 435 1795 467 ὅ(
1808 433 1911 468 Chri-

1 486 5 510 ‘c
78 481 143 516 stus
153 490 208 512 eos
217 476 258 512 ab
268 475 334 510 hoc
345 472 496 522 periculo
507 474 632 507 eximit.
660 472 755 507 Vnde
764 484 782 506 a
807 476 897 520 Patet
908 485 980 506 non
994 470 1054 506 nisi
1063 474 1132 507 eius
1146 472 1298 520 permiisu
1311 476 1438 510 tantum
1454 475 1561 511 valere
1570 479 1824 515 Antichristurn.
1834 483 1911 517 Fuit

36 540 41 547 ·
76 539 186 562 antem
205 525 271 561 haec
282 519 454 558 neccssaria
461 519 657 556 consolatio.
668 521 758 555 Nam
768 533 786 555 a
801 522 896 567 ioqui
906 533 1030 568 pauore
1041 523 1219 555 exanimari
1231 524 1305 569 pios
1316 536 1433 559 omnes
1444 525 1568 560 necesse
1577 525 1673 566 foret,
1685 527 1706 562 fi
1717 530 1866 564 viderent
1876 543 1912 564 a-

75 581 207 626 *pettuin
216 574 383 620 gurgitem
394 581 499 604 totam
510 571 598 603 viam
611 580 831 616 occupantem
843 593 852 607 ,
865 571 930 615 qua
941 567 999 602 fibi
1008 567 1203 604 transeundu
1212 583 1244 603 m
1255 568 1339 604 esset.
1357 573 1477 607 Paulus
1488 587 1566 621 ergo
1578 586 1747 624 vtcunque
1761 577 1911 614 solicitos

28 655 30 657 .
75 621 137 658 effe
149 621 240 658 velit,
251 621 320 667 quo
331 617 389 654 fibi
397 620 535 654 caueant
546 630 588 651 ne
598 616 765 651 securitate
777 619 882 651 nimia
894 615 1052 654 defluant,
1066 617 1137 651 imo
1149 616 1178 652 se
1187 620 1366 665 proiiciant
1379 623 1413 654 in
1426 625 1564 656 exitium
1578 637 1586 654 .·
1600 624 1691 659 iubet
1702 637 1814 661 tamen
1824 626 1911 661 bene

75 671 210 717 sperare,
224 671 303 716 quia
316 666 449 702 ftaenata
459 666 502 701 est
511 667 634 700 Satanae
646 667 795 712 potentia
804 689 815 703 ,
826 670 879 699 ‘ne
889 665 973 700 alios
988 667 1088 711 quam
1102 665 1260 714 reprobos
1272 670 1306 701 in
1317 670 1447 703 ruinam
1471 671 1544 704 dare
1555 670 1666 719 poffita
1717 677 1774 709 Pro
1785 688 1815 709 co
1828 673 1911 721 quad

72 719 261 754 dilcc'lumem
271 717 493 756 veritatas‚&c.
544 714 598 748 Nc
607 725 855 760 conquerantur
864 713 994 761 reprobi
1008 712 1035 748 se
1046 716 1204 748 innoxios
1215 718 1330 762 perire,
1340 720 1373 750 Sc
1383 718 1447 751 Dei
1458 716 1578 752 saeuitia
1591 723 1703 767 potius
1714 735 1813 768 quam
1828 718 1908 771 Ρω-

75 770 149 816 ptio
158 760 282 800 deliffo
291 762 351 799 esse
362 765 462 798 morti
473 763 634 797 deuotos:
656 763 800 796 ostendit
809 761 929 796 Paulus
941 764 1043 808 quam
1055 762 1146 797 iustis
1156 763 1195 797 de
1205 762 1306 798 causis
1325 764 1406 798 adt-b
1420 765 1528 800 seuera
1537 768 1601 801 Dei
1618 772 1763 805 vindicta
1774 774 1810 806 in
1831 771 1909 807 illos

42 841 47 850 .
71 822 212 850 'ventura
223 813 268 848 iit:
281 815 359 858 quia
368 810 488 848 scilicet
498 813 668 845 veritatem
679 808 738 845 fibi
750 808 908 847 oblatam,
918 823 987 856 quo
998 811 1089 845 decet
1099 809 1217 847 affeciffl
1231 825 1301 846 non
1312 811 1435 848 fuerint
1446 814 1602 862 amplexi,
1613 818 1682 850 imo
1695 818 1810 865 sponte
1822 820 1910 854 salu*

72 871 140 900 tem
152 861 382 898 recusauerim.
392 862 502 907 Atque
515 858 596 894 hinc
610 857 729 893 clarius
741 864 874 907 apparet
885 859 1051 904 quodiam
1063 859 1150 900 dixi,
1161 860 1345 908 oportuisse
1358 863 1486 896 mundo
1497 864 1663 910 praedicari
1676 867 1911 915 Euangelium,

8 908 13 943 ἶ
29 917 38 929 Γ
71 918 251 958 antequam
261 911 353 943 Deus
364 910 486 944 Satanae
496 918 626 942 tantum
639 910 853 955 permitteret:
866 908 944 953 quia
953 906 1087 942 nonnisi
1098 919 1242 942 extrema
1251 908 1433 944 hominum
1446 913 1684 958 ingratitudine
1695 927 1910 962 prouocatus,

17 950 27 954 ἡ
73 965 140 996 tam
151 959 272 994 foedam
284 956 403 1004 templi
425 955 471 991 sui
481 954 750 1003 profanationem
762 967 910 1002 vnquam
929 954 1073 1002 passurus
1085 953 1219 991 effet.1n
1229 956 1356 992 sumina
1365 982 1376 996 ,
1392 959 1524 994 testatur
1532 959 1653 996 Paulus
1664 964 1908 1000 Antichristuin

72 1009 162 1045 iustae
171 1009 235 1042 Dei
246 1007 399 1041 vindic’tae
410 1005 597 1038 ministrum
609 1002 678 1038 fore
688 1002 838 1038 aduersus
850 1016 905 1038 eos
915 1006 973 1050 qui
984 1004 1022 1038 ad
1034 1002 1171 1039 salutem
1182 1007 1302 1046 vocati,
1313 1006 1534 1054 Euangelium
1544 1007 1738 1056 respuerint,
1748 1025 1783 1046 ac
1795 1015 1909 1060 potius

71 1058 249 1092 ‘adiecerint
257 1057 409 1088 animuin
421 1054 460 1086 ad
470 1054 677 1099 impietatem
690 1055 723 1086 &
735 1064 868 1086 errores.
881 1054 994 1097 Qare
1005 1066 1075 1087 non
1086 1054 1130 1087 est
1139 1052 1231 1100 quod
1241 1067 1332 1088 nunc
1344 1054 1505 1090 obiiciant
1517 1056 1662 1104 Papistae,
1677 1060 1817 1107 indigns,
1829 1060 1909 1095 fuis-

73 1103 104 1141 se
113 1104 235 1140 Christi
244 1102 435 1141 clementia,
447 1099 621 1135 Ecclesiam
632 1100 721 1134 suani
732 1098 773 1135 fic
783 1101 934 1135 abiicere.
952 1101 1041 1135 Nam
1054 1104 1196 1148 quanuis
1214 1104 1372 1137 immanis
1382 1102 1479 1138 fuerit
1487 1105 1682 1141 Antichristi
1704 1109 1908 1152 dominatio,

72 1163 265 1189 nontamen
278 1152 445 1199 perierunt
463 1148 522 1183 nisi
532 1151 591 1196 qui
603 1149 697 1196 digni
707 1160 808 1183 crant:
821 1148 893 1182 imb
903 1151 962 1195 qui
973 1146 1090 1196 sponte
1100 1162 1244 1184 mortem
1256 1152 1481 1198 oppetierunt.
1495 1155 1535 1187 Et
1543 1154 1629 1188 certe
1640 1168 1744 1202 quum
1759 1171 1822 1192 vox
1834 1157 1913 1193 Filii

68 1202 135 1238 Dei
145 1201 266 1247 vbique
286 1195 516 1247 personuisset,
542 1196 668 1237 surdas,
690 1197 760 1232 imo
772 1196 949 1231 obstinatas
968 1200 1088 1244 reperit
1100 1198 1283 1233 hominum
1293 1212 1403 1234 aures:
1426 1205 1460 1235 ὅ(
1471 1215 1665 1249 quanquam
1691 1205 1833 1254 vulgaris
1846 1205 1911 1242 fuit

70 1245 314 1287 Christianismi
333 1244 488 1294 professio
500 1269 509 1283 ‚
521 1248 619 1293 pauci
631 1257 742 1280 tamen
752 1246 825 1279 vere
835 1271 846 1286 ,
867 1249 901 1279 &
914 1247 1078 1280 exanimo
1088 1244 1118 1279 se
1138 1245 1274 1282 Christo
1284 1247 1488 1284 addixerunt.
1513 1250 1610 1285 Nihil
1621 1254 1732 1299 itaque
1745 1257 1867 1289 mirum
1886 1254 1910 1290 fi

68 1310 138 1334 tam
148 1296 338 1332 sceleratum
347 1305 586 1343 contemptum
601 1307 681 1328 mox
691 1292 890 1341 subsequuta
908 1293 952 1326 est
962 1291 1077 1327 similis
1088 1295 1182 1329 vltio.
1194 1296 1364 1341 Qaeritur
1374 1297 1417 1331 aii
1429 1311 1501 1333 non
1519 1301 1554 1332 in
1565 1298 1647 1334 alios
1658 1303 1749 1335 cadat
1770 1313 1910 1338 excaeca-

69 1348 174 1382 tionis
185 1350 293 1394 puina,
307 1342 366 1378 nisi
381 1345 439 1389 qui
451 1344 632 1390 d.ira0pera
641 1342 824 1390 Euangelio
834 1341 969 1376 fuerunt
980 1340 1128 1377 rebelles.
1138 1341 1350 1391 Respondeo,
1363 1345 1526 1392 peculiare
1539 1346 1606 1381 hoc
1619 1351 1780 1385 iudiciuin
1793 1365 1862 1398 quo
1872 1365 1910 1386 a·-

67 1406 194 1445 pettam
206 1394 455 1428 contumaciam
467 1390 553 1425 vltus
565 1391 608 1424 est
620 1391 725 1431 Deus,
737 1404 808 1425 non
821 1389 946 1425 obstare
955 1391 1038 1436 quin
1050 1390 1181 1438 stupore
1191 1394 1368 1440 percutiat,
1377 1397 1510 1439 quoties
1521 1394 1625 1429 visum
1640 1398 1758 1444 est,qui
1769 1401 1908 1447 nunqua

67 1441 205 1478 verbum
219 1442 257 1475 de
267 1440 402 1475 Christo
413 1439 598 1474 audierunt.
614 1441 692 1486 quia
701 1438 821 1474 Paulus
832 1451 902 1473 non
911 1436 1053 1485 disputat
1065 1440 1099 1472 in
1111 1451 1241 1486 genere.
1252 1439 1373 1487 quibus
1384 1442 1422 1476 de
1431 1441 1533 1477 caufis
1551 1442 1591 1477 ab
1606 1446 1705 1479 initio
1716 1447 1806 1482 Deus
1819 1450 1909 1483 Sata-

66 1494 148 1527 iiam
157 1502 236 1525 cum
249 1488 311 1523 suis
322 1489 502 1523 mendaciis
514 1485 642 1534 graffari
653 1486 772 1522 siuerit:
782 1485 833 1521 sed
844 1487 945 1533 quain
957 1485 1126 1521 horribilis
1137 1488 1284 1524 vinduil-a
1294 1491 1470 1524 immineat
1479 1489 1586 1526 craffis
1596 1505 1692 1527 nouae
1708 1498 1742 1528 δε
1754 1497 1842 1542 prius
1853 1499 1907 1531 in-

64 1537 170 1574 solitae
180 1540 290 1586 gratiae
303 1534 604 1584 contemptoribus.
614 1537 775 1583 Recipere
784 1534 1000 1570 dilectionem
1012 1537 1156 1570 veritatis
1167 1536 1260 1574 dixit,
1271 1550 1333 1584 pro
1345 1550 1385 1572 eo
1396 1540 1487 1584 quod
1500 1537 1545 1574 est
1558 1566 1567 1578 ‚
1579 1541 1745 1576 Animum
1761 1544 1908 1582 ‚adiicere

15 1613 23 1617 e
66 1588 107 1623 ad
120 1600 191 1621 eam
203 1585 420 1633 diligendam.
429 1584 524 1618 Vnde
536 1582 703 1620 discimus,
721 1582 818 1618 fidem
831 1581 958 1631 semper
968 1595 1045 1617 cum
1058 1578 1148 1618 suaui
1161 1582 1198 1620 ¹&
1209 1583 1390 1632 spontanea
1409 1588 1474 1621 Dei
1484 1591 1667 1623 reuerentia
1677 1587 1737 1625 effe
1758 1595 1909 1629 coniun-

68 1639 168 1673 &arm
180 1638 259 1682 quia
269 1647 340 1668 non
351 1635 412 1668 rite
422 1632 562 1666 creditur
573 1629 673 1666 verbo
685 1633 760 1670 Dei,
773 1630 833 1667 nifi
845 1632 925 1665 dum
935 1629 1078 1666 amabile
1091 1636 1125 1666 &
1138 1634 1324 1678 iucundum
1335 1634 1388 1669 est.

0 1676 4 1718 l
115 1696 144 1719 11
194 1684 410 1733 Operationem
420 1677 599 1727 impostum.)
652 1679 826 1728 Significat
849 1692 921 1714 non
940 1680 1044 1714 modi>
1055 1678 1180 1729 locum
1188 1680 1259 1715 fore
1268 1681 1431 1718 erroribus
1441 1706 1452 1721 ,
1464 1679 1516 1729 sed
1527 1697 1723 1721 excaecatum
1737 1689 1777 1721 iri
1796 1691 1908 1736 reptd.

0 1723 3 1768 l
65 1731 128 1768 bos
141 1756 151 1771 ,
177 1735 220 1767 ita
230 1742 264 1765 vt
282 1727 401 1776 absque
420 1727 545 1764 iudicio
557 1730 592 1763 in
614 1731 757 1772 mortem
775 1739 882 1763 ruant.
910 1725 1213 1775 'Qmadmt‘iduin
1233 1732 1323 1764 enim
1344 1732 1468 1779 Spiritu
1477 1730 1535 1767 suo
1555 1747 1618 1768 nos
1628 1737 1718 1770 intus
1737 1734 1908 1771 illuminat,

0 1780 3 1794 '⁸
64 1781 169 1819 Deus,
179 1787 213 1815 vt'
222 1778 334 1815 efficax
345 1777 382 1811 iit
391 1776 480 1824 apud
489 1788 552 1811 nos
563 1775 617 1810 sua
630 1776 793 1812 doetrina:
806 1773 988 1823 oculosque
1000 1780 1034 1811 &
1045 1773 1253 1811 co'r'dan'obi's
1263 1781 1377 1825 aperit,
1392 1789 1426 1815 vt
1437 1779 1518 1823 illuc
1527 1793 1687 1828 penetret:
1699 1785 1745 1818 ita
1757 1785 1841 1818 iusto
1853 1788 1907 1820 iu-

63 1829 153 1864 dicio
183 1828 282 1863 tradit
291 1829 326 1861 in
338 1823 466 1859 sensum
482 1824 661 1873 reprobum
678 1828 764 1872 quos
775 1827 876 1859 exitio
893 1825 1068 1859 destinauit
1077 1847 1088 1862 ‚
1099 1835 1134 1858 vt
1157 1824 1271 1860 clausis
1281 1827 1388 1862 oculis
1398 1851 1408 1865 ,
1420 1832 1454 1868 ὃς
1466 1829 1595 1877 stupida
1605 1843 1716 1866 mente
1726 1858 1736 1872 ‚
1748 1831 1837 1879 quasi
1846 1832 1907 1868 fas-⁴

62 1879 168 1912 ciiiati
177 1900 187 1915 ‚
197 1878 320 1911 Satanae
334 1878 368 1909 δι
381 1875 451 1908 eius
464 1873 621 1908 ministris
633 1873 663 1908 se
673 1873 835 1908 fallendos
844 1873 984 1919 tradant.
1010 1873 1052 1907 Et
1062 1871 1149 1908 certe
1160 1872 1283 1909 illustre
1293 1878 1363 1910 eius
1374 1878 1421 1910 rei
1430 1873 1653 1924 spectaculum
1666 1882 1701 1914 in
1712 1882 1836 1928 Papatu
1848 1881 1909 1917 ha-

61 1925 191 1960 bemus.
210 1923 326 1959 Nullis
340 1921 448 1957 verbis
459 1923 598 1969 exprimi
607 1922 714 1970 potest
725 1923 825 1969 quam
838 1918 1028 1969 portentosa
1041 1920 1112 1956 illic
1119 1920 1159 1967 sit
1167 1933 1284 1958 eorum
1295 1923 1469 1972 colluuies‚
1479 1927 1580 1972 quam
1596 1928 1691 1973 crassa
1706 1933 1737 1963 &
1755 1930 1907 1976 pudenda

60 1973 100 2008 fit
111 1971 381 2021 superstitionum
391 1969 581 2010 absurditas,
592 1971 694 2017 quam
705 1970 812 2005 aliena
823 1970 840 2004 Ξι
850 1967 940 2004 sensu
953 1972 1133 2004 communi
1148 1970 1274 2005 deliria.
1294 1974 1501 2020 Qicunque
1513 1976 1713 2010 mediocrem
1725 1977 1848 2012 habent
1858 1975 1907 2014 sa-

61 2033 113 2056 nae
129 2022 287 2056 doe‘trinae
298 2020 430 2067 gustum
442 2044 452 2057 ,
474 2015 513 2052 de
525 2021 686 2066 portentis
698 2018 765 2054 illis
784 2020 932 2066 cogitare
941 2021 1114 2064 nequeunt
1134 2016 1202 2062 fine
1211 2016 1343 2064 summo
1371 2020 1519 2056 horrore.
1539 2022 1611 2069 Q
1621 2022 1657 2058 fit
1667 2037 1748 2073 crgo
1759 2031 1793 2059 v't
1813 2024 1906 2064 totus

62 2070 209 2104 mundus
226 2068 336 2103 inillis
347 2059 552 2115 obstupescat
561 2091 572 2105 ,
590 2066 652 2102 nisi
663 2067 753 2114 quod
763 2068 920 2102 homines
948 2068 1091 2101 caecitate
1103 2065 1240 2114 Percuffi
1252 2066 1326 2103 sunt
1339 2069 1356 2103 a
1371 2070 1526 2105 Domino
1537 2094 1547 2109 ‚
1560 2077 1593 2106 ὅ(
1607 2072 1697 2118 quafi
1719 2076 1754 2108 jn
1765 2079 1905 2110 truncos·

62 2117 212 2152 conuersi
224 2119 237 2150 ?

0 2177 3 2205 ς
112 2178 143 2200 12
193 2168 229 2200 V
229 2176 242 2198 t
249 2162 424 2199 iudicentur
433 2166 556 2207 omnes.)
593 2158 736 2204 Hoc'est,
747 2173 783 2197 vt
793 2175 929 2211 poenam
940 2161 1036 2198 luant
1046 2165 1218 2212 impietate
1229 2161 1282 2199 sua
1294 2165 1440 2213 dignam.
1451 2163 1498 2202 lta
1508 2181 1579 2204 non
1591 2167 1636 2203 est
1644 2167 1737 2215 quod
1749 2172 1903 2218 expostaq-

62 2214 132 2250 lent
144 2228 221 2250 cum
229 2215 305 2253 Deo
315 2215 374 2259 qui
385 2222 535 2260 pereunt,
551 2214 628 2259 quia
638 2213 749 2259 adepti
762 2210 835 2246 sunt
847 2212 939 2258 quod
950 2211 1148 2258 quaercbant.
1159 2214 1359 2249 Tenendum
1370 2216 1414 2249 est
1428 2219 1519 2251 enirn
1532 2217 1625 2264 quod
1635 2219 1769 2253 Deuter.
1780 2231 1850 2268 cap.
1862 2221 1907 2266 133>

62 2275 91 2297 a.
102 2274 126 2308 3.
139 2255 289 2299 habetur,
299 2263 485 2295 Examinati
499 2261 598 2294 eorda
609 2260 804 2299 hominum,
814 2264 919 2307 quum
931 2259 1098 2308 prodeunt
1108 2259 1193 2296 falsae
1202 2263 1369 2297 doctrina·
1384 2265 1463 2310 quia
1473 2270 1544 2300 non
1553 2266 1734 2314 praeualent
1744 2266 1806 2302 nifi
1815 2263 1904 2316 apud

63 2324 119 2345 eos
129 2313 187 2358 qui
198 2311 294 2344 corde
304 2307 428 2344 'sincero
439 2311 549 2343 Deum
561 2323 632 2343 non
643 2308 799 2356 diligunt.
813 2308 935 2355 quibus
946 2321 1024 2355 ergo
1033 2307 1143 2356 placet,
1151 2311 1328 2350 iniustitia,
1349 2310 1495 2348 frustum
1508 2316 1577 2349 eius
1595 2313 1768 2362 colligant.
1779 2316 1906 2357 Quum

62 2360 143 2393 dicit
155 2360 296 2396 Omnes,
309 2356 469 2405 fignificat
479 2371 549 2392 non
561 2356 703 2392 excusati
714 2369 950 2405 contemptum
962 2358 1025 2392 Dei
1036 2358 1197 2404 imin-ensa
1205 2371 1323 2394 eorum
1344 2359 1486 2396 turba&
1497 2362 1714 2398 multitudine
1724 2387 1734 2401 ‚
1745 2366 1804 2410 qui
1818 2364 1902 2404 obe-

62 2409 133 2442 dire
140 2406 323 2454 Euangelio
335 2417 492 2440 renuunt.
511 2407 615 2440 totius
626 2408 716 2440 enirn
730 2406 847 2441 mundi
858 2406 954 2440 iudex
966 2406 1009 2439 est
1020 2406 1114 2441 Deus
1124 2430 1135 2445 ‚
1146 2419 1180 2449 vt
1192 2408 1263 2454 non
1277 2409 1438 2443 ininus‘de
1459 2419 1595 2446 centum
1608 2410 1759 2446 millibus
1769 2436 1779 2451 ,
1800 2414 1903 2460 quarn

0 2459 3 2492 't
62 2455 102 2490 de
120 2468 189 2490 vno
208 2455 348 2489 homine
370 2465 484 2501 poenas
494 2453 609 2488 sumat.
642 2455 859 2502 Participium
880 2451 1073 2491 εὖθοῑκιῖσαγτες
1090 2453 1278 2491 vitione—ain
1297 2460 1356 2500 (vt
1376 2459 1420 2491 ita
1431 2457 1563 2506 loquar)
1584 2459 1842 2508 propensionem
1862 2463 1903 2497 ad

61 2503 190 2540 malum
199 2501 310 2537 sonat:
323 2505 368 2536 ita
377 2504 468 2536 enim
480 2505 617 2549 ingtatis
646 2505 835 2550 praeciditur
844 2505 957 2537 omnis
970 2501 1152 2545 excusatio,
1171 2504 1252 2539 dum
1265 2515 1390 2540 tantam
1403 2518 1440 2540 ex
1450 2508 1609 2543 iniustitia
1619 2508 1825 2556 voluptatem
1847 2522 1903 2545 ca-

59 2555 160 2636 piunt
169 2576 180 2590 ‚
191 2562 224 2586 vt
235 2549 328 2585 illam
338 2549 509 2598 praeferant
522 2552 587 2584 Dei
606 2552 746 2585 iustitiae.
774 2552 864 2586 Nam
877 2564 941 2597 qua
950 2554 984 2586 vi
994 2550 1158 2599 impulsos
1170 2553 1199 2587 se
1206 2551 1300 2588 fuisse
1313 2555 1437 2595 dicent,
1447 2561 1482 2590 Vt
1492 2554 1521 2590 se
1531 2556 1647 2591 vesana
1666 2555 1854 2593 defectione
1865 2572 1902 2593 a·

75 2608 220 2635 ienarent
230 2601 247 2634 ὲ
257 2601 332 2634 Deo
341 2624 351 2637 ,
360 2599 401 2632 ad
411 2611 512 2646 quem
523 2610 645 2634 naturae
656 2600 757 2634 ductu
768 2598 966 2647 agebantur?
982 2601 1070 2634 certe
1082 2600 1232 2637 volentes
1258 2605 1291 2636 δι
1303 2602 1440 2637 scientes
1452 2605 1632 2641 mendaciis
1641 2617 1754 2641 aurern
1775 2606 1902 2655 praebe-

59 2660 94 2690 re
107 2649 243 2684 constat.
1223 2668 1225 2671 .

117 2731 147 2767 13
202 2723 287 2765 Ἄζω-
295 2726 409 2755 autem
418 2712 579 2754 debemus
582 2718 717 2771 gratias
730 2729 828 2771 agere
839 2710 1096 2773 Deofimpae'rde
1104 2709 1218 2763 vobis,
1224 2714 1356 2771 fratres
1369 2718 1489 2759 dilect‘i
1497 2718 1519 2758 ἆ
1529 2723 1680 2762 Domino
1688 2749 1700 2768 ,
1710 2725 1794 2777 qaia
1802 2722 1904 2780 elegii·

0 2816 2 2820 y
60 2780 232 2812 vos-Deus
250 2771 293 2813 ab
308 2775 407 2813 initio
417 2775 457 2810 in
459 2768 608 2823 fizlutem
631 2801 642 2816 ‚
653 2775 692 2810 in
691 2769 966 2824 fhnd‘t'tficatione
980 2776 1130 2829 spiritus,
1141 2774 1181 2819 ἀ
1190 2774 1262 2827 fide
1273 2777 1455 2815 veritatis:
1574 2808 1576 2810 v
1804 2797 1806 2799 ·

0 2863 1 2882 3
27 2840 42 2846 ”
82 2836 89 2847 “
118 2844 158 2878 14
220 2837 304 2885 ἔξω
322 2831 463 2867 vocam}
478 2839 544 2866 vos
555 2839 622 2883 per
645 2835 673 2867 E
675 2827 868 2882 uangelium
886 2827 1090 2880 nostrumjn
1101 2828 1330 2887 pofflssionem
1366 2835 1390 2852 “
1399 2831 1515 2886 gloriae
1542 2836 1691 2873 Domini
1705 2834 1810 2889 nostri
1825 2834 1899 2892 Iefic

0 2895 1 2898 ’
60 2883 148 2924 clm·
173 2887 195 2923 ι’.
1778 2902 1781 2905 x
1896 2907 1897 2910 ,

108 2884 175 2986 13st
187 2940 260 2974 Nos
270 2951 372 2974 autem
383 2938 551 2984 debemus.)
589 2941 693 2974 Nunc
703 2940 843 2987 apertius
855 2939 1159 2976 Thessalonicenses
1180 2941 1198 2975 ὲ
1207 2941 1355 2989 reprobis
1366 2941 1522 2991 segregat,
1533 2957 1576 2980 ne
1587 2943 1665 2980 fides
1677 2941 1793 2981 eorum
1804 2944 1897 2981 futu-

33 3025 36 3034 1
59 2999 103 3022 1ae
111 2988 305 3024 defectionis
319 3000 408 3023 metu
420 2988 552 3023 titubet.
563 3001 754 3034 quanquam
767 3002 836 3023 non
848 2988 922 3037 ipsis
935 2989 1063 3024 tantum
1075 2987 1258 3029 consulere,
1269 2989 1320 3024 sed
1330 2993 1429 3026 etiam
1441 2992 1578 3039 posteris
1596 2992 1714 3028 voluit.
1738 2995 1811 3029 Nec
1822 2999 1901 3029 tan—⁴

60 3036 134 3070 tum
145 3035 220 3071 illos
232 3036 419 3074 confirmat,
431 3051 473 3071 ne
483 3039 518 3071 in
529 3038 616 3071 idem
628 3036 773 3071 ferantur
782 3049 859 3071 cum
874 3037 1002 3072 mundo
1013 3040 1235 3086 praecipitium
1246 3062 1256 3078 ‚
1282 3036 1335 3073 sed
1345 3040 1405 3074 hac
1414 3043 1667 3088 comparatione
1677 3046 1813 3089 gratiam
1831 3043 1897 3077 Dei

62 3096 140 3131 erga
149 3097 204 3118 eos
215 3088 318 3132 magis
328 3085 543 3120 commendat
556 3098 564 3119 ι
582 3085 673 3132 quod
685 3097 789 3131 quum
802 3097 938 3120 cernant
957 3096 1067 3120 totum
1079 3085 1145 3122 fere
1155 3085 1271 3121 orbem
1290 3087 1379 3135 quasi
1390 3087 1536 3123 violenta
1546 3091 1735 3136 tempestate
1744 3089 1840 3125 simul
1860 3093 1897 3126 in

62 3143 207 3167 mortem
219 3132 323 3180 abripi
339 3155 348 3170 ,
363 3132 421 3180 ipsi
430 3135 495 3168 Dei
505 3146 604 3168 manu
618 3135 652 3167 in
664 3135 780 3179 quieto
793 3137 827 3167 &
840 3133 937 3168 firmo
949 3136 1022 3168 vitae
1032 3135 1114 3169 statu
1126 3132 1339 3170 retineantur.
1349 3139 1397 3171 Ita
1407 3139 1570 3171 conuenit
1593 3139 1658 3172 Dei
1668 3139 1789 3173 iudicia
1800 3141 1836 3173 in
1846 3151 1897 3174 te-

62 3180 177 3227 probis
193 3182 325 3217 intueti,
337 3192 371 3215 vt
382 3180 479 3215 nobis
489 3180 592 3216 veluti
605 3179 733 3229 specula
743 3180 804 3215 lint
813 3183 852 3215 ad
863 3180 1130 3218 considerandam
1141 3186 1210 3218 eius
1220 3190 1294 3232 erga
1303 3197 1365 3219 nos
1378 3182 1644 3219 misericordiam.
1669 3187 1722 3221 Sic
1732 3189 1822 3222 enim
1835 3188 1899 3223 θεει-ι

62 3229 224 3263 tuendum
235 3229 289 3265 est,
301 3227 391 3274 quod
402 3229 514 3263 misere
526 3242 602 3264 cum
614 3229 680 3264 illis
691 3226 761 3264 non
772 3232 932 3278 petimus,
942 3230 1075 3265 nonnisi
1085 3230 1240 3280 singulari
1250 3234 1314 3267 Dei
1327 3235 1429 3280 gratia
1438 3231 1517 3266 fieti.
1541 3234 1612 3268 Hac
1621 3236 1748 3269 ratione
1759 3222 1900 3270 Dilec'los'

62 3272 83 3310 ἃ
94 3279 225 3310 Domino
238 3288 346 3314 vocat,
358 3287 392 3310 vt
404 3276 521 3311 melius
531 3280 693 3325 cogitent,
703 3291 774 3312 non
785 3279 846 3312 alia
855 3276 885 3312 se
895 3278 986 3313 causa
996 3278 1036 3314 ab
1048 3278 1104 3314 illa⁴
1114 3279 1203 3328 quafi
1216 3277 1391 3316 vniu‘etsali
1405 3281 1523 3315 mundi
1534 3280 1624 3315 clade
1635 3285 1729 3330 eripi,
1747 3282 1808 3318 nisi
1818 3286 1897 3332 quia

61 3325 152 3360 Deus
163 3324 238 3360 illos
250 3324 395 3372 gratuito
403 3327 541 3359 amauit.
551 3328 604 3360 Sic
613 3323 722 3361 Moses
732 3327 858 3361 iudaeos
869 3326 1039 3366 monebat,
1050 3328 1132 3364 Non
1143 3330 1296 3364 id'eo'tai'n
1309 3327 1486 3376 magnifice
1497 3328 1615 3364 extulit
1625 3344 1685 3366 vos
1697 3332 1804 3372 Deus,
1817 3335 1897 3379 quia

59 3370 127 3408 sitis
139 3373 210 3412 aliis
219 3376 441 3422 potentiores,
449 3372 502 3425 vel
513 3376 637 3424 maiore
648 3382 801 3426 nurnero:
812 3374 864 3411 sed
874 3378 952 3423 quia
960 3377 1067 3412 Patres
1077 3377 1199 3413 vestros
1205 3376 1332 3412 'dilexit-
1341 3378 1442 3412 Deut.
1454 3387 1486 3422 7.
1498 3375 1529 3413 b.
1540 3377 1569 3412 8.
1580 3377 1670 3414 Nam
1682 3392 1790 3426 quum
1800 3382 1897 3428 audi7

1923 2862 2116 2903 Velgloriosiiin.
