2268 3705
92 1171 289 1212 sup.2.d.16.1uc

91 1225 116 1244 2.
127 1214 191 1249 ἀμ.

90 1254 250 1288 neem-hs.

92 1404 157 1432 Dm.
163 1409 264 1442 303c.*15.

95 1970 234 2004 ij.1i'.-.¹r.3.b.
245 1977 284 1999 ιο.

96 2097 140 2121 512.
153 2092 286 2126 1.b.17.18.

96 2211 271 2246 :Ae-traria&

95 2291 254 2330 lerc.51fi32.

98 3084 184 3118 mults
190 3084 274 3115 απαξ

98 3132 205 3161 „fl-tagii.
218 3126 285 3162 d.34.

299 87 356 137 5'3'2'
775 78 1663 133 -1N11·EPIST-1>AVL1

349 164 370 205 7
404 151 535 208 ‘Qdst
548 146 741 198 mt'msserium
750 159 882 199 mortis.)
931 158 999 191 Iani
1012 157 1209 204 dignitatem
1230 154 1597 203 Euangeliiamplificat
1616 168 1656 189 eo
1666 157 1866 203 argumento
1883 180 1894 195 ‚
1913 155 2003 204 quod
2021 146 2146 207 Legem

302 209 400 244 Deus
413 219 536 254 magno
547 206 677 241 honore
688 205 841 252 dignatus
855 205 908 239 est:
922 217 993 251 quae
1005 216 1117 238 tamen
1129 204 1215 238 nihil
1225 206 1265 237 acl
1277 204 1508 251 Euangelium.
1518 204 1636 238 Multis
1649 204 1815 238 miraculis
1827 206 1892 238 Lex
1903 205 1966 240 fuit
1975 206 2141 242 illustrarat

302 256 352 292 sed
367 263 418 290 liic
431 255 549 289 Paulus
561 267 664 288 vnum
676 257 820 301 attingit.
843 265 963 299 nempe
984 264 1113 286 tantum
1126 254 1161 286 in
1176 251 1255 286 facie
1267 252 1369 286 Mosis
1386 251 1594 299 splendorem
1612 251 1780 290 refulsiffe,
1791 256 1849 300 qui
1861 257 2013 289 omnium
2026 257 2145 291 oculos

305 305 544 353 perstringeret.
556 300 773 351 splendoriile
783 300 970 346 symbolum
991 311 1057 334 erat
1068 300 1180 346 glor-ix
1201 301 1307 347 Legis.
1332 302 1449 334 nuncii
1463 302 1587 334 minori
1596 301 1634 333 ad
1647 304 1750 335 maius
1770 313 2037 348 argumentatur,
2051 305 2145 339 dece—
2191 305 2193 308 ⁴

306 366 339 387 rc
352 365 385 387 vt
402 352 689 399 Euangeliigloria
704 350 970 396 magnificentior
979 359 1142 395 appareat,
1158 361 1261 394 quum
1278 348 1383 396 longo
1394 347 1570 382 interuallo
1582 349 1754 383 antecellat
1764 351 1898 396 Legem.
1926 351 2072 385 Primum
2083 366 2145 385 vo-

309 413 360 436 cat
372 402 492 448 Legem
504 425 514 438 ,
528 401 746 434 ministerium
775 399 910 431 mortis:
929 394 1070 430 secundo
1080 422 1090 436 ,
1113 400 1182 431 eius
1200 397 1386 432 doeh-inam
1408 396 1509 430 literis
1529 400 1562 430 &
1582 408 1766 432 atramento
1789 410 1948 432 exaratam
1967 398 2025 433 else
2043 401 2122 434 dicit
2135 415 2143 434 z

307 449 407 484 tertio
420 474 428 487 ‚
440 447 636 496 insculptam
649 445 742 480 suille
752 448 787 479 in
798 444 981 492 lapidibus:
1003 444 1122 490 quarto
1134 468 1144 482 ,
1161 458 1232 479 non
1243 457 1405 493 perpetuae
1425 441 1521 478 fuisse
1534 446 1718 479 durationts
1729 471 1738 485 ‚
1761 444 1812 479 scd
1825 449 1892 481 eius
1912 447 2030 481 statum
2051 447 2146 483 fuilse

310 497 529 545 temporalem
543 502 575 530 ὅ(
588 496 748 529 caducum
762 506 769 526 :
789 493 909 539 quinto
921 516 931 530 ‚
942 496 1060 527 iteruin
1071 505 1168 527 vocat
1188 496 1407 527 ministerium
1428 494 1662 528 damnationis.
1684 495 1766 538 Qo
1777 492 1880 541 plen'ae
1891 493 1989 529 essent
1999 497 2142 531 antithe—

308 547 365 584 ses,
379 545 490 580 debuit
502 542 684 591 Euangelio
695 541 834 575 totidem
845 541 994 575 membra
1003 540 1175 576 exaduerso
1185 554 1304 589 aptare:
1315 540 1365 576 sed
1375 539 1505 576 tannim
1516 544 1648 576 vocauit
1658 543 1874 584 ministerium
1888 545 2039 590 Spiritus,
2048 549 2079 578 ἃ
2093 548 2146 580 iu-

309 597 412 631 stitiae',
427 597 459 627 &
472 593 562 638 quod
576 591 739 638 perpetuo
753 601 874 625 manet.
893 593 925 624 Si
937 589 1034 624 verba
1045 589 1197 638 inspicias
1207 613 1216 627 ‚
1237 603 1308 624 non
1318 591 1362 624 est
1374 592 1500 637 integra
1510 589 1637 624 relatio.
1656 583 1870 638 νειὺῃηιῇιιοά
1883 598 1922 625 ad
1932 603 1999 626 rem
2011 591 2142 628 sufficit.

307 644 432 677 dixerat
444 643 534 675 enim
544 641 703 686 Spiritum
716 637 775 672 effe
788 637 972 673 viuificumz
983 639 1111 676 deinde,
1127 639 1225 673 corda
1235 638 1420 685 haberepro
1431 638 1647 686 lapidibus,&
1660 639 1866 673 voluntatem
1877 652 1937 687 pro
1948 652 2144 677 atramento.

309 692 521 726 Excutiamus
544 700 635 722 nunc
646 688 788 722 breuiter
800 688 856 720 ista
866 687 963 734 Legis
979 691 1012 721 δέ
1028 686 1204 734 Euangelii
1215 687 1380 721 attributa.
1402 685 1453 720 sed
1469 689 1720 721 meminerimus
1740 700 1816 722 eum
1828 700 1898 721 non
1909 687 2052 734 loquide
2073 701 2145 724 rota

309 740 460 773 doctrina
471 749 543 783 quae
553 739 746 770 continetur
754 738 789 770 in
800 737 888 782 Lege
901 741 934 769 &
945 736 1136 783 Prophetis:
1150 748 1258 782 neque
1271 738 1369 769 etiam
1382 737 1518 770 tractare
1526 736 1606 782 quid
1616 733 1766 769 Patribus
1782 734 1840 770 sub
1852 737 1961 770 Veteri
1971 738 2145 773 testamen-

305 798 342 821 to
354 787 517 820 acciderit:
532 783 582 818 sed
594 787 753 831 attingere
765 785 922 818 duntaxat
933 785 1014 830 quid
1024 784 1231 831 peculiariter
1240 787 1419 818 conueniat
1433 785 1613 818 ministerio
1624 783 1807 818 Molis-Lex
1819 786 1854 818 in
1867 784 2028 832 lapidibus
2039 786 2144 822 inscul

304 847 361 883 pta
371 834 444 869 suit:
457 832 599 880 ideoque
611 833 745 867 literalis
756 844 821 866 erat
832 832 993 866 docti-ina.
1003 832 1057 866 hic
1067 835 1165 880 Legis
1175 832 1319 868 defectus
1329 832 1541 879 corrigendus
1551 831 1615 867 fuit
1624 844 1681 880 per
1690 831 1894 880 Euigelium:
1933 836 1985 868 uia
1995 833 2146 882 fragilem

304 882 364 917 effe
375 885 527 930 oportuit
537 909 547 922 ‚
570 882 717 928 quandiu
732 880 853 914 tabulis
865 879 1000 928 lapideis
1017 880 1147 915 tantum
1158 893 1224 915 erat
1235 880 1433 928 consignata.
1455 880 1674 929 Euangelium
1686 893 1765 927 ergo
1776 880 1881 915 foedus
1892 887 1920 916 ei
1944 880 2095 918 szinc'tum
2108 887 2144 918 &c

307 930 518 966 inuiolabile:
532 943 610 976 quia
620 927 804 978 perculsum
816 931 940 977 Spiritu
951 930 1015 963 Dei
1026 928 1191 977 sponsore.
1201 932 1291 965 Hinc
1301 942 1437 976 quoque
1452 927 1608 976 sequitur,
1622 930 1745 976 Legem
1757 930 2077 975 ministeriumsuiss'e
2088 933 2145 966 da-

306 982 491 1014 mnationis
504 984 536 1014 ἃ
550 977 739 1013 mortis.vbi
751 980 842 1011 enim
854 978 1015 1012 docentur
1025 980 1064 1011 de
1072 977 1130 1012 suo
1141 976 1256 1013 officio
1269 980 1435 1016 homiues,
1445 979 1649 1025 audiuntque
1659 991 1778 1012 omncs
1789 981 1928 1024 quinon
1942 979 2145 1015 satisfaciunt

306 1028 375 1062 Dei
387 1029 527 1068 iufflriae,
541 1024 599 1061 css'e
609 1025 815 1060 maledictos:
825 1038 1027 1073 peraguntur
1037 1029 1081 1060 rei
1092 1029 1218 1074 peccati
1234 1030 1266 1061 δε
1279 1029 1406 1061 mortis.
1419 1039 1499 1073 ergo
1508 1039 1543 1060 ex
1556 1026 1743 1073 Legemihil
1758 1039 1859 1073 quam
1876 1032 1965 1061 reat-‚i
1979 1029 2142 1064 eiusmodi

307 1087 488 1125 reportant:
503 1078 581 1122 quia
593 1074 661 1109 illic
675 1076 764 1108 Deus
776 1078 877 1121 exigit
888 1075 980 1120 quod
990 1073 1047 1108 tibi
1057 1076 1203 1109 debetur:
1215 1074 1404 1108 facultatem
1417 1076 1492 1108 vero
1506 1076 1673 1122 p‘raestandi
1686 1088 1756 1109 non
1770 1074 1909 1109 confert.
1921 1076 2142 1124 Euangeliuin

307 1138 416 1159 autem
430 1138 499 1171 quo
511 1123 922 1170 regeneranturhomines,
934 1126 968 1168 δε
979 1135 1035 1170 per
1045 1126 1222 1170 gratuitam
1232 1135 1445 1171 peccatorum
1458 1122 1681 1157 remissionem
1693 1125 1767 1157 Deo
1779 1123 2038 1160 reconciliantur
2048 1150 2058 1163 ‚
2079 1129 2146 1161 mi·-

308 1175 478 1208 nisterium
489 1173 532 1206 est
545 1173 672 1206 iustitiae
682 1195 691 1209 ,
714 1175 747 1206 &
763 1171 901 1218 proinde
913 1173 1013 1205 etiam
1022 1175 1108 1205 vitae.
1120 1171 1185 1205 H‘i'c
1195 1183 1307 1205 tamen
1320 1175 1465 1205 exoritur
1481 1172 1615 1218 quaestio
1625 1195 1633 1208 ‚
1647 1175 1767 1218 Qim
1778 1172 1997 1219 Euangelium
2011 1173 2048 1208 fit
2062 1176 2145 1209 odor

309 1224 425 1257 mortis
436 1224 471 1255 in
483 1221 589 1254 morte
605 1218 792 1256 nonnullis,
804 1223 839 1254 δε
850 1219 1001 1254 Christus
1012 1219 1048 1254 sit
1061 1231 1150 1268 petra
1161 1219 1301 1254 scandali
1312 1243 1321 1257 ‚
1334 1225 1366 1255 δε
1380 1220 1461 1267 lapis
1471 1217 1662 1254 offensionis
1672 1247 1682 1260 ‚
1694 1219 1818 1267 politus
1829 1223 1863 1253 in
1876 1224 2005 1256 ruinam
2019 1223 2147 1258 multo-

308 1283 394 1305 rum:
410 1282 467 1304 cur
478 1273 513 1303 in
524 1266 627 1303 solam
639 1269 761 1316 Legem
774 1279 962 1315 competere
971 1270 1056 1302 dicat
1067 1269 1158 1315 quod
1169 1270 1213 1302 est
1223 1271 1354 1315 vrrique
1363 1281 1556 1302 commune.
1578 1270 1611 1302 Si
1626 1266 1819 1316 respondeas
1831 1266 1901 1302 fieri
1914 1282 1972 1317 per
1981 1271 2146 1312 accidens,

307 1319 400 1365 quod
412 1317 632 1365 Euangelium
645 1319 762 1351 mortis
772 1315 815 1350 est
827 1316 1122 1363 materia‚ade‹')que
1132 1317 1338 1351 occaii0ncm
1354 1322 1458 1364 magis
1469 1315 1528 1350 elle
1538 1318 1636 1364 quam
1648 1315 1899 1363 causaimquum
1910 1318 2020 1366 suapte
2029 1331 2147 1355 natura

307 1368 343 1401 iit
357 1366 516 1401 omnibus
528 1365 672 1400 salutare:
690 1365 844 1399 nondum
855 1362 959 1399 soluta
971 1369 1031 1399 erit
1041 1363 1311 1402 difficultasmam
1325 1370 1359 1400 δέ
1372 1367 1410 1399 de
1423 1366 1509 1412 Lege
1519 1366 1608 1399 idem
1625 1367 1698 1399 vere
1709 1364 1968 1413 respondebitur.
1980 1368 2146 1404 Audimus
2182 1408 2193 1412 μ’
2231 1411 2234 1414 ι
2267 1395 2268 1404 2

308 1420 397 1450 enim
412 1416 491 1462 quid
502 1415 700 1449 contestatus
711 1413 747 1448 iit
759 1412 865 1447 Moses
876 1413 1016 1461 populo,
1028 1426 1148 1461 nempe
1160 1417 1260 1448 vitam
1274 1418 1306 1448 ὃ(
1321 1426 1464 1448 mortem
1477 1413 1505 1447 se
1516 1412 1885 1462 proposiiiil‘eaudirnus
1897 1416 1976 1461 quid
1987 1415 2106 1451 Paulus
2117 1419 2148 1451 i-

305 1463 360 1513 pse
371 1465 409 1498 ad
421 1466 597 1498 Romanos
609 1465 715 1510 capite
728 1462 793 1505 7.b.
808 1474 853 1495 10.
867 1465 963 1496 dicat:
975 1476 1095 1511 nempe
1104 1464 1228 1510 Legem
1241 1463 1338 1497 nobis
1350 1466 1385 1496 in
1396 1465 1534 1496 exitium
1547 1460 1664 1496 ceffiisc
1673 1486 1682 1500 ‚
1705 1475 1775 1496 non
1787 1461 1844 1497 suo
1857 1465 1940 1497 vitio
1951 1489 1962 1504 ‚
1975 1462 2025 1498 sed
2037 1466 2148 1506 nostra

306 1512 444 1548 malitia.
455 1513 543 1559 Ergo
557 1524 662 1558 quum
676 1523 742 1544 tam
756 1512 838 1556 Legi
849 1512 950 1557 quam
961 1509 1143 1559 Euangelio
1153 1509 1411 1548 accidentalem,
1421 1512 1672 1545 damnationem
1687 1508 1798 1544 afferre
1809 1511 2023 1546 hominibus:
2036 1514 2147 1548 nodus

307 1562 414 1596 adhuc
427 1571 549 1595 manet.
563 1558 762 1607 Respondeo
773 1582 782 1596 ‚
796 1561 828 1592 id
840 1572 910 1593 non
921 1558 1045 1594 obstare
1056 1561 1139 1607 quin
1150 1559 1292 1608 longum
1304 1558 1340 1594 sit
1347 1557 1532 1594 discrimen.
1555 1559 1681 1593 tametsi
1693 1562 1784 1593 enim
1796 1559 2018 1607 Euangelium
2031 1561 2148 1597 multis

303 1611 348 1644 est
359 1610 582 1643 damnationis
595 1606 733 1642 occasio:
745 1608 820 1641 ideo
833 1618 944 1642 tamen
956 1611 1077 1642 merito
1089 1610 1164 1642 vitae
1173 1609 1326 1644 doctrinm
1334 1606 1589 1654 censetur‚quod
1600 1609 1859 1642 instrumentum
1870 1610 1913 1643 est
1923 1613 2146 1656 regeneratio,-

300 1660 367 1695 nis‚
383 1662 415 1692 &
428 1656 524 1692 offert
534 1659 710 1705 gratuitam
723 1667 799 1690 cum
811 1657 884 1690 Deo
894 1655 1213 1691 reconciliationem.
1231 1659 1296 1691 Lex
1307 1667 1418 1691 autem
1431 1678 1441 1694 ,
1453 1658 1532 1703 quia
1541 1656 1672 1690 tanturn
1684 1656 1833 1703 regulam
1843 1655 2048 1692 berieviufidi
2061 1670 2146 1706 pra:-

305 1706 427 1743 scribit‚
441 1719 510 1741 non
521 1705 676 1740 reformat
686 1705 785 1739 corda
795 1707 828 1738 in
839 1704 1065 1739 obedientiam
1076 1706 1216 1743 iustiriae,
1229 1710 1264 1740 δε
1276 1716 1421 1740 mortem
1431 1716 1585 1739 aeternatn
1597 1705 1772 1739 denuntiat
1782 1703 2078 1752 transgressoribus,
2090 1709 2147 1741 ni-

303 1754 355 1790 hil
366 1754 455 1789 aliud
465 1756 566 1802 quain
576 1755 730 1788 damnare
740 1753 856 1800 potest.
868 1754 935 1787 Aut
945 1752 967 1788 fi
976 1753 1070 1787 aliter
1081 1757 1199 1794 mauis,
1211 1755 1310 1802 Legis
1321 1752 1473 1788 officium
1485 1753 1539 1791 est,
1554 1752 1710 1787 morbum
1721 1753 1900 1791 ostendere,
1914 1756 1960 1788 ita
1968 1765 2003 1789 vt
2015 1754 2146 1789 nullam

305 1805 452 1838 ostendat
463 1804 552 1851 spem
565 1802 761 1836 sanationis:
775 1802 951 1849 Euangelii
961 1800 1114 1836 officium
1127 1803 1182 1843 est,
1195 1801 1367 1850 desperatis
1379 1802 1563 1836 remedium
1571 1798 1694 1836 afferre.
1717 1813 1794 1835 nam
1806 1802 1873 1836 Lex
1885 1803 2146 1848 quum‘liomint}

304 1851 470 1898 relinquat
481 1855 514 1886 in
529 1848 642 1899 seipso,
656 1852 756 1885 morti
768 1863 845 1884 eum
857 1847 1030 1885 necessario
1041 1850 1216 1885 adiudicat.
1228 1850 1449 1899 Euangelium
1458 1861 1570 1884 autem
1581 1849 1801 1885 adrChristum
1818 1850 1994 1888 adducens,
2011 1854 2086 1886 vitae
2099 1854 2146 1886 ia-

303 1914 325 1935 n
331 1914 406 1935 uam
416 1903 528 1948 aperit.
541 1902 587 1933 Ita
598 1912 666 1933 vno
685 1897 783 1932 verbe
795 1898 1073 1946 habeinus,Legis
1082 1900 1233 1934 accidens
1244 1898 1303 1934 effe
1312 1910 1511 1948 perpetuum
1522 1902 1556 1933 ὃ(
1567 1896 1791 1946 inseparabile,
1800 1899 1891 1945 qubd
1901 1899 2008 1934 occidi
2013 1910 2024 1934 t
2035 1913 2042 1934 z
2057 1913 2145 1946 quo-

305 1952 396 1983 niam
407 1961 441 1982 vt
454 1948 533 1982 alibi
545 1949 624 1982 dicit
637 1946 829 1995 Apostolus,
840 1949 1035 1994 quicunque
1045 1945 1102 1982 sub
1114 1960 1149 1982 ea
1159 1959 1313 1985 manent,
1334 1947 1562 1982 maledietioni
1571 1945 1646 1981 su‘nt
1657 1945 1809 1981 obnoxii.
1833 1948 2019 1994 Euangelio
2032 1960 2145 1982 autem

306 2011 376 2032 non
388 1995 512 2044 semper
524 1997 681 2036 accidere,
693 2006 727 2029 vt
738 1995 876 2029 occidat:
887 1998 964 2042 quia
976 1998 1011 2031 in
1022 2009 1061 2030 eo
1071 1995 1234 2031 reuelatur
1245 1997 1367 2030 iustitia
1377 1998 1441 2030 Dei
1458 2008 1495 2029 ex
1508 1994 1571 2030 fide
1581 1998 1616 2029 in
1632 1994 1730 2029 fidem
1740 2020 1751 2036 ,
1764 1994 1906 2043 ideoque
1918 1999 2068 2044 potentia
2077 1998 2144 2031 Dei

305 2047 348 2080 est
358 2048 393 2080 in
405 2044 539 2080 silutcm
560 2044 822 2079 omnicredenti.
839 2045 950 2078 Restat
960 2043 1118 2079 vltimum
1134 2044 1352 2079 attributum:
1373 2045 1497 2092 Legem
1507 2046 1741 2091 temporariam
1755 2042 1848 2078 fuiffe
1858 2045 1938 2077 dicit
1949 2044 2144 2092 Apostolus,

306 2107 377 2141 quae
388 2094 538 2128 debuerit
549 2092 675 2127 aboleri
689 2091 926 2139 :Euangelium
938 2094 1099 2140 perpetuo
1113 2105 1253 2128 manere.
1266 2092 1377 2127 Plures
1388 2091 1461 2127 sunt
1471 2094 1615 2127 rationes
1625 2104 1682 2126 cur
1694 2090 1917 2126 ministerium
1929 2092 2031 2128 Mofis
2046 2105 2146 2128 voce-

305 2155 358 2177 tur
369 2144 540 2177 caducum:
553 2154 630 2176 nam
640 2140 770 2175 vmbras
780 2139 894 2175 cessare
906 2143 1056 2189 oportuit
1068 2141 1191 2176 Christi
1201 2143 1359 2178 aduentu,
1372 2145 1404 2175 &
1417 2140 1576 2175 sententia
1586 2140 1641 2174 illa
1652 2140 1786 2187 longius
1797 2141 1898 2186 quain
1913 2141 1952 2175 ad
1963 2140 2092 2175 vmbras
2105 2154 2143 2176 ex

305 2193 451 2226 tenditur
462 2215 471 2229 ‚
482 2192 548 2226 Lex
569 2194 603 2224 &
613 2189 786 2237 Prophetae
800 2187 899 2235 Vsque
908 2191 947 2223 ad
956 2189 1153 2228 Iohannem.
1166 2189 1337 2238 Significat
1345 2191 1439 2223 cniin
1449 2212 1459 2226 ,
1470 2188 1641 2223 Christum
1651 2189 1753 2223 Molis
1766 2189 1948 2237 ministerio
1957 2211 1968 2226 ‚
1987 2187 2144 2236 quodlilli

304 2240 469 2289 peculiare
481 2239 544 2273 fuir
557 2243 589 2272 ἃ·
605 2237 646 2272 ab
656 2237 843 2284 Euangelio
855 2237 1037 2286 separatum
1051 2265 1060 2278 ,
1073 2238 1173 2273 finem
1184 2238 1332 2273 attuliffe.
1358 2237 1529 2272 Postremo
1540 2238 1706 2271 Dominus
1717 2235 1944 2271 infirmitatem
1957 2239 2083 2272 Veteris
2094 2249 2146 2273 te-

304 2291 457 2324 stamenti
467 2289 542 2322 inde
553 2289 729 2334 prouenire
743 2287 875 2320 testatur
885 2299 941 2334 per
953 2290 1125 2321 Ieremiam
1136 2311 1145 2327 ‚
1167 2286 1258 2334 quod
1269 2300 1339 2321 non
1351 2285 1554 2333 insculptum
1567 2284 1641 2319 effer
1650 2285 1816 2320 cordibus.
1839 2287 1909 2332 Ego
1921 2285 2144 2322 abolitionem

303 2339 403 2385 Legis
414 2341 507 2371 cuius
541 2336 595 2370 hic
607 2334 641 2368 fit
653 2336 800 2371 mentio,
825 2338 1024 2383 interpretor
1033 2336 1155 2371 detoto
1165 2336 1482 2370 Veteritestamento
1493 2357 1502 2371 ,
1515 2345 1676 2381 quatenus
1690 2332 1867 2380 euangelio
1880 2336 2065 2381 opponitur
2079 2346 2087 2366 ε
2105 2346 2142 2369 vt

304 2399 382 2421 cum
393 2385 453 2419 illo
465 2386 657 2419 conueniat,
669 2384 734 2416 Lex
747 2386 780 2416 δε
793 2383 962 2430 Prophetae
973 2384 1073 2430 vsque
1083 2385 1123 2418 ad
1134 2385 1337 2419 iohannem:
1351 2396 1427 2417 nam
1439 2383 1472 2416 id
1484 2393 1657 2416 contextus
1668 2381 1820 2428 postulat.
1832 2382 1951 2416 Paulus
1962 2385 2051 2417 enim
2069 2396 2143 2418 non

303 2436 342 2468 de
355 2433 429 2468 solis
442 2434 648 2468 caetemoniis
658 2431 713 2465 liic
725 2428 931 2479 disputaused
940 2432 1037 2466 docet
1047 2443 1174 2478 quanto
1185 2435 1357 2480 potentius
1368 2434 1436 2465 vim
1446 2429 1536 2464 suain
1547 2441 1653 2464 exerat
1664 2431 1731 2463 Dei
1744 2431 1883 2476 Spiritus
1895 2433 1929 2464 in
1941 2430 2137 2478 Euangelio,

304 2483 406 2529 quam
419 2482 501 2516 olim
513 2479 571 2515 sub
583 2481 692 2526 Lege(
731 2481 784 2512 lm
796 2490 832 2512 vt
841 2493 900 2513 mm
906 2481 1146 2528 paffen'tmtuerrl.
1197 2481 1334 2515 Videtur
1344 2478 1481 2526 oblique
1491 2477 1628 2513 voluiffe
1637 2490 1767 2525 carpere
1777 2491 1892 2512 eorum
1904 2482 2140 2526 arrogantiam,

303 2529 426 2576 quibus
438 2530 604 2578 despe&ui
616 2539 682 2562 erat
693 2527 926 2575 Euangelium‚
938 2531 1208 2576 tanq'iiamnimis
1219 2528 1357 2563 humile:
1371 2539 1405 2561 vt
1417 2531 1471 2561 vix
1482 2529 1573 2562 redico
1582 2529 1706 2561 intuitu
1718 2525 1825 2573 ipsum
1839 2528 2063 2574 dignarentur.
2075 2529 2143 2562 Tfi-

303 2589 369 2615 tus,
381 2580 503 2625 inquit,
522 2579 695 2625 Legis'erat
706 2575 827 2623 fulgor,
847 2588 882 2611 vt
894 2589 964 2611 eam
977 2577 1058 2611 ferre
1068 2579 1165 2612 Iudaei
1184 2591 1253 2612 non
1267 2576 1405 2625 poffent.
1416 2576 1496 2622 quid
1507 2578 1609 2622 igitur
1618 2576 1656 2609 de
1664 2574 1848 2622 Euaiigelio
1858 2574 2143 2615 lentieiiduin,cu-

304 2629 355 2660 ius
368 2626 510 2673 dignitas
521 2638 614 2660 tanto
625 2625 749 2671 Legem
763 2623 901 2672 superat,
913 2636 1040 2672 quanto
1051 2626 1143 2659 Mose
1154 2625 1369 2660 excellentior
1378 2625 1422 2658 est
1433 2625 1603 2658 Christus?
1713 2650 1726 2658 ..

352 2686 389 2707 10
409 2683 412 2686 ⁴
439 2671 828 2721 deglorificatitmfuit.)
877 2674 960 2708 Non
971 2674 1015 2707 est
1040 2677 1203 2708 corre&io
1214 2673 1420 2721 superiorum
1432 2699 1442 2712 ,
1457 2671 1509 2706 sed
1521 2674 1625 2719 inagis
1635 2685 1700 2707 con
1706 2670 1858 2705 firmatio.
1880 2670 2039 2718 intelligit
2048 2676 2152 2710 enim.

306 2719 459 2756 suffocati
480 2724 575 2769 Legis
593 2716 736 2768 gloriam
754 2744 764 2758 ‚
786 2720 841 2755 vbi
855 2723 968 2769 prodit
985 2721 1218 2769 Euangelium.
1239 2721 1522 2768 quemadmodum
1541 2720 1621 2755 luna
1632 2724 1670 2766 ,δε
1684 2719 1779 2754 stellae
1798 2732 1854 2766 per
1864 2717 1892 2754 se
1914 2721 2049 2766 quidem
2067 2735 2141 2757 non

308 2769 537 2804 modb‘lucidae
550 2770 640 2806 l‘tint,
661 2768 714 2803 scd
725 2769 839 2804 lumen
853 2774 948 2804 luutn
969 2768 1162 2805 diffundunt
1171 2782 1228 2817 per
1238 2782 1343 2804 totam
1355 2781 1490 2809 terram,
1520 2767 1596 2803 solis
1607 2781 1718 2804 tamen
1729 2766 1901 2815 splendore
1913 2767 2130 2805 euanescunt:

307 2820 352 2852 ita
364 2819 430 2852 Lex
442 2829 609 2865 vrcunque
620 2830 675 2864 per
687 2817 714 2850 se
725 2817 868 2865 gloriosa
877 2817 975 2853 fuerit
984 2843 994 2856 ‚
1006 2818 1098 2853 nulla
1108 2829 1221 2852 tamen
1232 2819 1275 2852 est
1285 2821 1354 2853 eius
1365 2817 1471 2865 gloria
1481 2829 1545 2864 prae
1554 2817 1726 2864 Euangelii
1739 2815 1972 2863 amplitudine.
1987 2818 2081 2852 Vnde
2090 2816 2139 2854 se·

308 2868 434 2913 quitur,
446 2879 554 2913 neque
565 2866 636 2899 satis
650 2868 780 2912 magnis
793 2865 862 2900 fieri
873 2865 981 2913 polle,
993 2879 1054 2901 nec
1066 2865 1139 2901 fiatis
1149 2878 1334 2901 reuerenter
1345 2865 1460 2913 suspici
1471 2865 1594 2899 Christi
1605 2865 1744 2912 gloriam
1755 2877 1827 2910 quae
1837 2866 1871 2898 in
1883 2865 2074 2912 Etiangelio
2084 2879 2137 2901 re-

307 2914 547 2963 lucct‚perinde
555 2926 591 2948 ac
603 2911 679 2947 solis
690 2912 800 2961 fulgor
812 2916 846 2948 in
859 2914 922 2949 suis
932 2916 1039 2949 radiis:
1052 2919 1086 2950 &
1097 2913 1216 2949 insulse
1225 2917 1355 2950 uastati
1367 2912 1586 2960 Euangelium
1598 2930 1606 2951 ‚'
1617 2913 1689 2948 imo
1702 2925 1870 2961 perperam
1882 2912 2068 2960 profanari,
2078 2915 2136 2950 vbi

305 2976 377 2998 non
388 2963 417 2997 sc
427 2962 552 3011 profert
561 2966 610 2996 vis
618 2973 655 2995 ac
666 2963 810 2996 maiestas
820 2964 1050 3010 Spirittis‚quae
1060 2967 1095 2999 in
1105 2963 1223 2999 caelum
1234 2974 1360 2998 mentes
1373 2966 1407 2997 &
1418 2961 1517 2997 corda
1529 2964 1642 3009 rapiat.

357 3073 402 3107 -iz
461 3056 637 3099 Habentes
645 3060 750 3114 igitur
757 3057 1064 3114 hancspem,multa
1073 3066 1085 3083 ‘
1094 3060 1234 3114 ‘fiducia
1244 3062 1390 3100 vti'mur.

355 3120 394 3166 '13
453 3123 502 3154 Et
513 3130 584 3154 non
594 3115 883 3169 quemadmodum
893 3113 1184 3171 wosesponebat
1191 3116 1353 3156 velamen
1362 3125 1443 3156 ante
1442 3116 1571 3169 fitciem
1578 3113 1676 3165 fuam
1691 3141 1702 3158 ‚
1712 3121 1759 3152 vt
1767 3129 1838 3154 non
1848 3118 2062 3156 intuerentur
2061 3115 2135 3169 filii

302 3180 318 3213 1
314 3170 410 3225 srael
413 3175 452 3209 in
463 3172 574 3222 finem
581 3177 653 3211 eius
665 3171 765 3225 quod
770 3169 930 3210 aboletur:
1506 3181 1516 3222 ᾗ

364 3240 406 3276 14
465 3226 532 3266 Sed
533 3231 683 3266 excaeati
691 3225 895 3281 suntsensus
905 3241 1030 3268 eorum.
1046 3243 1129 3267 nam
1141 3225 1248 3282 vsque
1273 3232 1313 3269 in
1321 3226 1412 3267 hunc
1424 3225 1518 3266 diem
1526 3225 1690 3266 velamen
1709 3226 1802 3271 illud
1805 3233 1842 3268 1'1'2
1853 3229 1998 3271 let-‘lione
2010 3233 2135 3270 Veteris

301 3283 496 3334 testamenti
503 3294 629 3322 manet:
641 3296 702 3322 nec
709 3283 853 3329 tollitur,
870 3285 908 3324 eb
918 3282 1012 3337 qubd
1019 3282 1235 3338 aboleturper
1244 3283 1425 3337 Christum.

358 3351 395 3390 μς
449 3338 522 3393 Sed
527 3338 634 3394 vsque
643 3341 682 3380 ia
691 3337 895 3381 hodiernum
905 3342 1008 3389 diem,
1020 3353 1126 3395 quum
1134 3340 1255 3398 legitur
1260 3337 1498 3396 &veseuvela
1503 3351 1583 3379 men
1600 3353 1712 3379 eorum
1723 3338 1876 3382 cordibus
1884 3339 2071 3398 impofitum
2079 3337 2137 3395 est

2005 3400 2044 3432 16
2090 3400 2141 3436 Aa

2242 253 2245 256 ·
2236 0 2262 226 ...a-pcto.
