2268 3705
434 112 547 160 AD
598 111 1206 160 COLOSSE-NSES
1257 117 1434 164 CAP·
1491 124 1565 167 11.
1862 133 1932 182 '427

93 184 391 232 Christo,·reliquis
401 183 560 218 omnibus
571 196 644 230 quat
655 195 801 230 vnquam
810 182 957 220 fuerunt.
969 187 1060 221 Deus
1071 189 1162 221 enim
1170 186 1284 235 saepius
1293 187 1324 223 se
1333 189 1484 226 exhibuit
1495 192 1694 232 hominibus
1702 221 1713 237 ,
1723 199 1774 235 scd
1785 204 1819 238 in
1830 215 1932 252 parte,

96 241 132 272 in
143 237 275 272 Christo
297 245 405 269 autem
418 243 530 266 totum
551 230 580 265 se
591 231 689 266 nobis
704 236 946 268 communicat.
962 234 1053 269 Alias
1063 237 1162 269 etiam
1177 234 1207 269 se
1225 237 1467 278 manifestauit,
1478 239 1531 275 sed
1548 245 1583 277 in
1594 242 1727 290 figuris,
1744 263 1799 284 aut
1809 257 1930 289 virtute

96 289 131 320 ὅ(
143 287 254 333 gratia.
272 286 309 317 in
319 280 451 315 Christo
464 291 574 314 autem
586 277 794 314 elscntialitcr
807 280 1077 330 nobis-apparuit.
1095 286 1142 318 Ita
1152 283 1311 332 impletur
1324 285 1415 322 ‚illud
1424 290 1559 325 loannis
1569 314 1580 329 ‚
1599 294 1671 338 Qi
1686 294 1783 331 habet
1794 300 1931 342 Filium,

92 333 191 368 habet
202 337 236 367 &
249 333 382 365 Patrem:
394 330 504 362 Deum
516 331 607 363 enim
619 328 745 363 habent
757 330 828 364 vere
838 329 1183 379 praeseiitem,ips6qne
1192 337 1326 382 penitus
1336 335 1492 371 fruuntur
1501 341 1559 385 qui
1572 340 1742 377 Christum
1754 347 1928 392 poffident.

140 393 177 417 10
226 383 268 415 Et
276 378 341 421 estis
350 381 382 410 in
392 379 449 425 φρ
460 378 618 426 completi.)
671 377 773 411 Addit
783 377 962 427 perreEtam
975 378 1068 413 illam
1078 382 1220 417 Deitatis
1230 380 1396 418 essentiam
1408 397 1480 432 quae
1490 390 1580 422 estin
1593 389 1776 430 Christo,in
1788 395 1855 431 hoc
1865 411 1930 433 no-

92 429 144 467 bis
151 425 308 478 prodesse,
321 436 355 460 vt
364 427 399 459 iii
411 438 451 459 eo
462 438 524 460 nos
535 437 671 472 quoque
680 425 818 472 perfeeti
828 425 927 461 fimus
942 440 951 463 z
963 426 1025 462 acsi
1035 429 1156 463 diceret
1166 452 1177 467 ‚
1187 431 1292 477 de
1304 443 1394 468 totus
1406 434 1500 469 Deus
1510 437 1544 470 in
1556 437 1692 473 Christo
1703 441 1834 485 residet,
1853 447 1928 482 ideo

92 479 137 512 est
156 487 190 511 vt
202 476 307 523 ipsum
319 474 426 520 adepti
439 497 449 511 ,
459 472 596 507 solidam
616 473 734 521 inipso
744 473 983 523 perfectionem
995 475 1228 524 poffideamus.
1248 480 1429 526 Duplicem
1441 495 1520 530 ergo
1535 487 1695 522 iniuriam
1706 491 1782 524 Deo
1801 491 1929 532 faciunt

89 527 147 573 qui
158 537 228 559 non
238 521 450 570 acquiescunt
465 524 500 556 in
511 521 737 556 solo-Christo.
765 535 842 556 nam
853 535 967 571 praeter
975 527 1008 558 id
1019 525 1110 572 quod
1118 527 1183 559 Dei
1193 524 1307 572 gloriae
1317 529 1476 576 derogant
1487 558 1497 573 ‚
1527 532 1653 581 aliquid
1663 535 1756 584 supra
1767 542 1836 575 eius
1853 554 1930 590 per-

88 575 268 610 rectionem
280 571 468 619 appetendo
480 593 490 608 ,
499 568 571 604 sunt
581 572 680 604 etiam
690 573 811 618 ingrati
823 594 833 607 ‚
843 572 938 618 'quod
949 573 1082 608 aliunde
1092 586 1244 620 quaeriint
1253 578 1345 622 quod
1357 579 1423 612 iam
1437 582 1471 613 in
1481 580 1614 617 Christo
1624 583 1758 621 habent.
1779 589 1862 624 Non
1875 594 1929 626 in-

87 621 208 668 telligit
218 632 329 655 tamen
339 618 469 656 Paulus,
485 618 607 652 Christi
619 618 859 667 perfectionem
876 623 911 654 in
921 635 984 656 nos
995 621 1192 659 transfundi,
1203 621 1254 657 sed
1264 624 1382 672 inipso
1393 625 1452 660 esse
1463 641 1532 674 quo
1544 631 1689 678 expleam
1696 647 1732 669 ur
1752 660 1763 674 ‚
1774 639 1817 670 ita
1829 650 1863 673 vt
1873 643 1927 674 ni-

87 669 136 706 hil
153 668 296 717 amplius
316 669 415 703 nobis
433 665 524 701 desit.
572 667 640 715 Q¹
649 665 695 709 cst.
712 678 813 715 caput.
863 669 962 704 Hanc
978 671 1178 718 ,particulam
1189 670 1297 706 rursus
1308 673 1445 708 inseruit
1462 688 1598 724 propter
1610 682 1758 730 Angelos
1768 710 1779 723 ,
1801 685 1928 734 signifi—

87 731 165 754 cans
174 716 323 765 Angelos
342 728 478 764 quoque
488 715 617 749 nostros
635 715 721 753 fore,
748 715 769 749 li
779 716 950 754 Christum
968 718 1190 761 habuerimus.
1207 719 1320 754 verum
1332 722 1371 755 de
1393 722 1454 757 hac
1465 736 1498 757 re
1512 725 1632 770 postea.
1649 732 1710 766 Sed
1720 736 1854 769 interim
1876 747 1924 771 re·

85 767 236 804 nendum
256 766 320 803 est,
335 763 458 800 sursum
475 768 507 798 δε
520 762 671 798 deorsum
691 763 855 800 cancellos
868 765 965 801 nobis
976 768 1181 805 circundari,
1198 780 1241 802 ne
1251 770 1269 802 a
1282 770 1416 805 Christo
1427 771 1477 807 vel
1502 775 1671 812 tantillum
1691 782 1830 817 diuertat
1848 783 1927 820 fides

86 815 207 852 nostra.
414 837 417 841 r
1347 850 1350 851 γ

134 876 161 897 11
209 865 252 899 In
261 875 318 907 quo
327 864 420 896 etiam
429 860 495 905 estis
519 860 688 906 circuncsfi.)
736 864 829 897 Hinc
838 873 971 911 apparet
980 862 1254 912 disceptationem
1276 867 1327 902 illi
1338 865 1398 903 esse
1407 876 1484 906 curn
1493 869 1776 922 pseudoapostolis
1786 882 1844 926 qui
1863 882 1928 917 Le-

83 925 160 962 gem
170 911 353 958 Euangelio
366 910 564 947 miscebant,
578 909 684 956 eoque
696 923 725 944 r<
762 912 799 945 io
810 912 981 946 Christum
991 913 1080 959 quali
1091 913 1270 950 biformem
1282 915 1462 963 fingebant.
1490 923 1640 967 Speciem
1654 924 1732 958 vero
1744 939 1844 962 vnam
1863 943 1929 965 no—

84 963 191 996 minat
201 959 343 1009 exempli
370 958 473 994 causa.
485 957 773 994 Circuncisionem
790 959 974 995 Mosaicarn
988 975 1060 997 non
1071 962 1305 1011 superuacuam
1320 967 1423 1000 modo
1433 990 1444 1005 ,
1463 966 1516 1001 sed
1527 970 1546 1002 a
1557 968 1693 1006 Cht'isto
1702 972 1844 1009 alienam
1865 976 1926 1012 eise

82 1009 213 1060 probat,
225 1011 303 1056 quia
312 1008 452 1042 destruat
461 1006 662 1056 spiritualem
672 1008 798 1042 Christi
818 1008 1105 1045 circuncisionem.
1115 1011 1205 1046 Nam
1218 1015 1254 1047 in
1269 1013 1359 1048 hunc
1371 1013 1472 1050 finem
1487 1017 1561 1052 data
1571 1017 1635 1053 fuit
1646 1021 1854 1058 Circunciiio
1865 1027 1927 1060 Pa-

80 1058 197 1095 tribus,
206 1056 241 1091 vt
251 1055 356 1103 figura
366 1054 439 1090 esset
450 1059 495 1090 rei
507 1055 658 1090 absentis.
671 1059 729 1103 qui
741 1059 842 1104 igitur
852 1058 926 1107 post
938 1059 1061 1092 Christi
1072 1060 1253 1095 aduentum
1265 1064 1410 1097 retinent
1419 1064 1511 1098 illarn
1524 1065 1662 1115 figuram
1681 1092 1692 1107 ,
1714 1072 1927 1119 completum

79 1105 172 1142 fuiss'e
182 1116 305 1153 negant
314 1105 405 1152 quod
417 1103 544 1151 figurat.
557 1106 812 1140 Meminerimus
824 1118 902 1152 ergo
914 1106 1200 1143 Circuncifionem
1211 1121 1378 1145 externam
1390 1110 1446 1148 hic
1456 1125 1533 1148 cum
1545 1116 1706 1162 spirituali
1717 1121 1922 1159 conferri,n6

1946 334 2136 377 1-Ieanaadajq

79 1153 169 1194 secus
177 1166 213 1188 ac
224 1158 363 1201 liguram
371 1165 450 1187 cum
463 1155 606 1187 veritate.
619 1155 738 1200 Figura
751 1155 795 1188 est
805 1156 850 1187 rei
859 1153 1010 1189 absentis.
1023 1168 1101 1202 ergo
1111 1155 1317 1203 praesentiam
1328 1162 1473 1196 veritatis
1483 1161 1686 1200 abolet.Hoc
1697 1168 1740 1200 est
1754 1170 1844 1214 quod
1855 1182 1922 1206 con
1944 1204 1947 1206 .

78 1205 186 1240 tendit
195 1204 326 1239 Paulus,
338 1204 416 1248 quia
428 1204 463 1236 in
474 1202 607 1236 Christo
618 1201 826 1250 completum
839 1203 882 1236 est
896 1203 986 1248 quod
998 1204 1238 1240 circuncifione
1253 1207 1440 1243 manufacta
1447 1211 1681 1248 adumbratum
1693 1213 1768 1250 fuit:
1784 1217 1920 1256 nullum

79 1252 141 1290 csse
151 1264 240 1287 nunc
250 1251 349 1285 liuius
363 1249 509 1285 studium
522 1262 583 1284 nec
595 1248 698 1284 vsum.
710 1250 786 1284 Ideo
812 1251 1061 1295 Circuncifibnem
1072 1254 1098 1284 C
1100 1252 1180 1295 hmstz'
1190 1252 1250 1288 esse
1259 1259 1476 1302 pronuntiat,
1491 1271 1563 1305 qua:
1574 1258 1611 1294 fit
1621 1264 1656 1295 in
1668 1265 1782 1298 corde,-
1798 1269 1831 1300 &
1843 1268 1920 1302 ideo

79 1311 245 1337 externam
257 1299 349 1333 illam
362 1301 503 1333 minime
515 1303 580 1333 iam
592 1301 725 1345 requiri:
737 1300 815 1346 quia
824 1297 881 1332 vbi
890 1310 938 1332 res
949 1311 1047 1336 extat,
1060 1300 1224 1336 euanescit
1247 1302 1424 1338 vmbratile
1434 1306 1516 1341 illud
1528 1306 1657 1356 signum
1670 1334 1681 1348 ‚
1700 1314 1792 1358 quod
1802 1313 1919 1352 locum

79 1362 152 1386 non
161 1348 257 1384 habet
270 1347 330 1382 nisi
343 1350 377 1382 in
390 1350 434 1381 rei
445 1346 601 1381 absentia.
613 1346 764 1381 Exuendo
774 1357 887 1395 coipus.
937 1345 1074 1395 Corpus
1082 1349 1226 1401 appellat
1239 1350 1373 1386 massam
1393 1366 1430 1387 ex
1439 1354 1598 1390 omnibus
1609 1360 1698 1392 vitiis
1717 1361 1912 1402 conflatam,

76 1397 220 1446 eleganti
232 1395 435 1443 metaphora.
446 1396 535 1429 Nam
547 1394 640 1429 sicuti
652 1395 847 1444 corporibus
855 1396 974 1433 nostris
983 1394 1094 1430 sumus
1105 1400 1299 1434 circundari:
1309 1402 1355 1434 ita
1362 1403 1462 1435 etiam
1474 1402 1631 1439 obuoluti
1641 1408 1788 1454 Vndique
1804 1409 1917 1447 sumus

77 1440 234 1494 congerie
244 1448 414 1479 vitiorum.
429 1445 470 1477 Et
480 1443 574 1479 sicuti
584 1455 704 1491 corpus
717 1457 754 1478 ex
764 1446 862 1479 variis
873 1443 1031 1478 membris
1044 1445 1088 1479 est
1095 1446 1319 1497 compositum
1330 1471 1340 1488 ,
1351 1461 1424 1495 quae
1433 1448 1561 1498 singula
1571 1457 1721 1501 proprias
1729 1457 1798 1492 suas
1809 1462 1916 1494 aetio-

76 1507 136 1532 nes
148 1500 182 1529 δε
193 1492 304 1529 officia
316 1491 450 1527 habent:
462 1495 506 1526 ita
516 1491 620 1526 exilia
631 1491 814 1526 vitiositatis
824 1495 982 1540 congerie
988 1491 1020 1527 se
1029 1506 1168 1529 exerunt
1177 1498 1293 1530 omnia
1301 1508 1433 1544 peccata
1443 1509 1603 1547 tanquam
1621 1503 1770 1538 membra
1779 1509 1836 1540 vni
1841 1520 1916 1543 uet-

74 1542 110 1579 si.
140 1541 267 1578 similis
278 1543 322 1576 est
332 1541 461 1576 locutio
471 1541 697 1575 adRomanos
706 1543 812 1588 capite
823 1544 853 1574 6.
865 1552 893 1574 c.
903 1551 941 1586 ¹3-
968 1545 1101 1575 Carnem
1110 1541 1169 1578 suo
1181 1556 1273 1578 more
1283 1548 1404 1593 accipit
1412 1559 1475 1594 pro
1485 1559 1602 1583 natura
1613 1561 1778 1599 corrupta.
1800 1556 1852 1589 Est
1864 1569 1914 1590 er—

74 1604 121 1639 go
131 1603 253 1639 corpus
263 1600 473 1638 peccatorum
483 1590 600 1626 carnis,
612 1599 706 1622 vetus
718 1589 825 1623 homo
837 1601 915 1624 cum
927 1589 993 1625 suis
1003 1590 1172 1638 operibus.
1187 1593 1341 1635 Tantum
1351 1597 1387 1628 in
1396 1598 1525 1630 ratione
1538 1596 1701 1644 loquendi
1715 1601 1759 1635 est
1778 1603 1914 1639 diuersi-

73 1650 133 1675 tas:
147 1651 226 1687 quia
235 1638 368 1688 proprie
377 1635 431 1672 hic
440 1635 573 1671 massam
593 1637 754 1672 vitiorum
775 1640 931 1685 exprimit
942 1661 952 1675 ‚
965 1651 1037 1686 quae
1047 1650 1222 1687 emergunt
1233 1654 1272 1675 ex
1281 1653 1398 1677 natura
1406 1654 1572 1692 corrupta.
1585 1647 1662 1682 Hoc
1671 1661 1730 1696 per
1739 1650 1914 1688 Christum

72 1700 138 1724 nos
157 1690 240 1724 dicit
248 1685 427 1733 consequi,
445 1696 479 1718 vt
489 1683 576 1719 certe
584 1695 654 1718 tota
662 1689 869 1732 regeneratio
894 1689 964 1721 eius
973 1688 1019 1722 esi:
1027 1687 1240 1723 beneficium»
1255 1688 1318 1724 Ille
1328 1691 1372 1724 est
1385 1694 1444 1738 qui
1452 1696 1654 1740 praeputium
1679 1698 1787 1732 cordis
1808 1701 1914 1737 nostri

71 1736 280 1773 circuncidit‚
290 1734 357 1769 hoc
369 1734 424 1771 est,
435 1735 494 1782 qui
504 1745 622 1769 omnes
630 1738 737 1770 carnis
748 1735 1036 1785 concupiscentias
1043 1735 1237 1775 mortificati
1245 1737 1318 1774 tion
1329 1751 1432 1776 manu
1442 1741 1495 1775 sed
1505 1743 1630 1790 Spiritu
1642 1744 1712 1781 suo,
1724 1748 1811 1795 Ergo
1822 1751 1831 1782 1·
1835 1762 1857 1783 n
1870 1763 1911 1784 eo

73 1784 162 1820 ex'tat
169 1782 417 1831 veritasfigurae.
651 1816 653 1818 ,
836 1797 838 1799 ·
868 1795 873 1798 ·
954 1798 970 1806 ’ν
1155 1787 1157 1791 ⁴
1206 1812 1222 1816 ..
1281 1815 1285 1819 .

50 1825 56 1832 ’
119 1844 153 1867 xz
201 1834 372 1881 Consepulti
382 1843 448 1864 cum
457 1830 516 1878 ‘'Pfi'
522 1841 581 1880 per
587 1830 787 1880 baptismum.)
824 1831 978 1868 Declarat
988 1835 1171 1870 etiamnum
1180 1838 1328 1883 *apertius
1339 1838 1480 1873 modum
1492 1838 1670 1888 spiritualis
1681 1845 1913 1882 Circuncisioe

69 1883 135 1920 nis:
145 1893 267 1929 nempe
277 1882 356 1928 quia
366 1879 501 1914 Christo
511 1877 709 1928 consepulti,
719 1879 887 1915 consortes
899 1880 1011 1916 sumus
1020 1885 1137 1917 mortis
1149 1886 1230 1918 eius.
1241 1886 1277 1919 ld
1287 1888 1493 1922 nominatim
1512 1902 1576 1924 nos
1593 1889 1753 1940 consequi
1772 1907 1829 1942 per
1843 1898 1908 1930 Bri-⁴

69 1929 230 2014 ptismum
242 1930 349 1964 docet:
361 1930 429 1974 quo
442 1927 559 1962 melius
567 1939 685 1976 pateat,
698 1928 900 1974 ssujjssmfffe
911 1928 1002 1964 vsum
1015 1931 1278 1967 Circuncifionis
1287 1932 1346 1968 sub
1358 1947 1462 1981 regno
1473 1937 1608 1972 Christi.
1627 1941 1758 1976 Poterat
1769 1946 1860 1978 enim
1869 1957 1909 1979 a-
1929 1974 1933 1979 ,
1957 1955 2004 1980 “.,-,-
2028 1974 2056 1990 o.-
2068 1949 2081 1987 ᾗ
2118 1984 2121 1986 q

84 1990 95 2012 i

98 1981 179 2024 oqui
189 1978 332 2012 obiicere
342 1976 517 2025 quispiam,
528 1977 599 2011 Cur
610 1976 899 2013 Circuiici'sionem
909 1970 1020 2013 affoles
1030 1979 1096 2013 lioc
1107 1984 1357 2027 praetextu-‚quia
1368 1982 1502 2019 effectus
1513 1988 1583 2020 eius
1595 1986 1631 2020 sit
1641 1990 1676 2022 in
1687 1989 1833 2025 Christo?
1844 1991 1905 2027 :sin-
1946 2001 1953 2031 j

68 2039 142 2064 nori
155 2029 254 2062 etiam
265 2024 474 2074 spiritualiter
481 2025 650 2060 circuncis
647 2039 682 2060 us
692 2025 755 2060 fuit
765 2025 930 2061 Abraham
943 2029 1054 2073 ?arqui
1066 2027 1131 2061 hoc
1143 2031 1285 2063 min-ime
1306 2029 1434 2065 obstitit
1443 2035 1627 2078 quominus
1637 2035 1766 2083 signum
1778 2042 1824 2074 rei
1846 2042 1906 2075 ad-

68 2077 169 2110 deret.
183 2087 252 2110 non
263 2075 307 2108 est
316 2076 418 2120 igitur
427 2071 625 2121 superuacua
635 2085 766 2108 externa
776 2074 998 2115 Circuucifio,
1009 2074 1133 2109 etiamsi
1145 2079 1284 2111 interior
1293 2090 1350 2125 per
1358 2079 1527 2115 Christum
1540 2083 1738 2120 conferatur.
1750 2087 1907 2123 Eiusmo-

68 2127 102 2160 di
113 2123 342 2159 obit-&ionem
353 2124 513 2168 anticipat
521 2122 653 2160 Paulus,
664 2121 748 2157 fasta
758 2121 916 2170 Raptismi
928 2126 1118 2158 mentione:
1130 2126 1418 2161 circuncisionem
1431 2155 1442 2168 ‚
1453 2131 1564 2176 inquit
1574 2153 1584 2168 ,
1595 2130 1798 2179 spiritualem
1811 2149 1906 2184 pera-

69 2176 118 2222 git
129 2175 163 2207 in
175 2173 273 2207 nobis
285 2169 447 2207 Christus,
460 2183 530 2204 nori
541 2172 764 2205 intercedente
787 2174 888 2205 veteri
901 2171 962 2205 illo
973 2170 1067 2219 signo
1077 2174 1169 2218 quod
1177 2172 1235 2209 sub
1245 2174 1338 2209 Mose
1347 2175 1452 2218 valuit
1462 2200 1472 2214 ‚
1495 2177 1546 2213 sed
1555 2179 1733 2227 Baptismo.
1747 2185 1811 2218 Rei
1826 2198 1905 2233 ergo

68 2221 221 2270 thbitae
231 2220 359 2268 signum
371 2219 413 2252 est
422 2217 619 2267 Baptismus,
631 2231 731 2265 quarn
741 2218 907 2254 absentem
923 2219 1082 2268 figurabat
1091 2222 1310 2258 Circuncisio.
1337 2219 1549 2271 A‘fgumentu
1555 2240 1586 2262 ru
1596 2230 1640 2262 est
1651 2229 1691 2264 ab
1712 2237 1906 2268 oeconomia

67 2281 169 2317 quam
179 2272 268 2304 Deus
279 2269 456 2310 ordinauit.
469 2280 546 2301 nam
557 2269 616 2314 qui
627 2266 913 2303 circuncisionem
925 2271 1070 2314 retinent
1079 2295 1090 2310 ,
1102 2271 1202 2305 modii
1213 2270 1348 2319 fingunt
1355 2272 1604 2320 dispensationis
1623 2277 1664 2311 ab
1676 2292 1716 2313 eo
1727 2281 1903 2320 diuersum,

67 2324 179 2365 que'm·
188 2310 281 2352 Deus
290 2317 443 2350 instituit.
454 2315 558 2363 Qd
570 2317 650 2349 dicit
660 2316 734 2350 Nos
749 2316 876 2363 sepeliri
886 2320 965 2351 cum*
974 2316 1122 2359 Christo,
1131 2318 1206 2367 plus
1218 2321 1261 2354 est
1270 2321 1371 2367 quam
1385 2321 1546 2370 crucifigi.
1568 2323 1732 2373 sepultura
1743 2332 1832 2363 enim
1845 2332 1906 2365 εὸ-

64 2370 201 2401 tinuum
212 2363 479 2400 mortificationis
489 2362 690 2411 progressum
703 2365 870 2412 exprimit,
881 2365 989 2414 de
999 2364 1068 2400 fieri
1078 2366 1144 2401 hoc
1153 2380 1211 2415 per
1219 2367 1426 2416 Baptismum
1436 2372 1533 2405 tradit
1542 2371 1657 2418 ,ffsicu'ti
1669 2378 1768 2411 etiam
1779 2379 1818 2411 ad
1828 2378 1904 2413 Ross

65 2418 185 2455 manos'
198 2417 305 2462 capite
317 2416 417 2458 6.a.4,
428 2410 650 2458 loquitur-suo
660 2425 765 2453 more,
776 2413 924 2448 tribuens
935 2415 1147 2467 sacramento
1157 2414 1336 2452 efficaciam
1349 2441 1359 2455 ,
1370 2431 1412 2452 ne
1429 2418 1544 2454 frustra
1552 2420 1713 2469 significet
1722 2427 1814 2471 quod
1828 2439 1902 2464 non

64 2462 112 2498 sit.
121 2464 180 2498 Per
188 2460 392 2511 Baptismum
402 2473 482 2508 ergo
491 2460 667 2508 sepelimur
677 2473 755 2495 cum
767 2461 913 2503 Christo,
926 2464 1005 2510 quia
1015 2463 1309 2502 mortificationem
1321 2477 1422 2515 quam
1435 2467 1505 2506 illic
1515 2467 1633 2517 figurat
1644 2471 1794 2508 Christus
1806 2498 1817 2512 ,
1828 2473 1901 2510 effi-

63 2513 183 2547 caciter
193 2510 289 2547 simul
298 2511 434 2558 peragit:
447 2521 482 2543 vt
491 2521 540 2544 res
550 2507 644 2556 signo
655 2508 693 2542 fit
702 2512 895 2546 coniuncta.
943 2510 947 2514 “
1076 2534 1085 2539 ,ν

109 2561 150 2594 In
159 2572 216 2606 qm
225 2564 264 2601 (ξ’
274 2556 523 2602 consurrexzstis.)
566 2556 770 2605 ·Amplificat
785 2561 923 2605 gratiam
948 2572 1048 2607 quam
1061 2563 1095 2596 in
1106 2561 1241 2602 Christo
1252 2562 1456 2604 obtinemus,
1465 2578 1538 2611 quae
1547 2565 1651 2616 long&
1672 2571 1900 2608 Circuncjfioss

62 2620 140 2643 nem
150 2607 327 2643 antecellit.
351 2606 434 2641 Non
447 2603 578 2641 tantum
601 2608 641 2640 'in
653 2617 797 2641 mortem
807 2607 932 2642 Christi
942 2607 1135 2648 inserimur,
1149 2613 1281 2658 inquit,
1302 2611 1354 2648 sed
1363 2613 1562 2662 resurgimus
1575 2621 1673 2653 etiam
1688 2622 1724 2654 in
1745 2623 1900 2656 nouitate

61 2651 147 2699 vitae'ss
157 2669 226 2705 qno
237 2657 342 2703 magis
353 2654 427 2689 sunt
442 2656 477 2688 in
488 2655 659 2689 Christum
674 2656 788 2688 iniurii
797 2657 856 2701 qui
865 2657 905 2691 ad
915 2658 1203 2694 circuncisionem
1222 2662 1375 2696 reducere
1384 2675 1446 2697 nos
1456 2675 1596 2699 tentant.
1608 2667 1652 2701 Et
1660 2668 1748 2705 addit
1759 2692 1769 2706 ‚
1794 2670 1897 2715 Perfi-

61 2703 140 2738 dem.
160 2718 238 2740 nam
249 2704 336 2739 certe
347 2701 504 2752 perillam
523 2704 726 2750 percipimus
737 2705 828 2749 quod
841 2702 977 2741 offeitut
996 2706 1095 2741 nobis
1105 2710 1140 2741 in
1157 2707 1335 2756 Baptismo.
1357 2711 1417 2744 Sed
1430 2723 1529 2757 quam
1543 2712 1661 2749 fidem?
1690 2716 1832 2763 Efficacia
1842 2717 1898 2753 vel

62 2754 273 2799 operationis
283 2755 363 2786 eius.
381 2763 450 2798 quo
463 2749 621 2798 fignificat
646 2749 745 2784 fidem
757 2754 792 2786 in
803 2754 997 2788 Dei¹virtute
1011 2754 1070 2789 esse
1081 2755 1264 2792 fundatam.
1293 2758 1414 2792 Verum
1425 2762 1503 2806 quia
1513 2759 1592 2797 fides
1606 2777 1680 2798 non*
1697 2765 1896 2813 vagaturin'-

64 2799 199 2836 confusa
211 2801 254 2841 ff&
264 2799 498 2843 indefinita-(vt
510 2799 709 2844 loquuntur)
730 2803 889 2850 potentiae
897 2803 1033 2839 Diuinae
1043 2803 1333 2852 contemplatione
1350 2811 1523 2854 :exprimit
1532 2823 1633 2857 quam
1645 2811 1825 2848 efficaciam
1844 2828 1895 2848 re-

62 2847 184 2896 spicere
192 2843 306 2885 debeat
317 2873 326 2887 ,
338 2848 459 2895 nempe
469 2860 534 2894 qua
547 2846 713 2882 sulcitauit
724 2848 893 2883 Christum
905 2851 1086 2886 amortuis.
1101 2853 1209 2886 Sumit
1220 2866 1331 2888 autern
1343 2867 1404 2903 pro
1415 2856 1560 2893 confesso
1569 2882 1579 2897 ,
1600 2864 1680 2908 quia
1694 2860 1802 2895 fideles
1814 2864 1832 2897 ὲ
1842 2875 1896 2897 ca*-

63 2899 134 2943 pite
143 2892 305 2944 suqihaiolli
318 2894 521 2946 impossibile
531 2895 575 2930 est
584 2922 595 2936 ,
617 2897 754 2931 eandem
765 2897 833 2931 Dei
844 2900 1001 2934 virtutem
1014 2912 1086 2946 quae
1097 2899 1127 2934 se
1143 2904 1266 2936 exeruit
1277 2903 1471 2943 iri-Christo,
1505 2912 1732 2944 communiter
1742 2910 1782 2942 ad
1791 2924 1847 2945 cos
1858 2924 1898 2946 o-

62 2938 316 2981 xffn'ei'diffandi.
427 2981 429 2983 ,
587 2962 589 2966 ’
924 2963 925 2966 ’
951 2962 953 2964 ·
1251 2963 1254 2966 ’
1661 2973 1664 2975 ⁴
1734 2996 1737 2998 -

36 3032 39 3036 .
83 3001 88 3005 ’
117 2996 147 3045 13
199 2995 325 3036 '‘Et'v'os
335 3009 439 3049 quum
449 2997 575 3034 mottui
583 2993 693 3047 effetis
711 2994 1100 3054 deli0713&inpraeputio
1139 3002 1252 3038 carnis
1260 3004 1398 3050 venre,
1412 3002 1516 3061 simul
1522 3007 1718 3058 viuificauit
1724 3020 1797 3045 cum
1813 3005 1893 3063 ipfir,

58 3049 393 3101 'cando'nandolvobis
410 3053 524 3089 omnia
530 3060 665 3105 peccqta
674 3068 686 3088 :
896 3061 911 3067 ·’
1881 3079 1885 3084 .

99 3104 104 3110 ”
117 3119 162 3155 14
217 3112 265 3144 Et
270 3105 378 3144 'deleto
389 3107 604 3158 quodcontra
613 3120 677 3145 nos
685 3117 770 3152 erat,
777 3104 993 3163 chirographo
1002 3109 1041 3147 in
1051 3107 1204 3158 decretis,
1217 3112 1315 3167 quod
1324 3124 1398 3160 erat
1407 3113 1506 3155 nohis
1516 3120 1720 3157 contrarium
1729 3148 1741 3164 ‚
1755 3117 1796 3165 ὁ·
1807 3114 1901 3172 illud
1911 3116 1960 3145 ’Ἡ
1967 3115 2078 3158 snser't'so²

47 3160 185 3220 fiaestulit
191 3159 211 3199 ὲ
219 3161 332 3205 medio
339 3158 482 3214 affixum
493 3166 592 3208 cruci,
613 3198 615 3202 Α
814 3182 815 3186 ’
975 3208 977 3211 7

79 3248 91 3253 „
113 3231 146 3268 ¹5
204 3217 392 3273 Expolians
396 3220 604 3273 principatus
615 3217 848 3274 &potestaten
858 3220 1023 3260 traduxit
1023 3219 1144 3278 paLim
1153 3223 1369 3280 triumphans
1382 3226 1426 3266 de
1434 3225 1490 3266 his
1500 3225 1560 3266 ’'in
1569 3227 1642 3267 illa.

109 3275 154 3308 Et
162 3286 223 3307 vos-
230 3285 323 3318 quum
332 3275 461 3315 mortui.)
487 3298 489 3300 -
500 3275 604 3319 Qiod
614 3277 649 3309 in
660 3287 778 3322 genere
787 3273 943 3313 disseruit,
957 3278 1116 3314 admonet
1127 3281 1334 3316 Coioffenses
1349 3293 1384 3315 vt
1396 3285 1430 3317 in
1443 3282 1549 3330 seipsis
1558 3284 1808 3331 recognoscant:
1821 3299 1895 3335 quae

58 3321 117 3357 lon
121 3323 167 3371 ge«
172 3317 391 3357 efficacissima
402 3320 445 3354 est
454 3320 594 3356 docendi
603 3325 700 3358 tatio.
723 3323 826 3358 Porto
837 3326 916 3371 quia
935 3327 1086 3363 Gentiles
1096 3339 1187 3363 erant
1197 3332 1304 3375 quum
1313 3330 1352 3363 ad
1362 3329 1532 3366 Christum
1544 3328 1619 3366 sunt
1629 3334 1779 3369 conuersi
1788 3360 1798 3374 ‚
1817 3338 1895 3372 inde

46 3371 214 3407 ‘admonet
224 3367 326 3419 quam
337 3366 512 3413 absurdum
523 3367 560 3404 fit
568 3383 660 3407 nunc
669 3372 709 3407 ad
718 3369 880 3410 Mosaicas
887 3378 1093 3414 ceremonias
1100 3377 1119 3412 ὲ
1129 3377 1265 3412 Christo
1275 3375 1443 3428 transilire.
1500 3381 1618 3428 Eratis,
1635 3381 1758 3428 inquit,
1769 3385 1817 3418 M
1820 3386 1896 3435 qrjmg'

1584 3428 1634 3478 N2
1680 3432 1740 3477 ‚iiii-
