2268 3705
614 82 730 132 AD
780 81 1404 136 GALAT-CAP·1-
1906 112 1974 155 309

112 161 149 195 in
160 166 224 206 qua
235 162 297 193 nos
307 165 524 190 exerceamus.
536 155 630 201 Qid
643 155 733 188 enim
744 152 864 188 Paulus
876 166 939 188 nec
948 154 1029 189 dum
1040 165 1137 189 natus
1146 156 1288 204 dignum
1296 155 1439 193 habebat
1447 168 1541 195 tanto
1551 154 1695 200 honore.⁵
1706 159 1749 202 sic*
1759 181 1837 217 crgo
1847 171 1958 213 haben

111 208 193 241 dum
204 233 214 247 ,
226 208 355 241 Totum
365 203 432 238 hoc
441 204 577 238 Diuinae
587 200 646 236 esse
674 203 869 237 donationis
877 226 887 240 ‚
898 215 970 238 non
981 214 1084 240 marte
1093 205 1207 238 nostro
1219 217 1352 253 partum
1364 232 1375 245 ,
1394 219 1437 254 qu
1443 207 1485 243 bd
1495 210 1533 243 ad
1544 215 1719 257 regendam
1732 218 1830 265 ipsius
1840 222 1954 258 Eccle-

110 254 189 290 siam
202 255 309 289 vocati
323 250 443 288 sumus.
456 250 559 286 Porto
571 249 662 298 quod
673 249 835 285 nonnulli
845 248 996 286 subtilius
1016 250 1297 300 philosophantur
1306 257 1342 289 in
1353 256 1519 292 vocabulo
1531 262 1790 306 segregationis,
1803 269 1836 301 id
1847 269 1902 304 abs
1913 284 1948 306 re

111 307 145 338 ἃς
156 301 386 349 intempestiue
396 298 532 335 faciunt.
557 299 678 345 Neque
690 302 779 333 enim
790 296 954 347 segregare
962 312 1024 334 nos
1035 302 1126 335 Deus
1138 302 1269 339 dicitur,
1281 306 1361 349 quia
1371 303 1522 341 habitum
1533 307 1681 354 aliquem
1692 311 1845 350 infundat
1854 342 1865 357 ‚
1875 331 1947 365 quo

109 351 151 386 ab
163 351 233 385 aliis
246 348 390 384 differam
396 361 444 382 us:
453 342 505 382 sed
516 359 622 395 quum
634 360 696 382 nos
708 345 767 382 suo
776 346 916 382 confilio
927 346 1229 394 designat-Tametsi
1238 362 1347 386 autem
1361 354 1427 386 iam
1438 353 1513 389 satis
1523 358 1632 403 aperte
1642 357 1798 395 tribuerat
1809 365 1872 398 Dei
1886 380 1943 414 gra

110 403 161 434 tite
172 397 259 434 suam
269 399 493 434 vocationem,
508 408 614 441 quum
626 397 696 429 eius
706 395 1040 443 principiumgfecerat
1049 397 1273 433 voluntariam
1283 399 1373 435 illam
1384 400 1646 450 segregationem
1655 405 1696 440 ab
1707 419 1811 445 vtero:
1821 414 1943 451 iterum

107 460 218 483 tamen
229 447 430 481 nominatim
441 446 608 492 exprimit,
644 446 741 478 artirn
753 455 786 478 vt
794 446 905 494 gratiae
919 446 1171 481 commendatio
1180 459 1298 495 purget
1306 462 1447 485 omnem
1459 454 1621 487 iactantiae
1630 457 1830 502 opinionem
1846 473 1941 507 :par-

107 499 169 532 tim
180 507 214 529 vt
224 493 314 529 suam
324 495 358 527 in
369 495 479 527 Deum
490 456 727 542 gratituginem
738 493 878 529 testetur.
888 491 1029 529 libenter
1039 496 1130 531 enim
1138 493 1221 530 solet
1229 496 1294 530 hoc
1306 496 1422 539 facere,
1433 503 1535 535 etiam
1551 501 1606 537 vbi
1617 503 1708 539 nulla
1720 506 1763 543 est
1774 518 1851 543 cum
1860 509 1941 557 Pseu

105 542 307 591 doapostolis
320 539 523 589 disceptatio.

152 595 189 627 16
238 591 514 636 Reuelarefilfum.)
564 591 597 623 Si
608 588 707 638 legas,
719 589 882 625 Reuelare
892 602 949 638 per
961 603 1024 626 me:
1039 591 1095 630 hic
1108 594 1169 628 etit
1180 591 1256 627 finis
1269 595 1482 645 Apostolatus
1494 620 1504 635 ‚
1516 598 1687 635 Christum
1696 602 1805 648 palam
1813 602 1931 643 facere,

103 640 292 688 Qomodo
302 647 311 672 Ξ
323 639 529 686 praedicando
541 635 649 685 ipsum
659 642 745 673 inter
753 638 897 673 Gentes:
915 640 948 673 id
958 640 1049 686 quod
1060 640 1109 674 illi
1121 643 1204 675 vitio
1215 642 1380 681 ducebant
1397 643 1677 694 pseudoapostoli.
1692 650 1813 685 Verum
1827 665 1937 699 quum

103 689 217 723 Graece
231 688 266 722 lit
275 688 298 720 ἐν
308 689 376 729 ἐμοι,
390 699 472 735 puto
481 687 680 721 Hebraicam
697 685 839 734 phrasim
851 686 910 721 else
919 711 929 724 ,
941 700 1001 736 pto
1011 688 1100 726 Mihi
1113 702 1212 724 :nam
1222 692 1309 738 apud
1319 692 1476 727 Hebraeos
1488 702 1510 728 :i
1535 696 1615 743 ilaepe
1626 698 1670 731 est
1682 695 1934 746 superuacuum:

104 739 196 785 quod
211 736 282 771 satis
294 737 420 772 constat
433 737 545 784 peritis
556 734 645 769 illius
654 735 787 783 linguae.
814 733 929 770 Sensus
943 738 1045 783 igitur
1059 739 1131 775 erit,
1146 738 1330 773 reuelatum
1341 739 1433 776 fuilse
1443 741 1547 777 Paulo
1557 745 1740 784 Christum,
1755 760 1827 785 non
1837 761 1872 784 vt
1883 750 1936 786 (⁴0-

103 785 154 823 lus
168 785 326 820 frueretur
337 788 405 819 cius
417 785 614 834 cognitione
624 810 635 824 ‚
647 782 822 832 ipsumque
837 786 954 821 tacitus
966 786 1002 820 in
1014 783 1084 820 sinu
1104 784 1162 820 suo
1172 790 1379 824 contineret:
1397 787 1448 824 sed
1459 802 1494 825 vt
1503 790 1559 824 abs
1576 790 1605 825 se
1624 798 1802 840 cognitum
1816 799 1935 845 praedi-

103 846 189 870 caret
199 838 284 869 inter
294 836 426 869 Gentes.
471 836 618 867 Continuo
637 845 695 865 non
709 834 828 865 contuli.
882 832 1044 868 Conferre
1053 846 1120 868 cum
1129 847 1221 868 carne
1232 839 1269 873 (ῤ’
1278 836 1427 884 sanguine
1437 864 1447 879 ,
1456 839 1499 872 est
1508 838 1662 874 adhibere
1671 854 1801 878 carnem
1816 850 1849 880 &
1861 845 1935 886 san-

103 885 240 933 guinem
253 885 288 917 in
299 881 487 918 confilium.
531 880 636 926 de
647 892 757 915 autem
768 881 807 915 ad
827 881 959 915 istarum
969 894 1092 918 vocum
1110 881 1387 933 significationem
1405 890 1524 922 attinet
1535 911 1544 926 ‚
1562 887 1752 936 simpliciter
1762 893 1870 929 voluit
1878 908 1934 930 ex⁴

101 932 232 968 cludere
253 933 368 965 omnia
387 931 534 964 humana
553 928 697 963 consilia.
735 942 812 964 nam
831 929 1025 979 generaliter
1042 931 1213 967 vniuersos
1232 933 1385 969 mortales
1404 935 1458 970 hic
1477 938 1734 984 comprehendit
1751 966 1761 979 ‚
1782 945 1814 974 δε
1837 946 1933 990 quic-

101 981 183 1028 quid
196 981 374 1028 prudentiae
386 977 437 1012 vel
446 977 576 1013 consilii
586 977 720 1014 habent,
732 977 824 1012 ficuti
834 991 912 1015 mox
923 991 959 1012 ex
970 990 1127 1014 contextu
1137 980 1278 1028 patebit:
1288 983 1358 1016 imo
1369 984 1549 1031 Apostolos
1560 989 1764 1022 nominatim
1775 989 1930 1037 designatA

101 1029 200 1076 idque
210 1042 250 1063 eo
260 1026 401 1062 consilio
410 1051 420 1065 ,
435 1037 469 1061 vt
478 1028 669 1062 immediata
679 1028 743 1065 Dei
760 1029 893 1061 vocatio
904 1026 1020 1065 clarius
1039 1027 1208 1076 refulgeat.
1234 1029 1310 1066 Sola
1322 1044 1400 1078 ergo
1412 1034 1475 1066 Dei
1485 1034 1688 1069 authoritate
1701 1035 1813 1078 fretus,
1825 1038 1928 1086 eaque

42 1067 57 1113 Ι,
98 1078 290 1114 contentus,
300 1073 330 1110 se
341 1076 379 1110 ad
391 1087 512 1113 munus
524 1075 765 1122 ptaedicationis
776 1078 928 1109 accinxit.
969 1077 1083 1122 Neque
1094 1075 1174 1111 redii
1184 1080 1400 1124 lerosolymam.
1439 1081 1608 1129 Expolitio
1630 1085 1673 1117 est
1683 1088 1842 1132 proximae
1856 1086 1927 1123 sen-

0 1121 4 1131 '
53 1120 64 1141 ²
93 1127 256 1164 gemm&
268 1123 363 1159 simul
374 1122 602 1171 amplificatio:
613 1122 674 1158 acsi
685 1124 1000 1164 diceret‚Neminem
1013 1125 1204 1165 mortalium
1215 1127 1389 1164 authorem
1399 1128 1686 1179 defideraui,atque
1695 1133 1776 1167 adei>
1787 1148 1829 1170 ne
1840 1134 1930 1188 ipsos

97 1175 235 1222 quidem
244 1171 598 1221 Apostolos.falluntut
607 1184 686 1219 ergo
698 1175 756 1221 qui
767 1183 890 1221 negant
900 1172 1081 1219 Apostolos
1092 1175 1331 1222 comprehendi
1342 1175 1400 1211 sub
1411 1178 1520 1212 Carne
1535 1183 1568 1213 &
1580 1178 1831 1229 sanguine‚quia
1840 1186 1928 1220 seor-

96 1223 170 1260 sum
180 1234 271 1257 nunc
281 1235 337 1256 eos
347 1224 511 1257 nominet.
531 1233 601 1254 non
613 1223 704 1257 enim
723 1219 850 1266 aliquid
860 1232 992 1254 nouum
1010 1232 1065 1259 aut
1075 1222 1239 1257 diuersum
1250 1224 1420 1273 adiungit,
1441 1226 1492 1260 sed
1504 1227 1634 1262 tantum
1645 1233 1782 1276 exponit
1808 1231 1928 1269 clarius

95 1271 187 1320 quod
197 1281 262 1305 erat
275 1268 410 1304 obscure
420 1270 559 1304 dictum.
584 1269 705 1316 Neque
715 1267 977 1303 contumeliosus
989 1269 1032 1302 est
1043 1270 1194 1304 aduersus
1206 1271 1385 1318 Apostolos
1396 1276 1430 1308 in
1441 1273 1603 1310 eiusmodi
1612 1277 1929 1328 appellationezquia

95 1331 134 1356 vt
147 1320 326 1355 ostenderet
338 1317 366 1353 se
377 1331 447 1355 non
458 1315 548 1351 suissi:
559 1317 753 1353 humanitus
768 1315 1048 1369 impulsum‚ipibs
1058 1330 1195 1364 quoque
1205 1331 1339 1367 propter
1350 1320 1440 1359 falsas
1451 1322 1660 1358 nebulonum
1671 1328 1842 1363 iaetantias
1851 1332 1928 1365 Deo

45 1358 56 1365 υ
94 1380 266 1417 opponere
280 1366 402 1401 ncccffe
412 1365 539 1403 habuit.
549 1364 614 1400 Vbi
623 1377 734 1399 autem
744 1377 888 1403 creatura
897 1377 974 1399 cum
990 1368 1068 1404 Deo
1078 1365 1246 1404 confertur
1255 1391 1265 1405 ‚
1284 1369 1467 1416 quamlibet
1480 1371 1666 1409 humilibus
1675 1385 1774 1427 atque
1787 1377 1927 1417 abiectis

97 1415 204 1454 titulis
215 1418 431 1463 deprimatur,
445 1413 537 1449 nulla
549 1412 584 1447 fit
595 1415 622 1447 ei
636 1416 768 1450 iniuria.

143 1476 180 1510 17
229 1463 291 1498 Sed
301 1462 365 1496 abii
373 1466 405 1496 in
418 1461 620 1506 eArabiam.)
671 1463 774 1497 Lucas
785 1463 968 1496 triennium
978 1461 1090 1497 hocin
1101 1462 1236 1498 historia
1244 1466 1412 1499 Aetomm
1421 1469 1586 1514 praeteriit.
1607 1473 1852 1516 quemadmodi‘i
1864 1488 1925 1509 ne-

94 1526 160 1560 que
169 1512 232 1547 alia
243 1514 359 1546 omnia
368 1511 627 1546 enumeratzideo
635 1509 751 1560 frigida
761 1510 804 1543 est
812 1521 928 1544 eorum
939 1509 1180 1558 calumnia‚qui
1190 1524 1342 1558 quaerunt
1351 1513 1406 1547 hic
1416 1514 1561 1561 aliquem
1573 1518 1722 1554 colorem
1735 1534 1926 1568 repugnari-2
1960 1526 1962 1529 ’

92 1560 323 1597 tiae.Caeterum
335 1560 518 1607 expendant
528 1560 576 1606 pii
585 1558 724 1593 ledrorcs
733 1558 833 1607 quam
845 1569 944 1604 graue
955 1561 1150 1595 tentationis
1159 1573 1326 1595 certamen
1335 1561 1474 1596 Paulum
1486 1564 1593 1601 statim
1604 1568 1621 1600 a
1633 1570 1743 1615 primo
1755 1573 1922 1614 tyrocinio

93 1611 267 1657 exceperit.
279 1610 337 1655 qui
347 1607 452 1655 pridie
460 1607 600 1641 honoris
610 1605 713 1647 causa,
722 1618 800 1642 cum
811 1605 981 1656 splendido
991 1611 1154 1647 comitatu
1166 1607 1277 1647 missus
1286 1609 1389 1648 fuerat
1397 1611 1703 1655 Damascuimnunc
1713 1617 1874 1671 profugus
1885 1621 1923 1655 in

89 1657 200 1695 aliena
210 1668 292 1693 terra
303 1656 451 1690 oberrare
461 1657 603 1701 cogitur:
615 1667 724 1701 neque
732 1665 845 1691 tamen
857 1657 974 1689 animo
988 1655 1109 1692 deficit.

139 1707 173 1740 18
224 1702 347 1738 Deinde
354 1703 417 1752 post
426 1715 522 1736 annos
532 1706 619 1747 tres.)
671 1705 787 1738 Tertio
796 1704 932 1742 demum
950 1717 1040 1739 anno
1051 1706 1225 1753 postquam
1235 1706 1392 1754 Apostoli
1399 1721 1521 1745 munus
1541 1723 1725 1751 exercuerat
1734 1735 1743 1749 ‚
1756 1712 1922 1750 conscen..'

91 1754 141 1789 dit
160 1752 412 1798 lerosolymam:
440 1764 518 1799 ergo
530 1765 601 1786 non
611 1750 795 1800 auspicatus
811 1750 855 1789 est
874 1751 914 1786 ab
925 1752 1105 1788 hominum
1118 1756 1306 1789 vocatione.
1325 1756 1367 1790 Et
1377 1768 1490 1793 tamen
1500 1772 1542 1794 ne
1551 1761 1715 1795 videretur
1725 1761 1844 1800 habere
1867 1762 1918 1797 se-

89 1813 217 1850 paratas
226 1800 266 1836 ab
276 1801 347 1838 aliis
355 1802 498 1835 rationes
516 1823 527 1838 ,
549 1799 691 1848 ideoque
701 1799 815 1850 fugere
833 1812 950 1837 eorum
959 1801 1176 1851 conspectum
1193 1816 1201 1837 ε
1219 1804 1301 1837 dicit
1310 1803 1338 1838 se
1347 1804 1414 1840 hoc
1440 1806 1581 1842 consilio
1593 1807 1712 1843 venisse
1726 1821 1761 1843 vt
1784 1812 1920 1846 Petrum

88 1851 225 1885 videret.
245 1863 278 1885 er
302 1863 323 1885 o
332 1847 456 1888 tametsi
475 1861 592 1885 eorum
603 1849 838 1888 authoritatem
858 1861 930 1886 non
940 1850 1178 1897 exspectauerat
1187 1854 1223 1890 in
1242 1850 1448 1900 suscipiendo
1461 1868 1597 1891 munere
1608 1885 1619 1896 ,
1643 1870 1714 1892 non
1725 1869 1837 1894 tamen
1850 1859 1919 1894 illis

88 1899 207 1934 inuitis
217 1921 227 1935 ‚
245 1862 300 1933 [εέ
308 1896 591 1934 consentientibus
604 1901 637 1933 &
648 1895 909 1945 approbantibus
918 1921 929 1936 ‚
941 1900 1076 1945 gradum
1088 1899 1303 1948 Apostolatus
1318 1906 1436 1940 tenuit.
1455 1903 1521 1938 hoc
1531 1906 1576 1940 est
1587 1907 1678 1952 quod
1688 1908 1843 1945 intendit,
1859 1921 1921 1943 ne-

87 1960 153 1994 que
164 1946 193 1981 se
203 1959 350 1994 vnquam
362 1945 453 1980 fuisse
471 1944 618 1980 alienum
633 1947 651 1980 a
660 1948 783 1981 caeteris
799 1946 968 1994 Apostolis
978 1974 988 1987 ‚
1009 1952 1044 1982 δε
1054 1946 1113 1982 sibi
1133 1951 1316 1984 etiamnum
1329 1949 1414 1986 bene
1423 1952 1579 1987 cumillis
1590 1958 1784 1989 conuenire.
1813 1957 1918 1993 Breue

84 2006 219 2043 tempus
230 2006 324 2029 notat
334 1995 425 2044 quod
435 1993 503 2028 illic
513 1993 668 2043 transegit
677 2021 687 2033 ‚
706 2006 740 2029 vt
755 1995 902 2029 ostendat
912 1994 941 2029 se
954 2009 1024 2030 non
1035 1995 1179 2031 discendi
1189 1996 1282 2033 causa
1289 1997 1428 2039 venisse,
1454 1999 1504 2034 sed
1516 2013 1639 2036 mutuae
1649 2003 1806 2037 duntaxat
1817 2017 1917 2038 com-

86 2045 339 2082 municationis.
365 2043 494 2078 Eodem
506 2042 628 2091 specle-‘it
638 2045 729 2094 quod
739 2043 830 2080 addit
838 2065 849 2080 ,
867 2045 906 2076 Se
914 2047 1061 2078 neminem
1070 2047 1167 2079 alium
1178 2044 1297 2091 vidisse.
1319 2050 1397 2093 quia
1406 2045 1528 2088 scilicet
1538 2050 1603 2087 alio
1615 2051 1764 2089 tendens,
1772 2054 1831 2086 iter
1839 2052 1915 2086 illac

84 2091 224 2132 faciebat
237 2090 353 2128 soli'im.
524 2092 529 2095 ⁴

133 2151 167 2182 19
220 2138 469 2185 Nzfilaccbnm.)
518 2142 606 2186 Qis
617 2140 672 2179 hic
682 2138 780 2174 fuerit
790 2138 1124 2177 Iacobus‚videndum
1137 2142 1419 2180 est.Consentiunt
1430 2143 1494 2178 fere
1505 2146 1637 2181 Veteres
1652 2157 1755 2181 vnum
1766 2161 1804 2182 ex
1817 2147 1915 2184 disci-

111 2187 172 2222 ulis
182 2186 274 2222 fuisse
284 2214 294 2228 ,
305 2198 535 2234 cognomento
549 2187 676 2223 Oblian
688 2192 723 2222 &
738 2189 859 2226 lustum
871 2212 880 2226 2
899 2191 958 2234 qui
969 2188 1113 2224 Ecclefiae
1123 2189 1400 2236 lerosolymitanae
1410 2193 1585 2240 praefuerit.
1625 2196 1832 2243 Qanquam
1856 2197 1915 2232 alii

83 2201 201 2284 foscph
212 2234 318 2270 filium
329 2234 419 2270 fuisse
429 2247 547 2286 putant
558 2249 594 2270 ex
603 2236 666 2270 alia
675 2248 773 2274 vxore
787 2250 795 2270 ε
808 2236 863 2273 alii
876 2237 980 2282 (quod
993 2237 1200 2274 verisimilius
1210 2241 1266 2284 est)
1283 2240 1407 2276 Christi
1420 2254 1458 2274 ex
1469 2253 1640 2276 matertera
1650 2242 1889 2280 consobrinum
1902 2259 1911 2280 ε

83 2283 136 2318 sed
148 2296 250 2331 quum
269 2284 324 2318 hic
335 2287 620 2323 numeretutinter
629 2284 811 2332 Apostolos
821 2311 830 2325 ‚
842 2284 933 2318 illam
945 2288 1145 2332 opinionem
1165 2300 1235 2322 non
1246 2290 1383 2337 recipio.
1410 2290 1531 2336 Neque
1542 2293 1632 2325 enim
1644 2293 1731 2326 valet
1746 2293 1913 2328 excusatio

83 2333 301 2377 Hieronymi,
310 2333 449 2367 Nomen
459 2333 525 2367 hoc
536 2334 703 2368 interdum
713 2333 730 2366 a
740 2334 919 2368 duodecim
930 2334 968 2366 ad
976 2334 1058 2369 alios
1068 2335 1252 2370 transferri:
1264 2338 1401 2383 quando
1413 2337 1467 2373 h'ic
1478 2339 1516 2372 de
1526 2337 1654 2373 summa
1666 2341 1825 2389 dignitate
1838 2345 1911 2389 agi-

83 2391 148 2414 tur:
160 2384 193 2414 &
207 2381 346 2419 eundem
358 2380 458 2428 paulo
469 2381 540 2428 post
560 2381 711 2416 habitum
723 2380 814 2418 fuiil'e
827 2384 913 2418 inter
925 2387 1103 2430 praecipuas
1113 2383 1288 2419 columnas
1297 2387 1469 2420 audiemus
1485 2410 1495 2425 ‚
1517 2389 1603 2434 Ergo
1615 2389 1699 2423 mihi
1715 2389 1818 2442 longe
1829 2403 1910 2438 pro-

80 2427 224 2464 babilius
236 2429 278 2466 est
287 2454 297 2469 ,
318 2428 447 2481 Alphaei
466 2429 524 2464 ess'e
541 2429 648 2469 filium
661 2453 670 2468 ‚
682 2431 719 2463 de
731 2442 800 2477 quo
810 2428 969 2476 loquitur.
990 2430 1154 2478 Reliquos
1164 2444 1220 2479 per
1230 2436 1332 2468 varias
1344 2436 1496 2481 regiones
1505 2446 1586 2469 tunc
1595 2435 1687 2471 fuisse
1698 2436 1820 2485 sparsos
1829 2451 1902 2473 cre-

81 2476 183 2512 dibile
193 2475 256 2510 est:
276 2479 445 2516 nonenim
455 2491 524 2512 vno
540 2480 575 2513 in
592 2477 670 2513 loco
681 2477 865 2515 deficiebant
885 2478 992 2512 otiosi.
1021 2481 1229 2528 Qanquam
1246 2493 1473 2520 autemnarrat
1492 2485 1596 2521 Lucas
1607 2485 1786 2521 deductum
1795 2487 1835 2521 ad
1852 2489 1905 2521 A-

81 2523 232 2573 postolos
243 2523 333 2559 fuiss'e
343 2525 531 2563 aBarnabat
551 2539 622 2566 non
633 2538 745 2565 tamen
757 2527 795 2560 de
803 2526 980 2563 duodecim
990 2528 1023 2564 id
1031 2529 1262 2582 accipiendum
1273 2557 1284 2575 2
1295 2529 1346 2566 sed
1356 2531 1394 2570 de
1402 2530 1454 2569 his
1462 2531 1592 2572 duobus
1602 2555 1612 2574 ,ι
1634 2536 1694 2581 qui
1705 2533 1766 2571 soli
1777 2546 1858 2576 tunc
1870 2548 1904 2570 e-
1920 2532 1975 2562 ⁴4⁶7
1978 2532 2090 2575 -11-‘1-252

36 2601 38 2606 .
79 2584 152 2608 rant
161 2571 377 2618 lerosolymis.
1396 2582 1399 2584 ·
1650 2582 1653 2584 ·

126 2631 167 2656 ιο
216 2620 305 2655 Por-rb
314 2634 374 2666 φη
386 2620 482 2665 scribo
494 2621 604 2667 vobis.)
654 2624 733 2658 Haec
743 2621 920 2661 affirmatio
939 2623 977 2657 ad
990 2634 1098 2665 totam
1127 2629 1348 2661 narrationem
1361 2628 1555 2667 extenditur.
1580 2629 1781 2668 demonstrat
1790 2641 1903 2668 autem

79 2668 180 2717 quam
189 2667 271 2704 scrib
282 2670 320 2704 de
332 2671 391 2705 hac
401 2669 492 2705 causa
501 2671 620 2705 Paulus
630 2672 848 2711 contenderit,
858 2671 950 2718 quod
961 2671 1185 2708 iusiurandum
1195 2674 1339 2715 adhibet,
1350 2688 1419 2723 quo
1430 2679 1475 2709 vti
1485 2675 1530 2716 fas
1543 2690 1614 2716 non
1627 2679 1671 2712 est
1680 2677 1740 2712 nisi
1752 2681 1786 2712 in
1799 2680 1901 2715 caufis

80 2716 233 2764 grauibus
244 2717 424 2766 magnique
435 2722 599 2754 momenti
615 2733 623 2753 :
642 2732 751 2766 neque
763 2722 885 2754 mirum
896 2721 939 2755 est
956 2732 1046 2756 tanta
1057 2735 1133 2756 eum
1152 2724 1540 2760 contentioneinfistere:
1562 2727 1638 2760 ante
1649 2729 1739 2760 enim
1752 2729 1901 2764 videmus

79 2765 160 2811 quid
170 2766 436 2803 machinarentur
446 2769 641 2815 impostores
651 2791 661 2804 ,
671 2781 797 2802 nomen
810 2772 842 2802 δε
855 2768 1020 2809 honorem
1035 2770 1186 2817 Apostoli
1198 2771 1468 2806 illidetrahendo.
1482 2774 1644 2809 Caeterum
1657 2776 1810 2809 notandae
1826 2777 1901 2811 sunt

77 2811 175 2847 nobis
188 2811 271 2848 form
278 2813 336 2855 ulaej
346 2817 569 2865 iurandi‚quas
579 2814 680 2851 stineti
692 2814 856 2863 vsurpant:
867 2828 901 2850 vt
913 2816 1139 2864 intelligamus
1151 2821 1339 2861 iuramento
1350 2821 1435 2854 nihil
1444 2820 1533 2856 aliud
1543 2825 1617 2871 agi,
1630 2823 1689 2857 nisi
1700 2834 1734 2856 vt
1753 2822 1850 2857 fidem
1862 2837 1899 2859 ac

77 2862 244 2897 veritatem
258 2864 423 2901 dierorum
437 2863 666 2913 Raetorumque
679 2865 867 2901 nostrorum
877 2865 917 2903 ad
924 2867 988 2900 Dei
999 2866 1159 2902 iudicium
1170 2880 1375 2903 reuocemus.
1389 2881 1489 2916 quam
1499 2872 1668 2908 affionem
1680 2870 1802 2905 neceffe
1812 2873 1853 2906 est
1863 2882 1898 2907 vt

78 2907 194 2955 religio
203 2912 368 2957 timorque
377 2913 438 2945 Dei
450 2912 622 2959 gubernet.
1728 2927 1731 2930 ⁴

127 2967 164 2989 22
203 2959 378 3003 Eramfhcie
387 2963 526 3008 ignotus.)
577 2961 714 2997 Videtur
725 2962 809 2995 mihi
819 2961 885 2996 hoc
897 2961 956 2996 effe
966 2963 1126 3001 additum,
1133 2963 1200 3010 quo
1214 2966 1318 3011 magis
1328 2963 1590 3005 obtretstatorum
1601 2964 1733 3004 suorum
1747 2967 1899 3002 maleuoe

76 3002 215 3038 lentiam
229 3010 262 3040 δ(
274 3006 512 3056 malignitatem
522 3022 572 3048 arn
578 3008 712 3058 plificet‚
721 3009 812 3044 Nam
823 3009 844 3044 fi
855 3009 939 3045 solus
949 3012 1078 3048 auditus
1089 3024 1249 3048 commou
1255 3013 1327 3047 ebat
1337 3015 1483 3054 Iudaicas
1495 3015 1689 3053 ccclesias‚vt
1699 3017 1772 3050 Deo
1783 3016 1897 3050 darent

23 3052 26 3053 ⁷
79 3051 229 3099 gloriam:
238 3054 327 3100 qubd
337 3058 381 3090 ita
393 3057 566 3104 magnifice
578 3069 732 3105 operatus
744 3057 818 3092 cffct
827 3060 862 3093 in
871 3059 985 3096 Paulo:
997 3061 1096 3105 quam
1109 3061 1287 3107 indiguum
1300 3063 1361 3101 est,
1380 3075 1435 3096 eos
1446 3063 1566 3109 quibus
1576 3062 1761 3110 conspicuae
1771 3061 1845 3097 sunt
1854 3064 1895 3098 ab

78 3098 196 3134 effectu
208 3100 350 3139 mirificae
365 3107 433 3139 cius
444 3108 667 3146 virtutes‚non
679 3108 766 3140 idem
780 3108 888 3153 agere?
899 3106 919 3143 si
933 3104 1000 3141 sola
1009 3106 1095 3145 sama
1110 3107 1175 3143 illis
1185 3108 1437 3150 sufficiebat,cur
1449 3110 1500 3144 isti
1511 3109 1689 3157 conspectu
1703 3122 1809 3145 terum
1822 3124 1895 3147 non

79 3146 154 3182 sunt
165 3152 330 3184 contenti?
343 3152 528 3201 Expugnaffi·
537 3152 630 3197 fidem
639 3154 769 3191 dicitur,
779 3167 850 3188 non
860 3157 938 3200 quia
950 3154 988 3188 sit
998 3168 1055 3203 per
1065 3154 1094 3195 se
1104 3156 1337 3204 expugnabilis
1347 3157 1435 3198 fides,
1449 3155 1499 3192 sed
1511 3158 1600 3205 qubd
1612 3171 1682 3192 eam
1694 3160 1729 3191 in
1741 3157 1896 3194 homini·-

77 3194 139 3231 bus
150 3194 289 3231 infirmis
300 3198 487 3236 destruebat.
496 3203 651 3243 Praeterea
662 3213 800 3241 conatus
811 3204 915 3250 magis
925 3201 1096 3251 respicitur
1108 3206 1209 3251 quam
1221 3203 1366 3240 effectus.

125 3256 170 3289 24
219 3246 436 3291 Glorificabant
444 3252 475 3283 in
484 3254 554 3295 me.)
581 3251 658 3284 Hoc
669 3249 878 3286 luculentum
890 3250 1020 3298 signum
1032 3263 1109 3292 erat,
1127 3253 1318 3302 approbrari
1328 3253 1367 3287 ab
1378 3253 1536 3292 omnibus
1548 3252 1661 3286 ludaeae
1671 3253 1812 3289 ecclesiis
1824 3257 1896 3290 eius

79 3290 301 3327 ministerium
313 3307 320 3327 z
333 3298 365 3328 &
378 3297 422 3329 ita
431 3298 615 3345 approbari,
624 3309 659 3332 vt
670 3310 746 3333 cum
758 3299 977 3335 admiratione
987 3303 1021 3334 &
1032 3300 1127 3336 laude
1135 3300 1350 3348 agnoscerent
1362 3304 1516 3337 eximiam
1527 3303 1591 3335 Dei
1602 3303 1771 3337 virtutem.
1787 3305 1834 3337 Ita
1845 3303 1891 3337 ob

58 3349 60 3351 ’
74 3339 165 3388 lique
176 3341 364 3391 perstringit
373 3343 566 3385 maleuolos,
577 3346 669 3394 quod
679 3345 736 3382 suo
748 3346 856 3383 liuore
867 3351 900 3382 &
912 3347 1088 3385 calumniis
1098 3349 1165 3384 hoc
1175 3350 1304 3384 tantum
1313 3348 1544 3396 proficiant,vt
1554 3346 1729 3384 obscurent
1741 3352 1804 3385 Dei
1814 3351 1891 3398 glo-
