2268 3705
0 873 2 889 l

538 100 646 151 'AD
694 98 1052 152 TIMOTH·
1101 102 1415 152 CAP·V1.⁴
1850 118 1908 166 303

63 176 231 216 orainatio
245 173 340 227 potu.
351 187 431 211 nam
438 171 579 210 'verbum
594 174 758 216 u‘aepowmfv
768 173 834 209 hoc
845 173 1016 223 fignificat.
1029 177 1091 210 Sed
1102 187 1160 210 cur
1171 188 1243 210 non
1265 175 1459 224 simpliciter
1467 179 1611 216 consulit
1621 194 1654 218 vt
1664 180 1754 219 bibat
1768 188 1899 222 vinum.>

62 230 202 265 Videtur
214 229 317 264 eviii-n,
327 236 432 272 quum
443 222 628 271 pauxillum
637 224 737 261 addit,
748 223 832 257 velle
842 224 980 259 obuiam
991 227 1038 259 ire
1047 227 1327 272 intemperantiae:
1340 227 1433 271 quod
1445 241 1515 262 non
1528 228 1590 263 fuit
1602 234 1778 268 verendum
1792 238 1825 270 in
1838 239 1901 270 Ti-

63 273 215 313 mdtheo,
226 273 438 322 Ruespondeo,
451 272 516 307 hoc
526 276 639 319 potius
652 270 743 306 fuiffe
753 271 933 322 expressum
944 283 978 307 vt
987 284 1172 308 occurreret
1182 274 1416 320 improborum
1429 275 1607 312 calumniis
1617 305 1627 318 ,
1650 282 1770 326 quibus
1783 297 1900 330 prom-

61 337 159 376 ptum
170 313 295 370 alioqui
306 318 413 356 fuiffet
424 322 494 354 eius
509 319 686 355 consilium
697 319 902 361 subsannare,
913 320 978 357 hoc
990 320 1112 357 scilicet
1121 321 1245 359 colore,
1255 335 1310 357 aut
1321 322 1432 363 simili,
1442 325 1562 370 Q÷1lis
1575 327 1683 362 isthaec
1694 332 1737 364 est
1749 332 1899 378 philoso-

61 373 153 424 phia,
166 385 238 419 quae
248 370 286 404 ad
299 368 484 417 potandum
495 371 613 403 vinum
625 371 753 404 incitat?
788 381 832 403 aec
849 381 892 403 ne
902 371 954 402 via
964 370 1007 403 est
1017 373 1128 417 quain
1139 369 1256 405 caelum
1274 371 1526 406 conscenditur?
1552 378 1594 409 Vt
1606 377 1768 412 eiusmodi
1783 379 1898 416 sannas

61 422 239 470 Psaeucniat
251 416 431 466 Apostolus
440 439 450 454 ‚
469 417 601 454 testatur
613 415 644 454 se
655 415 833 452 necess'itati
867 418 1025 451 duntaxat
1034 417 1203 468 copsulere
1216 432 1224 452 ε
1244 422 1552 456 &mediocritatem
1565 422 1660 459 simul
1671 431 1896 463 commendat.

59 473 205 518 Apparet
214 478 324 501 autem
335 465 558 500 Timotheum
570 478 640 500 non
652 465 810 515 frugalem
822 466 950 501 tantum
961 468 997 500 in
1007 466 1165 505 vi&u‚sed
1176 469 1273 502 etiam
1284 470 1447 504 austerum
1459 469 1562 505 fuiss'e:
1573 484 1606 506 vt
1615 477 1673 520 qui
1684 488 1725 508 ne
1736 476 1898 511 valetudi-

57 521 94 554 ni
109 517 244 564 quidem
257 513 318 550 stiae
328 525 484 562 parceret.
496 516 545 548 Ac
556 525 683 548 certum
695 515 738 548 est
749 527 858 560 neque
868 514 1055 549 ambitione
1067 516 1099 549 id
1110 516 1151 549 ab
1161 529 1213 553 eo,
1225 529 1333 563 neque
1345 516 1576 565 superstitione
1585 521 1677 555 fuiffi·
1686 522 1773 558 fastu
1781 528 1898 560 m.Vn-

59 567 98 600 de
108 563 300 611 colligimus
311 587 320 601 ‚
343 571 413 597 non
426 561 530 597 m'odb
541 563 560 596 ὲ
570 561 648 597 luxu
662 566 696 598 &
716 562 842 596 deliciis
862 561 954 598 fuiffe
971 561 1224 598 alieniffimurn:
1241 562 1292 598 sed
1305 579 1374 612 quo
1387 565 1527 602 solutior
1540 568 1613 604 esset
1624 572 1662 604 ad
1677 585 1762 620 opus
1773 575 1898 607 Domi—

55 617 91 651 ni
103 613 232 659 aliquid
252 614 352 646 ctiam
364 624 402 645 ex
413 611 587 646 ordinariis
604 610 771 645 alimentis
792 609 958 645 rescidiffc.
1020 612 1141 658 Neque
1159 614 1248 646 enirn
1263 626 1395 652 natura,
1412 615 1462 649 scd
1476 621 1693 654 continentiae
1713 623 1820 656 studio
1833 633 1899 656 erat

54 662 243 698 gbstemius.
253 662 299 696 At
309 660 409 707 quam
428 661 525 708 pauci
535 658 636 693 hodie
648 657 722 694 sunt
734 659 855 705 quibus
869 658 992 694 neceffe
1003 659 1040 695 sit
1050 673 1135 708 aqua
1147 662 1351 696 interdicere.
1374 666 1473 709 quam
1489 667 1586 702 multi
1599 670 1676 702 vero
1688 672 1745 715 qui
1767 672 1899 705 restrin-

55 711 155 759 gendi
166 709 227 744 fint
236 709 277 745 ad
286 707 434 744 sobrium
445 709 517 742 vini
538 710 682 757 potum?
717 707 822 741 Porrb
835 707 891 743 hic
902 720 1035 756 apparet
1053 711 1154 756 quarn
1170 709 1207 745 sit
1217 710 1340 745 neccffc
1349 712 1448 746 nobis
1460 717 1559 749 etiam
1571 716 1625 750 vbi
1637 718 1723 752 reete
1734 731 1829 766 agere
1839 732 1899 754 cu-

54 762 181 809 pimus,
194 752 346 807 spiritum
357 757 539 805 prudentiae
549 757 731 790 §.Domino
743 766 870 803 petere,
886 759 945 803 qui
955 771 1017 792 nos
1030 759 1293 795 mediocritatem
1306 760 1431 794 doceat.
1452 763 1596 797 Rectum
1608 769 1742 812 quidem
1757 768 1897 816 scopum

43 806 255 846 *Timotheus
267 805 440 855 speaabat:
451 802 503 840 sed
513 806 592 852 quia
604 804 854 852 reprehenditur
863 807 881 839 ὲ
892 808 1014 853 Spiritu
1029 808 1113 844 Dei,
1126 807 1286 843 excess‘um
1299 807 1415 843 austeri
1433 812 1541 845 vietus
1554 814 1791 859 cognoscimus
1810 820 1844 851 in
1856 811 1896 851 eo

47 855 147 893 fuisse
158 852 329 890 vitiosum.
343 852 450 888 Simul
463 854 603 889 traditur
617 851 778 902 generalis
790 852 915 900 regula,
929 855 981 888 Sic
992 857 1026 888 in
1038 854 1115 889 cibo
1128 860 1162 890 ὃ(
1174 868 1257 903 potu
1271 859 1519 905 temperandum
1534 861 1632 895 nobis
1644 863 1715 901 else,
1729 877 1762 899 vt
1774 865 1896 914 singuli

51 904 253 939 valetudinis
264 900 325 937 suae
336 905 499 937 rationem
512 900 665 938 habeant,
676 913 747 935 nou
758 903 832 936 vitae
841 903 1057 950 prorogandae
1067 902 1173 945 causa,
1184 904 1234 939 sed
1243 917 1277 939 vt
1287 907 1435 952 quandiu
1446 910 1578 948 viuunt,
1589 911 1667 944 Deo
1683 917 1715 946 Sc.
1727 919 1892 961 proximis

0 938 2 999 f
51 951 141 1001 frugi
150 951 219 987 'sint
228 962 328 998 atque
338 950 444 985 vtiles.
455 949 561 996 de
570 947 592 985 fi
603 948 810 998 improbatur
821 953 926 985 nimia
937 954 1158 990 continentia,
1170 954 1249 988 dum
1262 954 1400 989 morbos
1410 955 1540 991 accersit
1552 959 1602 992 vel
1614 958 1707 994 fouet
1722 989 1730 999 ‚
1753 969 1896 1008 quamuis

52 1001 133 1037 absit
143 1000 328 1048 superstitio
340 1012 409 1047 quo
425 998 503 1033 loco
516 996 666 1033 habenda
678 1000 737 1032 erit
750 997 1021 1034 Cartufianorum
1032 999 1224 1043 obstinatio,
1235 1003 1356 1049 quibus¹
1373 1007 1457 1038 mori
1467 1004 1563 1041 satius
1574 1008 1618 1043 est
1630 1010 1731 1055 quam
1746 1023 1780 1045 in
1794 1025 1897 1047 extre-

53 1063 109 1085 ma
120 1046 306 1085 neceffitate
315 1046 498 1096 pauxillum
511 1049 618 1081 carnis
628 1047 754 1094 gustare
764 1054 773 1079 ἓ
784 1046 876 1094 qubd
885 1047 906 1081 fi
919 1051 1024 1095 parcis
1035 1053 1069 1083 &
1081 1048 1197 1085 sobriis
1207 1054 1446 1099 praecipiturne
1456 1053 1679 1091 valetudinem
1692 1071 1830 1104 grauent
1841 1064 1897 1096 ni-

51 1101 120 1134 mia
130 1095 340 1146 parsimonia,
352 1108 423 1130 non
435 1095 518 1130 leuis
527 1107 628 1143 poena
639 1097 895 1142 intemperantes
908 1101 1092 1143 manet,qui
1104 1100 1187 1133 vires
1201 1099 1476 1148 luas‚ingluuiem
1487 1101 1669 1146 farciendo,
1682 1112 1894 1156 opprimunt.

50 1147 125 1183 Nec
136 1145 216 1180 verb
228 1144 388 1179 monendi
402 1141 487 1182 sunt,
501 1141 552 1178 sed
564 1154 722 1190 tanquam
733 1143 836 1179 brutae
845 1145 986 1192 pecudes
995 1146 1013 1179 a
1024 1145 1148 1192 pabulo
1159 1149 1300 1183 arcendi.

88 1215 89 1218 ,
101 1206 145 1241 24
194 1191 402 1241 Qorundam
411 1191 720 1241 hominumpeccata.)
770 1194 946 1238 Qoniam
958 1193 1043 1228 nihil
1055 1195 1098 1229 est
1108 1197 1200 1242 quod
1211 1199 1315 1244 magis
1326 1201 1488 1234 excruciet
1503 1198 1613 1235 fideles
1624 1203 1770 1241 Ecclcfiae
1791 1209 1896 1241 mini-

50 1244 144 1282 stros,
160 1244 263 1292 quam
275 1241 331 1276 vbi
346 1240 442 1277 malis
453 1242 656 1289 corrigendis
667 1239 795 1275 nullam
807 1242 919 1275 vident
928 1245 1104 1277 rationem:
1114 1243 1169 1278 vbi
1180 1257 1348 1292 coguntur
1358 1246 1439 1282 ferre
1450 1249 1640 1296 hypocritas
1649 1275 1658 1289 ,
1672 1265 1818 1298 quorum
1834 1269 1896 1290 ne-

51 1294 196 1340 quitiam
206 1290 412 1338 intelligunt:
425 1289 550 1324 multos
560 1289 703 1336 quisunt
713 1293 821 1324 noxiae
831 1288 947 1337 pestes,
959 1303 1131 1338 nequeunt
1142 1305 1249 1327 arcere
1258 1293 1298 1327 ab
1309 1295 1448 1330 Ecclesia
1467 1320 1476 1334 ‚
1488 1309 1524 1331 ac
1534 1311 1577 1331 ne
1588 1301 1747 1349 impedire
1756 1304 1894 1348 quidem

50 1342 236 1388 quominus
246 1338 457 1376 clandestinis
467 1338 591 1372 artibus
601 1351 767 1372 venenum
780 1338 874 1372 suum
886 1336 1047 1387 spargant.
1058 1340 1119 1374 hac
1132 1339 1364 1377 consolatione
1373 1342 1500 1379 sustetat
1512 1346 1630 1381 Paulus
1656 1350 1893 1390 Timotheum,

50 1389 124 1425 fore
142 1400 178 1422 vt
190 1387 373 1435 aliquando
382 1411 393 1426 ,
405 1386 463 1421 vbi
472 1388 547 1421 Deo
566 1385 671 1421 visum
682 1385 791 1423 fuerit,
802 1386 1035 1434 protrahantur
1045 1390 1080 1422 in
1092 1389 1250 1424 medium.
1284 1394 1331 1425 Ita
1341 1393 1380 1425 ad
1391 1392 1600 1428 tolerantiam
1615 1410 1689 1430 eum
1703 1397 1892 1436 confirmat:

48 1439 130 1486 quia
139 1450 236 1483 aequo
246 1439 363 1471 animo
376 1435 578 1483 expedhnda,
595 1436 638 1469 est
648 1437 893 1482 opportunitas,
906 1447 1006 1482 quam
1016 1437 1108 1471 Deus
1124 1449 1186 1487 pro
1195 1436 1249 1472 sua
1261 1438 1420 1487 sapientia
1430 1443 1611 1489 praestituit.
1622 1447 1709 1480 Mire
1721 1449 1820 1482 etiam
1832 1462 1894 1496 pro

46 1485 110 1521 bos
122 1489 155 1521 δι
167 1484 297 1520 sanctos
308 1485 452 1519 Pastores
463 1494 597 1530 torquet
606 1482 706 1518 altera
715 1484 895 1532 indignitas
907 1510 916 1524 ‚
940 1484 1031 1531 quod
1041 1485 1098 1519 vbi
1109 1484 1238 1521 summa
1255 1489 1445 1535 integritate
1460 1513 1470 1527 ,
1489 1488 1604 1525 officio
1614 1492 1783 1540 perfuncti
1806 1496 1892 1536 sunt,

48 1533 166 1571 multis
179 1536 305 1580 iniquis
314 1531 521 1567 sermonibus
533 1532 806 1579 perstringuntur,
819 1544 1000 1566 onerantur
1010 1533 1193 1582 multiplici
1204 1537 1342 1571 inuidia.
1353 1539 1467 1572 vident
1478 1542 1547 1586 rapi
1560 1542 1595 1574 in
1607 1546 1805 1578 contrariam
1818 1558 1894 1592 par-

45 1594 116 1618 tem
126 1595 199 1629 qua:
207 1581 338 1616 laudem
351 1580 568 1616 merebantur.
588 1581 659 1614 Hac
671 1582 770 1615 etiam
780 1593 817 1614 ex
829 1591 919 1628 parte
929 1579 1082 1616 subuenit
1093 1583 1226 1625 Paulus,
1232 1597 1338 1631 quum
1347 1587 1504 1621 admonet
1517 1589 1738 1625 Timotheum
1743 1594 1895 1639 ,quibus-

47 1631 124 1666 darn
135 1630 236 1665 bonis
246 1628 414 1678 operibus,
425 1628 535 1664 lucem
545 1630 580 1662 in
593 1627 683 1662 aliud
694 1639 826 1675 tempus
835 1627 1000 1665 reseruari.
1022 1633 1138 1677 Itaque
1146 1631 1167 1665 si
1179 1631 1249 1667 laus
1259 1646 1376 1668 eorum
1396 1635 1486 1681 quasi
1498 1634 1555 1672 sub
1569 1648 1689 1673 terram
1708 1640 1894 1677 defodiatur

45 1678 232 1715 hominum
242 1678 492 1726 ingratitudine,
505 1677 538 1710 id
549 1689 686 1723 quoque
696 1676 828 1725 placido
839 1680 954 1712 animo
966 1677 1026 1712 esse
1034 1678 1259 1715 sustinendum
1271 1705 1281 1719 ,
1298 1683 1406 1717 donec
1415 1684 1629 1721 reuelationi's
1639 1698 1771 1736 tempus
1793 1692 1894 1726 adue-

47 1731 130 1763 niat.
141 1730 347 1775 Quanquam
358 1739 429 1761 non
440 1725 493 1760 his
504 1724 610 1760 solum
623 1725 717 1759 malis
730 1727 879 1760 medetur
896 1725 965 1762 :sed
975 1729 1053 1773 quia
1063 1740 1125 1762 nos
1136 1728 1173 1763 sae
1201 1743 1217 1762 e
1227 1728 1297 1763 falli
1308 1734 1479 1780 contingit
1490 1735 1525 1767 in
1537 1733 1698 1782 eligendis
1716 1739 1891 1779 Ministris,

46 1777 130 1811 dum
142 1774 171 1810 se
183 1776 314 1822 indigni
326 1774 428 1809 astute
437 1772 617 1811 insinuant,
627 1773 712 1809 boni
722 1785 832 1809 autem
844 1774 943 1810 nobis
953 1777 1027 1810 sunt
1036 1777 1158 1823 ignoti:
1192 1778 1288 1812 einde
1298 1780 1423 1815 etiamsi
1434 1794 1506 1816 non
1516 1794 1660 1818 erremus
1671 1785 1729 1833 ipfi
1742 1788 1893 1823 iudican-

44 1825 102 1864 do,
117 1837 188 1860 non
197 1835 310 1860 tamen
319 1822 392 1858 aliis
403 1821 542 1870 probare
556 1823 718 1857 iudicium
729 1824 878 1858 nostrum
891 1822 1073 1871 possumus:
1083 1822 1137 1859 sed
1150 1827 1209 1873 qui
1218 1829 1343 1875 optimi
1354 1826 1440 1867 sunt,
1454 1831 1682 1876 repudiantur,
1695 1834 1795 1869 nobis
1807 1848 1892 1872 con-

45 1875 96 1908 tra
106 1871 301 1908 nitentibus:
314 1870 393 1907 mali
401 1882 513 1907 autem
523 1869 576 1905 vel
585 1870 763 1917 obrepunt,
776 1870 829 1905 vel
839 1870 868 1905 se
880 1872 1085 1907 obtrudunt:
1107 1871 1178 1908 fieri
1189 1888 1259 1911 non
1271 1877 1377 1923 potest
1388 1880 1472 1924 quin
1483 1892 1547 1913 nos
1568 1893 1692 1928 magno
1720 1896 1771 1918 ere
1789 1898 1890 1934 angat

44 1922 155 1956 nostra
167 1925 200 1956 &
211 1919 358 1957 Ecclefiae
368 1920 532 1955 conditio.
544 1922 659 1966 ltaque
667 1918 787 1954 Paulus
798 1922 834 1954 in
845 1918 1026 1955 offenfione
1034 1921 1086 1955 vel
1099 1919 1258 1964 tollenda,
1269 1923 1321 1958 vel
1332 1923 1445 1960 saltem
1455 1924 1653 1964 subleuanda
1661 1895 1799 1967 lafiorat.
1811 1935 1891 1970 Haec

43 1971 148 2017 igitur
158 1968 286 2004 summa
299 1966 346 2006 (it,
356 1967 487 2005 ferenda
495 1965 555 2002 esse
565 1980 637 2015 quae
647 1968 755 2002 statim
766 1970 889 2016 corrigi
900 1981 1074 2016 nequeunt
1082 1993 1091 2007 ‚
1115 1971 1316 2017 gemendum
1326 1972 1382 2007 vbi
1394 1976 1546 2009 nondum
1559 1979 1706 2013 remedio
1726 1981 1889 2018 idoneum

46 2019 90 2052 est
102 2029 243 2066 tempus.
265 2017 391 2052 morbis
401 2030 473 2053 non
484 2014 544 2051 esse
553 2018 622 2051 vim
641 2015 861 2051 adhibendam
873 2017 980 2053 donec
989 2017 1042 2051 vel
1053 2022 1274 2054 maturuerint
1283 2046 1293 2061 ‚
1307 2022 1357 2055 vel
1368 2022 1523 2070 patefacti
1534 2023 1613 2059 sint:
1636 2027 1742 2063 rursus
1755 2033 1888 2076 quoties

42 2068 161 2101 virtuti
181 2079 251 2100 non
262 2065 400 2100 habetur
411 2063 485 2102 suus
498 2064 610 2099 honor
619 2087 628 2101 ‚
654 2065 895 2117 expectandum
907 2064 967 2099 effe
978 2077 1146 2101 maturum
1157 2067 1370 2104 reuelationis
1382 2083 1514 2119 tempus
1527 2096 1536 2110 ‚
1555 2086 1591 2108 ac
1601 2074 1811 2112 tolerandum
1826 2077 1888 2114 esse

44 2115 164 2149 mundi
176 2115 356 2162 stuporem,
367 2126 404 2148 ac
438 2112 648 2148 uiescenduin
660 2113 719 2146 esse
731 2115 767 2146 in
777 2112 921 2147 tenebris
929 2114 1038 2149 donec
1047 2114 1181 2149 illuceat
1191 2117 1270 2151 dies.
1282 2120 1390 2153 Venio
1401 2132 1492 2154 nunc
1503 2122 1542 2155 ad
1553 2122 1839 2173 verba,postquam
1850 2130 1886 2162 re?

41 2162 190 2198 breuiter
200 2161 396 2210 complexus
409 2126 491 2196 Him-
509 2162 627 2207 Qum
638 2161 718 2196 dicit
731 2171 859 2209 peccata
869 2161 1058 2207 quorundam
1072 2163 1223 2199 hominum
1233 2164 1303 2198 ant&
1312 2167 1504 2214 manifestata
1516 2170 1744 2221 effl‚intelligit
1756 2177 1883 2211 mature

39 2209 200 2259 patefieri,
213 2215 248 2245 δε
259 2209 347 2258 quasi
358 2222 434 2246 ante
443 2221 575 2257 ternpus
585 2210 717 2257 prodire
734 2212 772 2243 in
783 2212 940 2244 notitiam
950 2211 1142 2246 hominum.
1155 2214 1196 2247 Et
1209 2213 1275 2248 hoc
1286 2213 1503 2251 similitudine
1513 2222 1669 2266 exprimit
1684 2245 1694 2258 ,
1706 2223 1795 2269 quasi
1805 2236 1885 2259 cur-

39 2260 145 2294 rendo
158 2257 311 2296 festinent
331 2259 370 2293 ad
382 2256 478 2293 suum
490 2259 664 2293 iudicium.
683 2258 844 2292 Videmus
859 2262 951 2293 enim
962 2271 998 2294 vt
1008 2260 1296 2309 multipraecipites
1308 2276 1404 2298 ruant
1413 2291 1423 2305 ,
1448 2265 1633 2315 sponte'que
1642 2270 1804 2306 accersant
1820 2272 1881 2308 sibi

42 2308 306 2342 damnationem:
317 2306 441 2342 etiamfi
452 2317 542 2341 totus
554 2307 671 2340 msldus
680 2304 787 2340 saluos
799 2309 921 2354 cupiat.
934 2310 1078 2354 Qoties
1092 2321 1203 2344 autern
1215 2311 1248 2344 id
1256 2314 1386 2350 accidit,
1399 2311 1562 2350 succurrat
1573 2318 1806 2356 nobis,arcan0
1818 2323 1883 2356 Dei

42 2356 262 2403 prouidentiae
273 2367 367 2390 motu
383 2355 530 2402 instigari
539 2353 700 2402 reprobos
711 2366 746 2389 vt
759 2354 889 2403 spumas
902 2353 972 2391 suas
983 2359 1173 2404 proiiciant.
1222 2362 1260 2393 In
1270 2360 1686 2410 quibufilamfhbftquuntnr.
1725 2369 1830 2416 de
1842 2372 1885 2404 E-

41 2402 164 2438 rasmus
175 2402 461 2451 vertit‚Qsdam
474 2402 727 2451 subsequuntur,
738 2416 809 2438 non
819 2406 956 2453 recipio.
966 2406 1109 2442 Tametsi
1121 2407 1250 2442 videtur
1260 2409 1293 2443 id
1304 2410 1425 2446 Graecae
1435 2413 1678 2449 construetioni
1690 2421 1795 2464 magis
1804 2431 1888 2464 qua—

41 2452 144 2490 drare,
156 2450 261 2486 sensus
273 2464 384 2487 tamen
397 2451 539 2500 postulat
550 2463 583 2486 vt
593 2450 803 2487 subaudiatur
813 2452 973 2501 particula
981 2455 1019 2488 ἐν.
1036 2452 1124 2490 casus
1137 2456 1227 2490 enim
1248 2461 1391 2493 mutatio
1404 2473 1473 2494 non
1485 2460 1576 2495 tollit
1589 2464 1775 2500 antithesin.
1795 2467 1887 2502 Nam

39 2499 138 2535 sicuti
146 2497 270 2536 dixerat
289 2501 501 2548 quorundam
512 2511 649 2549 peccata
664 2499 812 2535 celeriter
823 2502 861 2534 ad
873 2502 1035 2538 iudicium
1048 2501 1142 2538 suum
1155 2502 1323 2540 festinare:
1337 2509 1548 2554 quorundam
1563 2511 1629 2556 (vel
1639 2511 1797 2559 aliorum)
1820 2526 1888 2549 tar-

41 2549 115 2583 dius
124 2551 237 2584 venire
249 2552 284 2584 in
294 2551 465 2589 notitiam,
478 2551 523 2582 ita
532 2561 625 2585 nunc
635 2547 816 2585 econuerso
828 2549 926 2584 addit.
937 2551 999 2585 Sed
1009 2550 1086 2586 loco
1101 2554 1256 2599 genitiui‚
1267 2555 1377 2602 posuit
1386 2557 1551 2599 datiuum,
1564 2561 1599 2593 in
1611 2559 1694 2595 aliis.
1714 2561 1888 2610 Significat

38 2608 151 2632 autem
160 2622 171 2636 ‚
196 2608 368 2645 vtcunque
386 2599 510 2632 diutius
521 2598 623 2644 quam
634 2608 788 2644 optemus
798 2596 920 2635 lateant
930 2601 1142 2646 quorundam
1155 2613 1289 2647 peccata
1298 2626 1308 2641 ‚
1330 2608 1363 2639 Sc
1375 2604 1464 2638 tarde
1476 2605 1685 2653 proferantur
1696 2612 1731 2644 in
1753 2611 1863 2647 lucem
1873 2635 1885 2652 ,

40 2658 114 2680 non
124 2656 236 2681 tamen
248 2646 412 2694 perpetub'
421 2646 490 2680 fore
501 2644 643 2682 occulta.
654 2657 732 2680 iiam
745 2649 778 2679 &
791 2644 858 2693 ipsa
867 2658 999 2695 tempus
1008 2647 1104 2683 suum
1114 2649 1295 2686 habebunt.
1310 2653 1415 2699 Qod
1429 2653 1450 2687 si
1462 2665 1575 2690 tamen
1588 2660 1692 2704 t'nagis
1705 2657 1834 2706 placeat
1844 2662 1887 2695 E-

41 2692 137 2728 rasmi
147 2694 249 2730 verfio
259 2719 269 2733 ,
285 2696 373 2731 idem
384 2705 514 2732 maneat
526 2692 632 2732 sensus
642 2692 767 2730 necesse
778 2695 830 2732 est:
846 2708 968 2745 nempe
978 2699 1121 2746 quanuis
1133 2711 1204 2734 non
1215 2711 1370 2748 properet
1382 2703 1447 2736 Dei
1458 2704 1606 2740 vindicta
1615 2729 1626 2743 ,
1636 2707 1654 2743 a
1665 2711 1759 2757 tergo
1771 2719 1882 2744 tamen

40 2740 131 2777 lente
143 2740 304 2791 subsequi.

91 2799 126 2835 25
174 2793 364 2830 Similiter&
375 2789 479 2835 bona.)
525 2790 702 2838 ,Significat
712 2817 722 2831 ‚
741 2793 909 2828 interdum
920 2796 1078 2842 pietatem
1103 2799 1138 2831 &
1148 2796 1227 2832 alias
1237 2800 1373 2833 virtutes
1385 2800 1511 2835 mature*
1522 2813 1559 2836 ac
1580 2803 1775 2850 tempestiue
1794 2804 1884 2841 suam

40 2835 171 2872 laudem
181 2841 267 2888 apud
279 2840 435 2876 homines
449 2838 579 2877 habere,
589 2851 624 2874 vt
634 2842 670 2874 in
681 2843 787 2887 pretio
797 2840 858 2876 fint
869 2841 963 2877 boni.
979 2843 1085 2890 de
1095 2843 1118 2878 fi
1126 2843 1216 2880 secus
1231 2847 1366 2885 accidat,
1377 2861 1448 2883 non
1460 2860 1571 2884 tamen
1583 2851 1747 2899 passurum
1758 2855 1884 2889 Domi·

40 2898 128 2920 num
137 2898 172 2920 vt
183 2889 342 2937 perpetuo
353 2890 564 2937 opprimatur
576 2890 773 2923 innocentia
786 2893 819 2925 &
833 2892 1014 2939 integritas.
1026 2891 1106 2941 saepe
1117 2896 1208 2929 enim
1218 2895 1407 2936 calumniis,
1420 2909 1577 2944 tanquam
1588 2900 1734 2936 nubibus
1744 2925 1756 2940 ,
1766 2900 1885 2938 obscu-

41 2944 143 2968 ratur:
159 2933 213 2970 sed
223 2936 523 2984 tandemimpletur
532 2936 628 2977 illud,
638 2938 749 2972 Deum
763 2937 866 2973 facere
875 2950 911 2974 vt
922 2939 1082 2987 refulgeat
1092 2942 1191 2978 instar
1201 2956 1334 2978 aurorae:
1346 2945 1460 2980 verum
1472 2949 1589 2982 animo
1601 2949 1783 2996 tranquillo
1796 2964 1884 2999 opus

40 2983 87 3017 est
95 2983 136 3016 ad
145 2980 555 3020 sustinendum.Homines
568 2986 659 3021 enim
670 2984 791 3021 sumus:
804 2988 915 3034 itaque
925 2987 1051 3036 semper
1059 2990 1241 3026 videndum
1253 3005 1355 3039 quem
1367 2995 1507 3029 modum
1519 2996 1637 3031 habeat
1644 2995 1756 3032 nostra
1765 3001 1886 3046 cogni—

41 3032 152 3072 tio‚nc
162 3031 246 3067 vltra
257 3035 520 3082 progrediamur:
533 3045 613 3070 nain
624 3035 658 3070 id
668 3033 741 3070 esset
753 3035 822 3069 Dei
834 3034 987 3074 officium
997 3038 1096 3073 nobis
1105 3051 1266 3088 arrogare.

768 3126 799 3159 C
819 3127 851 3159 A
871 3126 895 3159 P
934 3127 965 3160 V
982 3129 1007 3159 Ι.

151 3196 329 3249 Virumque
333 3192 396 3248 fieb
411 3199 486 3253 iugo
487 3195 574 3251 fiant
574 3196 679 3253 serui,
675 3195 757 3253 fiaes
771 3199 931 3238 dominos
939 3201 1037 3239 omni
1043 3197 1172 3242 bonore
1179 3201 1304 3259 dignos
1313 3203 1566 3254 existimentzvt
1572 3220 1618 3245 ne
1628 3211 1701 3248 Dei
1707 3223 1837 3251 nomen
1846 3211 1890 3258 ἀ·

151 3249 309 3290 άαδῗνὶηα
319 3248 572 3306 blasphemetur.

173 3323 195 3346 2.
250 3313 329 3361 Qt
337 3318 450 3346 autem
450 3308 576 3359 fideles
586 3308 717 3351 hahent
724 3311 896 3358 domim,
909 3325 954 3350 ne
961 3311 1151 3370 despiciant
1166 3329 1204 3355 eo
1215 3313 1603 3373 qubdftatresfhntfid
1612 3319 1891 3379 magustrus'aem,

41 3361 335 3427 qubdfidelesssmf
345 3362 386 3420 &f
396 3362 528 3422 dilea‘itfi,
541 3366 581 3415 ἀ·
589 3363 1010 3428 βωσχῖςςηξίαμνῑίαὶυεῧ

1910 2870 1992 2901 Dent?
2002 2873 2089 2909 1233.

1910 2915 2053 2954 Mat.13.f
2064 2923 2111 2950 43«.
