2268 3705
290 107 355 155 ³84
821 99 914 148 IN
948 100 1001 153 115.
1030 98 1221 150 E-PIJS
1246 97 1302 149 T-,
1350 94 1622 149 PAVLI

300 175 392 211 nudo
405 168 787 222 gloriabantunilli'cque
798 166 984 217 peruersam
996 166 1106 202 salutis
1117 165 1274 201 fiduciam
1285 163 1496 209 collocabant
1508 178 1515 198 :
1526 165 1607 199 dicit
1617 161 1677 198 esse
1687 161 1935 200 maledictionis
1947 163 2148 209 symbolum.

301 227 381 272 quia
392 224 452 258 illo
465 220 494 258 se
508 223 665 257 homines
676 219 828 266 obligent
836 217 1077 252 adseruandam
1093 212 1280 250 vniuersam
1292 214 1429 260 Legem.
1458 215 1568 248 Sumit
1584 215 1676 246 enim
1685 213 1815 247 tantum
1835 214 1927 260 quod
1938 212 2148 263 pseudoapo—

302 271 379 308 stol}
390 269 633 320 opinabantur:
645 271 724 316 quia
734 281 805 303 non
816 264 969 301 aduersus
978 263 1097 313 puram
1118 265 1185 297 Diei
1196 262 1445 296 institutionem
1453 284 1464 299 ‚
1476 259 1528 295 sed
1537 258 1689 296 aduersus
1699 260 1968 299 eorumerrorei'n
1976 260 2033 296 illi
2041 263 2149 310 nego-

302 325 391 356 tium
402 322 456 356 est.
464 323 513 355 Ita
523 332 630 367 quum
642 316 825 352 multitudo
837 313 976 350 carnalis
986 310 1106 347 Mosen
1116 310 1290 346 anteferret
1300 309 1623 358 Christo‚propterea
1632 310 1724 356 quod
1735 308 2081 358 populum‘i'n'descruo
2092 319 2151 359 por.

302 384 410 406 annos
428 381 449 404 x
456 384 474 404 1.
481 394 490 403 .
501 369 699 406 aluerat,nec
710 365 799 399 aliud
812 366 848 398 in
857 365 986 398 Manna
993 359 1184 395 ceadual-et
1195 360 1296 406 quam
1307 359 1436 406 pastum
1446 361 1583 396 ventris,
1592 359 1879 405 quemadmodum
1889 371 1952 394 nec
1960 358 2050 395 aliud
2059 373 2150 406 quae-

303 420 404 454 rebat:
417 419 568 454 Christus
580 420 615 451 iu
626 412 838 462 responsione
848 414 895 446 no
905 409 1045 457 explicat
1058 409 1140 455 quid
1148 410 1230 444 Man
1243 406 1487 455 fignificauerir:
1500 407 1552 441 sed
1563 406 1636 442 aliis
1648 406 1808 442 omnibus
1819 406 2149 445 omiffizauditorum

256 486 261 488 ·
303 466 412 503 sensui
422 465 655 503 accommodat
666 464 855 497 orationem
867 459 956 493 suam
967 472 979 506 ι·
989 456 1051 492 acsi
1061 458 1182 505 dicerer
1192 479 1203 494 ,
1215 455 1326 500 Moses
1334 455 1432 492 vobis
1442 458 1477 490 in
1490 455 1623 490 summo
1634 459 1742 503 pretio
1753 457 1796 490 est
1804 479 1815 493 ,
1827 456 1978 503 adeoque
1996 458 2032 493 in
2040 457 2150 491 admi-

304 511 434 551 ratione
445 541 454 554 ,
465 508 626 561 tanquam
637 505 926 545 excellentissimus
936 505 1114 554 Propheta,
1123 503 1162 540 e'o
1173 504 1269 552 quod
1283 515 1416 552 patrum
1425 505 1609 544 vestrorum
1619 515 1749 539 ventres
1760 503 1958 552 saginauerit
1968 504 2151 539 indeserto.

304 567 381 600 Hoc
396 567 487 600 enim
504 575 608 597 vnum
620 557 882 595 mihiobiicitis:
897 568 959 603 ego
970 555 1066 603 yobis
1076 552 1256 589 nihilisum
1266 580 1276 594 ,
1288 556 1458 600 quianon
1469 551 1644 601 suppedito
1665 555 1786 590 ventris
1801 552 1981 589 alimenta(
2009 555 2115 600 Atqui
2127 553 2151 588 fi

305 617 390 648 tanti
400 613 506 649 facitis
517 611 631 645 cibum
643 604 917 654 corruptibilem:
940 604 1021 650 quid
1030 603 1069 638 de
1078 605 1166 637 Pane
1175 600 1314 637 viuifico
1323 600 1495 636 sentiendi}
1503 627 1514 642 ,
1524 600 1593 648 quo
1603 603 1723 635 animae
1733 603 2044 637 maternam-vitam
2054 602 2152 637 alun-

303 666 381 698 tur?
408 663 568 696 Videmus
581 670 672 704 ergo,
684 657 881 690 Dominum
891 652 960 687 illic
975 666 1046 687 non
1057 665 1119 700 pro
1130 652 1176 685 rei
1186 663 1303 685 natura
1314 676 1324 690 ,
1334 649 1389 684 sed
1402 652 1515 698 potius
1532 647 1676 684 exsensu
1695 651 1887 685 auditorum
1896 650 2002 697 loqui.
2028 651 2151 686 Paulus

303 723 416 746 autem
428 707 481 744 hic
493 721 565 742 non
576 708 763 753 impiorum
773 702 913 737 abusum
922 725 934 739 2
944 699 996 736 sed
1004 703 1070 735 Dei
1078 700 1327 735 ordinationem
1338 697 1472 747 spectat.
1495 699 1600 734 Porro
1617 701 1685 745 qut‘i
1694 699 1773 733 dicit
1784 711 1889 746 patres
1904 700 2042 735 eandem
2054 713 2152 735 man-

304 756 432 794 ducass'e
441 754 646 805 spiritualem
656 752 774 790 escam,
784 751 896 800 primo
911 749 1096 786 subindicat
1105 761 1179 795 quae
1190 747 1227 783 sit
1236 750 1502 783 Sacrainetorum
1513 750 1563 782 vis
1575 751 1608 782 δι
1620 745 1765 784 efficacia
1777 748 1913 782 :deinde
1921 747 2085 783 veteribus
2095 750 2152 783 Sa-

304 818 484 842 cramentis
496 807 595 852 Legis
605 806 675 838 vim
685 801 824 836 eandem
835 796 1014 835 constitiffe
1024 797 1383 844 ostendit‚quaeriostris
1393 796 1494 830 hodie
1505 794 1598 831 inest.
1612 798 1702 832 Nam
1713 795 1736 830 fi
1745 797 1827 830 Man
1838 795 2015 844 spiritualis
2026 809 2092 831 erat
2102 800 2152 832 ci-

305 854 531 901 bus‚sequitur
541 867 615 888 non
627 850 746 899 figuras
759 849 861 884 nudas
873 849 1030 882 ostentari
1037 845 1139 881 nobis
1151 848 1187 880 in
1197 847 1432 880 sacramentis:
1445 843 1497 879 sed
1506 843 1762 892 remfiguratam
1772 843 1868 878 simul
1878 844 1953 879 vere
1961 845 2152 897 dari-neque

303 907 397 940 enim
408 903 505 939 fallax
516 903 561 937 est
572 897 665 935 Deus
676 901 734 946 qui
748 897 827 945 figm
833 899 917 931 entis
927 894 1084 930 inanibus
1098 907 1161 930 nos
1172 893 1281 929 lactet.
1293 896 1436 941 Signum
1449 894 1584 940 quidem
1595 896 1638 928 eil
1649 891 1754 941 figuti,
1766 892 1783 926 s
1781 892 2048 941 ubstantia'imque
2060 892 2153 930 suain

302 951 489 989 tetinettsed
498 948 788 999 quemadmodum
796 943 930 980 ridiculi
941 943 958 978 s
956 955 1016 979 unt
1024 944 1159 992 Papistae
1168 966 1178 980 ²
1190 945 1249 989 qui
1258 941 1370 979 nescio
1381 955 1463 988 quas
1474 940 1756 989 metamorphoses
1765 939 1969 977 somniariita
1977 945 2153 977 veritatem

303 1006 339 1037 &
351 1001 492 1050 figuram
504 1012 584 1048 quas
594 1000 686 1033 Deus
696 992 1009 1041 coiunxit‚separare
1019 1005 1093 1029 non
1101 993 1147 1026 est
1157 993 1320 1027 nostrum.
1330 990 1557 1028 Coiifundunt
1567 990 1702 1041 Papillae
1714 1003 1782 1024 rem
1795 995 1827 1025 ὅ(
1840 990 2154 1038 liguum:diuellunt

301 1050 394 1099 signa
404 1052 421 1086 a
430 1049 528 1085 rebus
538 1046 669 1096 profani
680 1045 850 1082 homines,
859 1053 894 1076 vt
905 1039 1161 1076 Suenckfeldius
1175 1044 1208 1075 &
1220 1038 1343 1074 fimiles
1353 1052 1361 1072 :
1371 1051 1434 1074 nos
1446 1039 1709 1074 mediocritatem
1719 1037 1969 1080 seruemus,h'oc
1982 1041 2153 1083 est,tenea-

305 1096 641 1135 musiconiunctione
649 1096 668 1128 ὲ
676 1095 831 1127 Domino
842 1087 1049 1139 pofitain,sed
1057 1089 1259 1126 diffindimn:
1271 1101 1312 1122 ne
1323 1088 1416 1134 quod
1426 1091 1522 1123 vnius
1533 1088 1577 1122 est
1588 1090 1813 1136 propriuin‚in
1824 1087 1966 1123 alterum
1978 1101 2153 1137 perperam

304 1147 550 1183 transferamus.
561 1145 674 1179 Restat
687 1140 771 1175 illud
780 1139 961 1174 secundum
973 1139 1014 1171 de
1024 1149 1175 1172 veterum
1185 1135 1356 1183 signorum
1366 1138 1405 1170 εὖ
1415 1137 1534 1174 nostris
1546 1135 1772 1172 similitudine.
1783 1138 1917 1171 Notum
1929 1136 1973 1171 est
1985 1137 2154 1172 scholasti-

301 1203 380 1233 cum
390 1196 474 1232 illud
484 1194 833 1241 dogiria,Sacramenta
843 1189 960 1222 veteris
970 1188 1068 1234 Legis
1079 1182 1504 1232 figurall'egratiammostra
1512 1184 1590 1218 verb
1603 1184 1764 1220 conserte.
1774 1186 1840 1220 Hic
1850 1185 1945 1220 locus
1956 1187 1995 1220 ad
2005 1199 2153 1221 errorem

302 1245 401 1280 illum
416 1239 663 1280 confutandum
672 1238 766 1273 valde
778 1236 822 1272 est
832 1234 1016 1284 appositus.-
1027 1232 1160 1269 testatur
1170 1235 1261 1268 enim
1270 1246 1368 1271 ‚sion
1380 1235 1493 1268 minus
1504 1235 1607 1268 veteri
1619 1233 1749 1280 populo
1767 1246 1837 1268 rem
1847 1236 2050 1270 Sacramenti
2059 1232 2154 1269 fuiss'e

304 1293 490 1329 exhibitam
501 1292 604 1339 quam
616 1287 727 1324 uobis.
753 1287 860 1334 Impie
872 1287 973 1332 igitur
984 1283 1183 1318 Sorbonistae
1194 1281 1441 1317 sanetosAPattes
1453 1280 1512 1316 sub
1521 1282 1610 1329 Lege
1618 1284 1754 1316 veritate
1764 1281 1933 1329 (ignorum
1944 1282 2079 1318 caruiffe
2087 1282 2154 1318 fin-

303 1355 400 1392 gunt.
410 1341 514 1376 fateor
523 1339 660 1387 quidem
671 1333 854 1373 efficaciam
864 1333 1036 1383 [ignorum
1046 1343 1121 1368 tum
1132 1328 1311 1366 luculitius
1319 1346 1331 1371 ,-
1339 1340 1412 1364 tum
1424 1329 1553 1364 vberius
1563 1329 1662 1377 nobis
1677 1331 1823 1366 constare
1832 1332 1851 1366 a
1860 1332 1996 1366 Christo
2008 1334 2046 1367 in
2055 1344 2154 1367 carne

306 1389 536 1428 manifestato,
551 1389 654 1435 quam
674 1397 746 1419 eam
764 1382 942 1419 habuerint
960 1383 1078 1418 Patres.
1117 1382 1213 1414 lta'in
1229 1380 1330 1425 gradu
1351 1378 1527 1413 discrimen
1540 1379 1584 1413 est
1600 1379 1758 1418 duntaxat
1776 1383 1862 1414 inter
1879 1393 1942 1415 nos
1955 1384 1990 1415 δε
2000 1379 2088 1417 illos.
2096 1379 2155 1416 vel

308 1442 364 1483 (vt
376 1439 480 1487 vulgo
493 1439 630 1479 dicunt)
642 1432 825 1469 secundum
859 1430 910 1466 lus
921 1434 956 1464 &
970 1432 1082 1467 minus
1092 1452 1102 1466 ‚
1111 1428 1205 1475 quod
1214 1428 1346 1476 plenius
1356 1429 1685 1479 eadempercipimus
1695 1441 1758 1465 nos
1767 1452 1778 1466 ,
1788 1441 1859 1476 quae
1871 1428 1923 1463 illi
1935 1431 2068 1464 minore
2077 1430 2169 1464 rno-⁷

306 1491 368 1524 do:
380 1502 452 1524 non
461 1497 574 1522 autern
585 1483 678 1530 quod
687 1494 804 1520 vacuas
847 1491 942 1527 guras
959 1477 1137 1513 habuerint
1147 1500 1156 1514 ‚
1165 1489 1227 1511 nos
1235 1487 1346 1511 autem
1359 1489 1392 1511 re
1403 1479 1584 1524 potiamur.
1635 1476 1785 1521 Qdam
1803 1489 1978 1525 exponunt
1997 1477 2092 1524 quod
2101 1477 2156 1514 illi

306 1537 404 1573 simul
415 1539 500 1571 inter
508 1534 538 1569 se
549 1533 755 1567 maducatint
763 1529 903 1564 eandem
914 1526 1031 1564 escam,
1042 1538 1103 1561 nec
1114 1525 1235 1561 volunt
1242 1523 1419 1569 nobiscum
1430 1524 1509 1559 illos
1518 1523 1674 1562 conferri,
1683 1523 1735 1559 sed
1746 1538 1818 1560 non
1826 1526 2004 1560 attendunt
2012 1526 2053 1560 ad
2059 1525 2158 1572 Paulj

308 1585 499 1623 consilium.
537 1582 621 1629 quid
637 1583 728 1614 enim
740 1577 797 1613 hic
806 1579 876 1625 agit
898 1575 990 1610 aliud
1000 1600 1011 1614 ‚
1026 1576 1128 1622 quam
1163 1569 1306 1621 opulum
1317 1585 1460 1608 veterem
1472 1573 1589 1607 iisdem
1607 1569 1782 1608 nobiscum
1801 1572 1972 1614 beneficiis
1983 1570 2156 1615 ornatum,

308 1640 344 1672 «Sc
355 1634 539 1670 eorundem
550 1633 843 1665 §aeramentorum
857 1627 1056 1673 participem
1067 1622 1129 1658 fuil
1143 1625 1183 1656 e?
1209 1635 1253 1669 ne
1262 1621 1364 1669 vllius
1377 1624 1602 1670 praerogatiuae
1613 1621 1736 1656 fiducia
1756 1633 1950 1670 exemptum
1963 1625 2004 1658 iri
2016 1636 2079 1658 nos
2092 1636 2158 1671 pu-.

307 1696 417 1720 temus
427 1684 446 1716 a
455 1683 564 1730 poenis
574 1691 655 1726 quas
665 1676 715 1710 illi
725 1674 943 1725 pertulerunt.
982 1673 1166 1719 jSquarn
1177 1670 1288 1706 nolim
1296 1671 1337 1705 de
1346 1671 1408 1705 hac
1418 1684 1452 1705 re
1463 1683 1545 1706 curn
1553 1683 1728 1717 quoquam
1742 1670 1891 1720 litigare:
1905 1671 2036 1706 tantum
2045 1673 2158 1708 osten-

308 1736 352 1769 do
364 1732 446 1780 quid
456 1730 542 1765 mihi
552 1729 712 1762 videatur.
741 1737 851 1770 neque
863 1719 1143 1757 intereamelatet
1153 1720 1235 1767 quid
1256 1719 1380 1754 coloris
1386 1718 1574 1755 'obtendant
1584 1721 1644 1768 qui
1654 1718 1897 1765 expolitionem
1917 1719 2010 1755 illam
2021 1731 2158 1757 contra-

309 1785 394 1817 riam
403 1778 586 1826 sequuntur
599 1773 728 1823 optime
740 1771 862 1807 scilicet
872 1771 1035 1806 cohaerere
1045 1782 1123 1805 cum
1133 1767 1354 1804 similitudine
1362 1767 1513 1816 proxime
1523 1767 1628 1816 posita
1636 1791 1646 1806 ‚
1657 1765 1809 1805 Israelitis
1819 1768 1981 1803 omnibus
1992 1770 2082 1804 idern
2095 1770 2160 1805 sta·-

310 1833 406 1865 dium
414 1825 508 1863 fuiss'e
518 1819 857 1874 propolitumtiildem
866 1818 1179 1856 carceribusomnes
1188 1814 1282 1851 fuisse
1291 1815 1714 1864 egress'oszomneseiuidem
1723 1815 1883 1864 ingreffos
1891 1816 2162 1854 cursummrnnes

313 1876 458 1914 eiusdem
468 1874 536 1924 spei
546 1871 639 1908 fuiffe
649 1869 756 1907 socios
769 1884 777 1905 z
789 1867 841 1904 sed
850 1868 977 1904 multos
987 1870 1105 1904 eorum
1114 1865 1207 1901 fuisle
1216 1864 1362 1906 exclusos
1372 1866 1390 1900 a
1400 1868 1549 1913 praemio.
1575 1895 1578 1897 Α
1597 1867 1670 1913 Ego
1679 1876 1792 1900 tamen
1800 1866 1881 1900 dum
1892 1863 2027 1913 prcffius
2039 1870 2160 1905 omnia·

310 1929 443 1963 excutio
454 1949 463 1963 ‚
475 1922 662 1959 rationibus
672 1920 738 1954 illis
747 1932 819 1954 non
832 1927 1076 1967 permoue01,vt
1087 1917 1105 1950 ὲ
1115 1915 1277 1950 sententia
1287 1913 1468 1949 discedam:
1482 1926 1592 1961 neque
1601 1916 1692 1948 enim
1701 1913 1816 1948 frustra
1825 1913 2008 1961 Apostolus
2018 1915 2087 1950 duo
2099 1918 2157 1951 Sa—

310 1984 478 2012 cramenta
487 1972 619 2007 tantum
632 1978 896 2005 commemorat,
907 1970 941 2001 &
955 1966 1162 2000 nominatim
1177 1961 1394 2012 Baptismum.
1435 1961 1607 2009 Qiorsum
1619 1961 1687 1997 haec
1698 1987 1707 2001 ‚
1728 1961 1788 1997 nisi
1797 1974 1833 1998 vt
1842 1961 1919 1997 illos
1929 1963 2028 1998 nobis
2045 1977 2158 2012 oppo-

310 2032 414 2060 neret?
426 2021 512 2057 certe
523 2020 545 2055 si
558 2019 649 2054 suam
660 2019 949 2065 comparationem
961 2009 1176 2049 continuisset
1185 2011 1322 2047 inssiuius
1333 2011 1455 2060 populi
1469 2010 1856 2060 corpore‚Circuncision
1862 2024 1914 2046 em
1925 2015 2039 2059 potius
2049 2016 2084 2046 δε
2093 2013 2160 2052 alia

308 2075 444 2109 notiora
453 2076 487 2106 Sc
498 2067 679 2104 illustriora
689 2067 898 2100 Sacramenta
910 2060 1161 2111 protuliffettsed
1171 2059 1362 2096 obscuriora
1376 2063 1489 2108 potius
1500 2060 1705 2113 elegissqubd
1711 2061 1752 2094 ad
1761 2059 1938 2094 antithefin
1951 2062 2038 2095 inter
2046 2074 2110 2096 ¹108
2121 2067 2159 2098 86

308 2122 386 2156 illos
397 2122 501 2168 magis
512 2117 674 2152 valebant.
720 2114 842 2161 Neque
854 2112 948 2147 aliter
957 2111 1033 2159 apte
1044 2111 1215 2157 quadraret
1223 2109 1404 2157 applicatio
1415 2122 1516 2156 quam
1535 2108 1700 2144 subneetit
1709 2131 1721 2146 ‚
1742 2111 1871 2143 Omnia
1881 2121 1954 2155 quae
1962 2108 2028 2144 illis
2044 2113 2161 2146 conti-

308 2180 429 2218 gerunt
437 2196 446 2209 ,
468 2166 568 2202 nobis
580 2163 640 2200 css'e
651 2167 687 2199 in
698 2162 856 2211 figuram:
867 2163 946 2209 quia
955 2160 1025 2194 illic
1035 2165 1210 2195 cernamus
1218 2160 1285 2193 Dei
1294 2159 1418 2194 iudicia
1434 2171 1507 2205 quae
1525 2156 1624 2193 nobis
1634 2159 1818 2193 imminent
1826 2156 1850 2192 si
1860 2156 1974 2196 iisdem
1984 2157 2158 2196 sceleribus

304 2232 368 2254 nos
379 2216 606 2266 implicamus.
1020 2239 1024 2243 ,

431 2269 523 2299 Petra
532 2275 634 2298 nutem
643 2271 710 2295 erat
719 2263 744 2293 C
747 2257 879 2301 hristus.)
897 2256 1016 2293 Inscite
1027 2257 1166 2304 quidam
1175 2256 1356 2305 deprauant
1367 2255 1435 2289 haec
1445 2253 1540 2289 Pauli
1550 2253 1721 2290 verbatacfi
1731 2255 1996 2294 diceret,Petram
2005 2253 2158 2304 spiritua-

306 2316 375 2351 lem
387 2314 480 2349 fuisse
490 2313 740 2348 Christurmnoe
750 2309 789 2342 de
799 2319 881 2355 rupe
891 2306 948 2341 illa
958 2319 1038 2353 quae>
1046 2303 1173 2340 visibile
1184 2303 1373 2350 symbolum
1384 2300 1651 2341 fuit,sermonem
1661 2303 1804 2341 haberet,-
1815 2303 1966 2338 videmus
1976 2307 2067 2339 enim
2078 2319 2157 2342 eum

274 2367 279 2373 ²
307 2379 345 2400 ex
357 2360 498 2413 professo
507 2363 546 2396 de
559 2362 700 2395 externis
711 2357 809 2405 signis
819 2354 976 2391 disserere.
1001 2354 1107 2401 Qod
1118 2353 1286 2388 obiiciunt
1295 2376 1305 2390 ‚
1316 2351 1519 2401 spiritualem
1527 2354 1640 2387 vocari
1651 2364 1776 2399 petram
1785 2375 1796 2388 ,
1806 2349 1969 2387 friuoluin
1980 2353 2035 2390 est,
2047 2366 2156 2401 quan-

308 2415 352 2448 do
365 2426 434 2447 non
446 2410 514 2445 alib
526 2411 669 2458 pertinet
680 2408 745 2442 hoc
757 2402 1020 2453 epithetum,nifi
1030 2415 1063 2438 vt
1073 2401 1212 2437 sciamus
1221 2400 1410 2448 symbolum
1420 2399 1512 2434 fuisse
1521 2399 1696 2448 spiritualis
1710 2400 2001 2445 mysterij:interim
2013 2403 2157 2438 minime:²

312 2461 455 2497 dubium
466 2460 510 2493 cst
520 2461 604 2505 quin
613 2459 822 2492 Sacramenta
832 2451 943 2487 nostra
952 2465 1031 2487 cum
1041 2451 1206 2486 veteribus
1215 2460 1398 2498 comparet.
1424 2449 1530 2495 Qod
1540 2447 1683 2483 secundo
1693 2447 1770 2482 loco
1781 2447 1961 2487 obiiciunt,
1973 2447 2102 2485 stultius
2111 2453 2158 2487 est

309 2523 347 2545 ac
360 2512 464 2557 magis
477 2506 615 2555 puerile:
630 2504 1106 2552 Qomodo‚inquiunt‚rupes
1117 2513 1189 2549 qua:
1200 2498 1258 2535 suo
1268 2498 1346 2533 loco
1361 2497 1423 2532 fixa
1433 2498 1531 2537 stetit,
1543 2499 1703 2532 comitata
1712 2496 1786 2531 effer
1794 2495 1962 2532 israelitas?
1974 2498 2064 2544 quasi
2075 2500 2156 2534 vero

309 2571 382 2593 nori
396 2557 507 2605 palam
517 2555 553 2590 sit
564 2553 621 2590 sub
632 2556 732 2588 Petra:
742 2564 824 2586 voce
836 2552 946 2584 notari
956 2562 1047 2596 aqua:
1057 2547 1198 2586 fluxum,
1209 2550 1269 2595 qui
1279 2559 1453 2593 nunquam
1464 2558 1509 2594 po
1538 2544 1632 2581 ulum
1645 2543 1795 2579 deseruit.
1823 2546 2052 2582 Commendat
2064 2550 2157 2583 enim

308 2606 430 2642 Paulus
439 2601 504 2639 Dei
514 2606 666 2652 gratiam,
677 2601 770 2648 quod
779 2611 900 2646 aquam
912 2611 950 2632 ex
961 2610 1042 2645 rupe
1053 2596 1198 2632 elicitam
1208 2608 1319 2643 quocu
1325 2608 1413 2642 nque
1423 2557 1569 2642 populus
1580 2596 1640 2628 iter
1655 2593 1954 2641 faceret‚profluere
1965 2594 2053 2630 iuffit
2066 2619 2077 2634 ‚
2087 2609 2124 2632 ac
2133 2596 2158 2635 si

310 2668 367 2690 eos
379 2666 476 2702 rupes
487 2651 553 2700 ipsa
563 2645 788 2687 comitaretur.
797 2651 867 2682 lam
879 2646 901 2681 si
910 2645 1001 2680 Pauli
1012 2644 1120 2683 sensus
1131 2643 1386 2692 effet,spirituale
1395 2641 1540 2678 Ecclesiae
1551 2642 1768 2677 fundamenti]
1783 2639 1843 2676 esse
1855 2643 2044 2680 Christum:
2055 2657 2160 2692 quor-

307 2703 380 2738 sum
391 2704 592 2750 praetetitum
604 2699 697 2735 verbi
707 2704 852 2745 tempus?
867 2696 967 2730 Certe
982 2691 1191 2742 perspicuum
1208 2692 1392 2739 est,aliquid
1402 2693 1543 2739 exprimi
1555 2692 1646 2738 quod
1655 2690 1804 2725 Patribus
1815 2690 1849 2724 fu
1855 2693 1915 2726 erit
1925 2693 2101 2738 peculiare.
2109 2693 2160 2728 fa-

308 2750 407 2788 cessat
417 2753 519 2798 igitur
530 2752 683 2797 ineptum
695 2748 760 2782 hoc
771 2755 1006 2781 commentum
1016 2769 1026 2782 ,
1036 2755 1106 2789 quo
1116 2740 1317 2779 contentiosi
1327 2741 1483 2774 homines
1493 2741 1737 2791 impudentiam
1757 2737 1847 2773 suam
1866 2740 2004 2786 prodere
2014 2741 2159 2783 malunt,

306 2802 414 2848 quam
423 2797 670 2834 [acrameiitales
680 2795 817 2841 loquedi
831 2793 954 2827 formas
965 2792 1149 2830 admittere.
1159 2791 1326 2824 Caeterurn
1338 2791 1404 2823 iam
1414 2787 1737 2825 diximus,veteribus
1750 2789 1968 2822 Sacramentis
1978 2788 2160 2824 exhibitio-

307 2862 386 2886 nem
398 2860 508 2883 rerum
518 2844 609 2881 fuisse
620 2846 850 2879 coniuiiEtam.
865 2854 970 2888 quum
984 2851 1062 2887 ergo
1075 2838 1186 2887 figurae
1197 2835 1296 2876 effent
1311 2837 1446 2876 Christi,
1457 2835 1602 2883 sequitur
1615 2837 1788 2872 Christum
1797 2835 1863 2870 illis
1873 2834 1966 2870 fuiffe
1975 2849 2159 2880 annexum,

307 2902 355 2934 116
366 2896 516 2932 localiter
526 2895 740 2941 quidem,nec
751 2889 894 2926 naturali
905 2900 960 2924 aut
971 2886 1173 2923 substantiali
1182 2882 1379 2923 vnione‚sed
1387 2882 1611 2919 sacramentali
1621 2886 1735 2920 modo.
1749 2885 1821 2918 Hac
1832 2886 1959 2923 ratione
1973 2886 2054 2920 dicit
2064 2888 2161 2935 Apo-

309 2945 425 2986 stolus,
436 2947 566 2979 Petram
577 2940 669 2976 fuisse
680 2940 869 2974 Christum:
889 2937 976 2974 nihil
987 2939 1079 2972 enim
1089 2935 1235 2971 vsitatius
1246 2935 1289 2969 est
1300 2935 1403 2982 quam
1415 2935 1622 2978 metonymia
1633 2959 1642 2973 ‚
1654 2945 1759 2979 quum
1770 2932 1809 2966 de
1819 2931 2028 2968 sacramentis
2039 2937 2159 2982 agitur.

307 2993 519 3031 Transfertur
529 3004 607 3039 ergo
620 2989 675 3024 hic
686 2991 732 3022 rei
744 3001 870 3023 nomen
879 2987 918 3021 ad
936 2986 1078 3034 signum:
1090 2998 1162 3021 non
1173 2986 1253 3031 quia
1261 2982 1396 3031 proprie
1405 2983 1585 3016 conueniat
1594 2980 1645 3014 sed
1655 2981 1941 3028 figurate‚propter
1950 2981 2043 3017 illam
2056 2996 2159 3030 quam

307 3040 640 3078 ijiconiungkione.
654 3038 716 3072 Sed
728 3039 793 3071 hoc
805 3037 933 3083 parcius
945 3034 1360 3081 nunc'attingmquoniam
1370 3032 1477 3077 capite
1492 3040 1535 3066 11.
1545 3028 1644 3064 fufius
1656 3028 1859 3064 mactabitur,
1872 3030 1984 3065 Restat
1994 3031 2058 3066 alia
2069 3045 2163 3079 quae-

311 3095 372 3127 stio
384 3116 393 3129 ,
404 3093 525 3138 Qum
535 3100 626 3124 nunc
637 3089 671 3121 in
681 3087 789 3129 Coena
798 3085 932 3117 edamus
942 3095 1063 3130 corpus
1075 3083 1198 3118 Christi
1208 3107 1218 3120 ,
1231 3084 1265 3116 Sc
1275 3079 1430 3115 bibamus
1440 3081 1510 3112 eius
1521 3080 1722 3133 Sanguinem
1733 3091 1741 3111 ε
1752 3078 1929 3124 quomodo
1941 3079 2082 3114 eiusdem
2094 3079 2161 3128 spi-

308 3140 436 3175 ritualis
449 3145 482 3174 &1
493 3149 592 3187 potus
603 3135 725 3171 fuerint
736 3134 911 3180 participes
921 3131 1021 3165 ludaei
1031 3154 1041 3168 ,
1054 3131 1189 3177 quando
1208 3129 1362 3167 nondum
1382 3137 1448 3162 erat
1467 3127 1592 3161 Christi
1607 3138 1683 3161 caro
1702 3139 1801 3174 quam
1814 3127 1964 3161 ederent?
2001 3127 2160 3176 Respon-

310 3191 521 3226 deo‚carnem
532 3199 604 3233 quae
615 3184 768 3219 nondum
777 3179 905 3215 extabat
916 3204 925 3217 ‚
937 3176 1028 3213 fuisse
1040 3179 1266 3214 nihilominus
1275 3177 1341 3212 illis
1352 3179 1387 3211 in
1397 3174 1523 3210 cibum.
1548 3187 1657 3223 neque
1667 3175 1735 3210 haec
1747 3177 1856 3209 inanis
1867 3176 1910 3209 est
1921 3188 1976 3211 aut
1987 3175 2162 3224 sophistica

311 3239 449 3283 argutia.
468 3234 550 3270 silus
570 3236 660 3269 enim
678 3243 794 3266 corum
806 3230 823 3263 ὲ
832 3226 997 3263 beneficio
1016 3230 1134 3261 mortis
1144 3231 1180 3262 &
1199 3225 1445 3262 resurrectionis
1464 3223 1626 3272 pendebat
1635 3247 1644 3261 ‚
1663 3221 1804 3270 ideoque
1821 3225 1839 3257 a
1849 3235 1946 3258 carne
1957 3229 1990 3260 ὃ(
2003 3225 2162 3272 sanguine

311 3286 444 3318 Christi:
455 3296 533 3331 crgo
548 3294 681 3317 carnem
693 3284 726 3315 ὃς
737 3277 931 3326 sanguinem
945 3275 1068 3314 Christi
1080 3289 1136 3310 eos
1154 3277 1321 3323 percipere
1330 3288 1352 3309 o
1379 3275 1502 3310 Orruit,
1533 3283 1568 3306 vt
1578 3272 1817 3320 redemptionis
1827 3271 1992 3308 beneficio
2002 3286 2162 3308 commu-

311 3335 477 3367 nicarent.
530 3333 608 3365 Haec
627 3330 797 3378 perceptio
815 3338 900 3374 opus
920 3335 986 3359 erat
1002 3336 1159 3359 arcanum
1179 3326 1321 3371 Spiritus
1340 3287 1441 3357 {isnffi
1464 3344 1473 3358 ‚
1490 3322 1549 3367 qui
1566 3319 1608 3355 fic
1626 3320 1822 3368 operabatur
1831 3347 1841 3361 ,
1862 3333 1898 3355 vt
1914 3334 1991 3357 caro
2010 3320 2133 3356 Christi
2147 3345 2160 3360 ,

306 3379 437 3415 tametsi
449 3392 519 3414 non
530 3379 610 3414 dum
621 3389 726 3422 creata
735 3400 745 3415 ,
758 3379 794 3411 in
804 3374 871 3410 illis
879 3373 965 3409 foret
983 3371 1108 3408 efficax.
1158 3371 1319 3420 Intelligir
1331 3382 1443 3406 tamen
1453 3381 1509 3404 eos
1521 3365 1578 3403 suo
1588 3370 1690 3403 modo
1704 3368 1928 3409 manducasse,
1941 3373 2000 3418 qui
2016 3371 2033 3404 ὲ
2044 3370 2160 3404 nostro

2094 3417 2158 3452 fuit
