<?xml version="1.0" encoding="UTF-8"?>
<!DOCTYPE html PUBLIC "-//W3C//DTD XHTML 1.0 Transitional//EN"
    "http://www.w3.org/TR/xhtml1/DTD/xhtml1-transitional.dtd">
<html xmlns="http://www.w3.org/1999/xhtml" xml:lang="en" lang="en">
 <head>
  <title>
</title>
<meta http-equiv="Content-Type" content="text/html;charset=utf-8" />
  <meta name='ocr-system' content='tesseract 3.04.00' />
  <meta name='ocr-capabilities' content='ocr_page ocr_carea ocr_par ocr_line ocrx_word'/>
</head>
<body>
  <div class='ocr_page' id='page_1' title='image "./commentariiomnes00calv_0508.png"; bbox 0 0 2268 3705; ppageno 0'>
   <div class='ocr_carea' id='block_1_1' title="bbox 303 117 1613 178">
    <p class='ocr_par' dir='ltr' id='par_1_1' title="bbox 303 117 1613 178">
     <span class='ocr_line' id='line_1_1' title="bbox 303 117 1613 178; baseline -0.011 -1"><span class='ocrx_word' id='word_1_1' title='bbox 303 126 378 178; x_wconf 71' lang='lat'>&#39;493</span> <span class='ocrx_word' id='word_1_2' title='bbox 861 119 949 172; x_wconf 81' lang='lat' dir='ltr'>1N</span> <span class='ocrx_word' id='word_1_3' title='bbox 995 117 1613 172; x_wconf 77' lang='lat' dir='ltr'>1-EP18T-1’AVL1</span> 
     </span>
    </p>
   </div>
   <div class='ocr_carea' id='block_1_2' title="bbox 118 791 311 830">
    <p class='ocr_par' dir='ltr' id='par_1_2' title="bbox 118 791 311 830">
     <span class='ocr_line' id='line_1_2' title="bbox 118 791 311 830; baseline -0.021 -8"><span class='ocrx_word' id='word_1_4' title='bbox 118 791 202 830; x_wconf 59' lang='grc' dir='ltr'>δεῖσθ’.</span> <span class='ocrx_word' id='word_1_5' title='bbox 216 802 264 822; x_wconf 72' lang='lat' dir='ltr'>2.ae</span> <span class='ocrx_word' id='word_1_6' title='bbox 282 801 311 828; x_wconf 81' lang='lat'>.3.</span> 
     </span>
    </p>
   </div>
   <div class='ocr_carea' id='block_1_3' title="bbox 133 2134 326 2173">
    <p class='ocr_par' dir='ltr' id='par_1_3' title="bbox 133 2134 326 2173">
     <span class='ocr_line' id='line_1_3' title="bbox 133 2134 326 2173; baseline 0.005 -8"><span class='ocrx_word' id='word_1_7' title='bbox 133 2136 208 2167; x_wconf 66' lang='lat' dir='ltr'>&#39;leam</span> <span class='ocrx_word' id='word_1_8' title='bbox 219 2134 269 2166; x_wconf 59' lang='lat' dir='ltr'>bb.</span> <span class='ocrx_word' id='word_1_9' title='bbox 286 2145 326 2173; x_wconf 85' lang='lat'>14.</span> 
     </span>
    </p>
   </div>
   <div class='ocr_carea' id='block_1_4' title="bbox 135 2219 286 2252">
    <p class='ocr_par' dir='ltr' id='par_1_4' title="bbox 135 2219 286 2252">
     <span class='ocr_line' id='line_1_4' title="bbox 135 2219 286 2252; baseline 0.007 -8"><span class='ocrx_word' id='word_1_10' title='bbox 135 2219 256 2247; x_wconf 53' lang='lat' dir='ltr'>Rouana.</span> <span class='ocrx_word' id='word_1_11' title='bbox 265 2226 286 2252; x_wconf 81' lang='lat'>3.</span> 
     </span>
    </p>
   </div>
   <div class='ocr_carea' id='block_1_5' title="bbox 327 185 2239 682">
    <p class='ocr_par' dir='ltr' id='par_1_5' title="bbox 327 185 2239 589">
     <span class='ocr_line' id='line_1_5' title="bbox 327 185 2184 249; baseline -0.006 -14"><span class='ocrx_word' id='word_1_12' title='bbox 327 199 423 249; x_wconf 79' lang='lat' dir='ltr'>supra</span> <span class='ocrx_word' id='word_1_13' title='bbox 432 197 569 237; x_wconf 82' lang='lat' dir='ltr'>tertium</span> <span class='ocrx_word' id='word_1_14' title='bbox 578 194 709 234; x_wconf 82' lang='lat' dir='ltr'>caelum,</span> <span class='ocrx_word' id='word_1_15' title='bbox 716 205 806 243; x_wconf 88' lang='lat' dir='ltr'>nego</span> <span class='ocrx_word' id='word_1_16' title='bbox 816 193 852 231; x_wconf 87' lang='lat' dir='ltr'>id</span> <span class='ocrx_word' id='word_1_17' title='bbox 862 205 974 230; x_wconf 86' lang='lat' dir='ltr'>totum</span> <span class='ocrx_word' id='word_1_18' title='bbox 985 193 1026 228; x_wconf 87' lang='lat' dir='ltr'>ad</span> <span class='ocrx_word' id='word_1_19' title='bbox 1035 204 1092 227; x_wconf 87' lang='lat' dir='ltr'>eos</span> <span class='ocrx_word' id='word_1_20' title='bbox 1101 190 1172 226; x_wconf 86' lang='lat' dir='ltr'>vllo</span> <span class='ocrx_word' id='word_1_21' title='bbox 1184 191 1288 225; x_wconf 88' lang='lat' dir='ltr'>modo</span> <span class='ocrx_word' id='word_1_22' title='bbox 1299 191 1474 237; x_wconf 85' lang='lat' dir='ltr'>pertinere.</span> <span class='ocrx_word' id='word_1_23' title='bbox 1485 189 1686 234; x_wconf 78' lang='lat' dir='ltr'><strong>Quinetiam</strong></span> <span class='ocrx_word' id='word_1_24' title='bbox 1699 185 1816 223; x_wconf 82' lang='lat' dir='ltr'>locum</span> <span class='ocrx_word' id='word_1_25' title='bbox 1828 186 2020 237; x_wconf 68' lang='lat' dir='ltr'>praesentem</span> <span class='ocrx_word' id='word_1_26' title='bbox 2029 190 2184 230; x_wconf 50' lang='lat' dir='ltr'>aduersus</span> 
     </span>
     <span class='ocr_line' id='line_1_6' title="bbox 329 233 2184 295; baseline -0.008 -12"><span class='ocrx_word' id='word_1_27' title='bbox 329 261 388 283; x_wconf 85' lang='lat' dir='ltr'>eos</span> <span class='ocrx_word' id='word_1_28' title='bbox 398 257 588 294; x_wconf 67' lang='lat' dir='ltr'>retorquete.</span> <span class='ocrx_word' id='word_1_29' title='bbox 598 245 689 281; x_wconf 85' lang='lat' dir='ltr'>Nam</span> <span class='ocrx_word' id='word_1_30' title='bbox 700 244 723 279; x_wconf 83' lang='lat' dir='ltr'>si</span> <span class='ocrx_word' id='word_1_31' title='bbox 731 240 872 280; x_wconf 74' lang='lat' dir='ltr'>Ecclefia</span> <span class='ocrx_word' id='word_1_32' title='bbox 881 242 1043 278; x_wconf 84' lang='lat' dir='ltr'>columna</span> <span class='ocrx_word' id='word_1_33' title='bbox 1051 241 1098 275; x_wconf 80' lang='lat' dir='ltr'>est</span> <span class='ocrx_word' id='word_1_34' title='bbox 1107 240 1262 274; x_wconf 84' lang='lat' dir='ltr'>veritatis:</span> <span class='ocrx_word' id='word_1_35' title='bbox 1276 236 1422 285; x_wconf 87' lang='lat' dir='ltr'>sequitur</span> <span class='ocrx_word' id='word_1_36' title='bbox 1440 249 1512 272; x_wconf 86' lang='lat' dir='ltr'>non</span> <span class='ocrx_word' id='word_1_37' title='bbox 1523 233 1583 271; x_wconf 80' lang='lat' dir='ltr'>esse</span> <span class='ocrx_word' id='word_1_38' title='bbox 1593 236 1681 284; x_wconf 78' lang='lat' dir='ltr'>apud</span> <span class='ocrx_word' id='word_1_39' title='bbox 1689 248 1746 271; x_wconf 84' lang='lat' dir='ltr'>eos</span> <span class='ocrx_word' id='word_1_40' title='bbox 1755 236 1944 295; x_wconf 49' lang='lat' dir='ltr'>Ecclesiam,</span> <span class='ocrx_word' id='word_1_41' title='bbox 1958 236 2015 272; x_wconf 88' lang='lat' dir='ltr'>vbi</span> <span class='ocrx_word' id='word_1_42' title='bbox 2024 252 2097 275; x_wconf 84' lang='lat' dir='ltr'>non</span> <span class='ocrx_word' id='word_1_43' title='bbox 2108 255 2184 277; x_wconf 79' lang='lat' dir='ltr'>mo-</span> 
     </span>
     <span class='ocr_line' id='line_1_7' title="bbox 331 283 2185 343; baseline -0.008 -11"><span class='ocrx_word' id='word_1_44' title='bbox 331 298 377 332; x_wconf 76' lang='lat' dir='ltr'>do</span> <span class='ocrx_word' id='word_1_45' title='bbox 391 294 519 343; x_wconf 85' lang='lat' dir='ltr'>sepulta</span> <span class='ocrx_word' id='word_1_46' title='bbox 528 297 611 329; x_wconf 89' lang='lat' dir='ltr'>iacet</span> <span class='ocrx_word' id='word_1_47' title='bbox 621 295 751 334; x_wconf 82' lang='lat' dir='ltr'>veritas,</span> <span class='ocrx_word' id='word_1_48' title='bbox 762 291 813 327; x_wconf 85' lang='lat' dir='ltr'>sed</span> <span class='ocrx_word' id='word_1_49' title='bbox 822 291 1027 328; x_wconf 81' lang='lat' dir='ltr'>horrendum</span> <span class='ocrx_word' id='word_1_50' title='bbox 1038 292 1074 324; x_wconf 86' lang='lat' dir='ltr'>in</span> <span class='ocrx_word' id='word_1_51' title='bbox 1087 288 1227 323; x_wconf 85' lang='lat' dir='ltr'>modum</span> <span class='ocrx_word' id='word_1_52' title='bbox 1238 288 1346 321; x_wconf 86' lang='lat' dir='ltr'>diruta</span> <span class='ocrx_word' id='word_1_53' title='bbox 1358 290 1392 321; x_wconf 72' lang='grc' dir='ltr'>δε</span> <span class='ocrx_word' id='word_1_54' title='bbox 1403 299 1442 321; x_wconf 87' lang='lat' dir='ltr'>eu</span> <span class='ocrx_word' id='word_1_55' title='bbox 1448 283 1513 319; x_wconf 86' lang='lat' dir='ltr'>ersa</span> <span class='ocrx_word' id='word_1_56' title='bbox 1524 310 1534 324; x_wconf 95' lang='lat'>,</span> <span class='ocrx_word' id='word_1_57' title='bbox 1544 284 1684 332; x_wconf 74' lang='lat' dir='ltr'>pedibus</span> <span class='ocrx_word' id='word_1_58' title='bbox 1694 285 1847 320; x_wconf 86' lang='lat' dir='ltr'>calcatur.</span> <span class='ocrx_word' id='word_1_59' title='bbox 1878 290 1936 321; x_wconf 88' lang='lat' dir='ltr'>An</span> <span class='ocrx_word' id='word_1_60' title='bbox 1945 285 2011 322; x_wconf 67' lang='lat' dir='ltr'>hoc</span> <span class='ocrx_word' id='word_1_61' title='bbox 2026 287 2070 321; x_wconf 84' lang='lat' dir='ltr'>est</span> <span class='ocrx_word' id='word_1_62' title='bbox 2079 289 2133 324; x_wconf 78' lang='lat' dir='ltr'>vel.</span> <span class='ocrx_word' id='word_1_63' title='bbox 2140 304 2185 325; x_wconf 73' lang='grc' dir='ltr'>εε-</span> 
     </span>
     <span class='ocr_line' id='line_1_8' title="bbox 333 331 2184 393; baseline -0.008 -12"><span class='ocrx_word' id='word_1_64' title='bbox 333 348 461 393; x_wconf 86' lang='lat' dir='ltr'>nigma,</span> <span class='ocrx_word' id='word_1_65' title='bbox 477 343 530 378; x_wconf 91' lang='lat' dir='ltr'>vel</span> <span class='ocrx_word' id='word_1_66' title='bbox 539 341 719 378; x_wconf 81' lang='lat' dir='ltr'>cauillum?</span> <span class='ocrx_word' id='word_1_67' title='bbox 748 339 869 376; x_wconf 83' lang='lat' dir='ltr'>Paulus</span> <span class='ocrx_word' id='word_1_68' title='bbox 879 337 1058 375; x_wconf 66' lang='lat' dir='ltr'>Ecclesiam</span> <span class='ocrx_word' id='word_1_69' title='bbox 1069 347 1142 372; x_wconf 81' lang='lat' dir='ltr'>non</span> <span class='ocrx_word' id='word_1_70' title='bbox 1150 334 1222 369; x_wconf 89' lang='lat' dir='ltr'>vult</span> <span class='ocrx_word' id='word_1_71' title='bbox 1234 333 1449 383; x_wconf 79' lang='lat' dir='ltr'>agnosci,nifi</span> <span class='ocrx_word' id='word_1_72' title='bbox 1461 335 1497 367; x_wconf 91' lang='lat' dir='ltr'>in</span> <span class='ocrx_word' id='word_1_73' title='bbox 1509 345 1575 379; x_wconf 88' lang='lat' dir='ltr'>qua</span> <span class='ocrx_word' id='word_1_74' title='bbox 1584 331 1707 367; x_wconf 85' lang='lat' dir='ltr'>excelsa</span> <span class='ocrx_word' id='word_1_75' title='bbox 1719 337 1753 369; x_wconf 89' lang='lat'>&amp;</span> <span class='ocrx_word' id='word_1_76' title='bbox 1767 333 1947 382; x_wconf 82' lang='lat' dir='ltr'>conspicua</span> <span class='ocrx_word' id='word_1_77' title='bbox 1955 334 2014 369; x_wconf 84' lang='lat' dir='ltr'>stat</span> <span class='ocrx_word' id='word_1_78' title='bbox 2022 335 2088 371; x_wconf 93' lang='lat' dir='ltr'>Dei</span> <span class='ocrx_word' id='word_1_79' title='bbox 2098 340 2184 373; x_wconf 83' lang='lat' dir='ltr'>veri-</span> 
     </span>
     <span class='ocr_line' id='line_1_9' title="bbox 334 382 2186 441; baseline -0.008 -12"><span class='ocrx_word' id='word_1_80' title='bbox 334 406 394 429; x_wconf 79' lang='lat' dir='ltr'>tas:</span> <span class='ocrx_word' id='word_1_81' title='bbox 406 395 441 428; x_wconf 90' lang='lat' dir='ltr'>in</span> <span class='ocrx_word' id='word_1_82' title='bbox 450 394 576 441; x_wconf 83' lang='lat' dir='ltr'>Papam</span> <span class='ocrx_word' id='word_1_83' title='bbox 587 391 673 426; x_wconf 86' lang='lat' dir='ltr'>nihil</span> <span class='ocrx_word' id='word_1_84' title='bbox 684 390 747 425; x_wconf 87' lang='lat' dir='ltr'>tale</span> <span class='ocrx_word' id='word_1_85' title='bbox 758 398 902 437; x_wconf 80' lang='lat' dir='ltr'>apparet,</span> <span class='ocrx_word' id='word_1_86' title='bbox 914 387 966 421; x_wconf 88' lang='lat' dir='ltr'>sed</span> <span class='ocrx_word' id='word_1_87' title='bbox 975 385 1123 421; x_wconf 69' lang='lat' dir='ltr'>difieffio</span> <span class='ocrx_word' id='word_1_88' title='bbox 1134 384 1264 418; x_wconf 73' lang='lat' dir='ltr'>tanturn</span> <span class='ocrx_word' id='word_1_89' title='bbox 1279 389 1312 419; x_wconf 67' lang='grc' dir='ltr'>ὅ(</span> <span class='ocrx_word' id='word_1_90' title='bbox 1324 386 1438 418; x_wconf 86' lang='lat' dir='ltr'>ruinae:</span> <span class='ocrx_word' id='word_1_91' title='bbox 1451 393 1530 428; x_wconf 79' lang='lat' dir='ltr'>ergo</span> <span class='ocrx_word' id='word_1_92' title='bbox 1541 384 1688 431; x_wconf 82' lang='lat' dir='ltr'>genuina</span> <span class='ocrx_word' id='word_1_93' title='bbox 1712 382 1859 418; x_wconf 74' lang='lat' dir='ltr'>Ecclefiae</span> <span class='ocrx_word' id='word_1_94' title='bbox 1868 393 1951 418; x_wconf 80' lang='lat' dir='ltr'>nota</span> <span class='ocrx_word' id='word_1_95' title='bbox 1961 382 2033 418; x_wconf 88' lang='lat' dir='ltr'>illic</span> <span class='ocrx_word' id='word_1_96' title='bbox 2046 398 2118 421; x_wconf 89' lang='lat' dir='ltr'>non</span> <span class='ocrx_word' id='word_1_97' title='bbox 2128 399 2186 421; x_wconf 82' lang='lat' dir='ltr'>ex-</span> 
     </span>
     <span class='ocr_line' id='line_1_10' title="bbox 335 428 2187 483; baseline -0.004 -6"><span class='ocrx_word' id='word_1_98' title='bbox 335 454 393 478; x_wconf 82' lang='lat' dir='ltr'>tat.</span> <span class='ocrx_word' id='word_1_99' title='bbox 418 442 480 476; x_wconf 86' lang='lat' dir='ltr'>Sed</span> <span class='ocrx_word' id='word_1_100' title='bbox 490 442 565 475; x_wconf 89' lang='lat' dir='ltr'>inde</span> <span class='ocrx_word' id='word_1_101' title='bbox 574 439 806 474; x_wconf 70' lang='lat' dir='ltr'>hallucinatio,</span> <span class='ocrx_word' id='word_1_102' title='bbox 817 437 896 483; x_wconf 86' lang='lat' dir='ltr'>quia</span> <span class='ocrx_word' id='word_1_103' title='bbox 907 436 998 482; x_wconf 88' lang='lat' dir='ltr'>quod</span> <span class='ocrx_word' id='word_1_104' title='bbox 1008 437 1214 483; x_wconf 79' lang='lat' dir='ltr'>praecipuum</span> <span class='ocrx_word' id='word_1_105' title='bbox 1225 443 1376 473; x_wconf 85' lang='lat' dir='ltr'>crat‚non</span> <span class='ocrx_word' id='word_1_106' title='bbox 1392 428 1613 469; x_wconf 83' lang='lat' dir='ltr'>considerant,</span> <span class='ocrx_word' id='word_1_107' title='bbox 1624 430 1782 466; x_wconf 85' lang='lat' dir='ltr'>Sustineri</span> <span class='ocrx_word' id='word_1_108' title='bbox 1788 433 1856 468; x_wconf 87' lang='lat' dir='ltr'>Dei</span> <span class='ocrx_word' id='word_1_109' title='bbox 1865 434 2036 466; x_wconf 84' lang='lat' dir='ltr'>veritatem</span> <span class='ocrx_word' id='word_1_110' title='bbox 2049 445 2131 482; x_wconf 84' lang='lat' dir='ltr'>pura</span> <span class='ocrx_word' id='word_1_111' title='bbox 2143 437 2187 470; x_wconf 86' lang='grc' dir='ltr'>Ε-</span> 
     </span>
     <span class='ocr_line' id='line_1_11' title="bbox 335 471 2239 538; baseline -0.007 -12"><span class='ocrx_word' id='word_1_112' title='bbox 335 489 484 538; x_wconf 83' lang='lat' dir='ltr'>uangelii</span> <span class='ocrx_word' id='word_1_113' title='bbox 496 489 731 538; x_wconf 73' lang='lat' dir='ltr'>predicatione:</span> <span class='ocrx_word' id='word_1_114' title='bbox 747 497 856 531; x_wconf 87' lang='lat' dir='ltr'>neque</span> <span class='ocrx_word' id='word_1_115' title='bbox 866 484 1051 519; x_wconf 84' lang='lat' dir='ltr'>hominum</span> <span class='ocrx_word' id='word_1_116' title='bbox 1059 482 1200 531; x_wconf 83' lang='lat' dir='ltr'>ingenio</span> <span class='ocrx_word' id='word_1_117' title='bbox 1209 491 1266 515; x_wconf 86' lang='lat' dir='ltr'>aut</span> <span class='ocrx_word' id='word_1_118' title='bbox 1275 478 1364 516; x_wconf 84' lang='lat' dir='ltr'>sensu</span> <span class='ocrx_word' id='word_1_119' title='bbox 1377 483 1441 515; x_wconf 88' lang='lat' dir='ltr'>niti</span> <span class='ocrx_word' id='word_1_120' title='bbox 1450 475 1678 519; x_wconf 54' lang='lat' dir='ltr'>fulturamsed</span> <span class='ocrx_word' id='word_1_121' title='bbox 1689 490 1728 513; x_wconf 77' lang='lat' dir='ltr'>ex</span> <span class='ocrx_word' id='word_1_122' title='bbox 1735 478 1808 515; x_wconf 82' lang='lat' dir='ltr'>alto-</span> <span class='ocrx_word' id='word_1_123' title='bbox 1816 482 1920 527; x_wconf 81' lang='lat' dir='ltr'>magis</span> <span class='ocrx_word' id='word_1_124' title='bbox 1931 479 2186 529; x_wconf 52' lang='lat' dir='ltr'>penderemem-</span> <span class='ocrx_word' id='word_1_125' title='bbox 2236 471 2239 475; x_wconf 56' lang='grc'><strong>’</strong></span> 
     </span>
     <span class='ocr_line' id='line_1_12' title="bbox 337 530 1559 589; baseline -0.014 -15"><span class='ocrx_word' id='word_1_126' title='bbox 337 553 379 589; x_wconf 91' lang='lat' dir='ltr'>pe</span> <span class='ocrx_word' id='word_1_127' title='bbox 390 539 411 573; x_wconf 86' lang='lat' dir='ltr'>si</span> <span class='ocrx_word' id='word_1_128' title='bbox 423 541 441 573; x_wconf 71' lang='grc' dir='ltr'>ὲ</span> <span class='ocrx_word' id='word_1_129' title='bbox 453 536 595 585; x_wconf 87' lang='lat' dir='ltr'>simplici</span> <span class='ocrx_word' id='word_1_130' title='bbox 606 534 785 570; x_wconf 74' lang='lat' dir='ltr'>Deiverbo</span> <span class='ocrx_word' id='word_1_131' title='bbox 796 545 868 567; x_wconf 90' lang='lat' dir='ltr'>non</span> <span class='ocrx_word' id='word_1_132' title='bbox 879 530 1063 567; x_wconf 88' lang='lat' dir='ltr'>disceditur.</span> <span class='ocrx_word' id='word_1_133' title='bbox 1556 536 1559 539; x_wconf 70' lang='grc'><em>’</em></span> 
     </span>
    </p>

    <p class='ocr_par' dir='ltr' id='par_1_6' title="bbox 334 575 2189 682">
     <span class='ocr_line' id='line_1_13' title="bbox 334 575 2189 633; baseline 0 -16"><span class='ocrx_word' id='word_1_134' title='bbox 334 593 337 595; x_wconf 91' lang='grc'><strong><em>·</em></strong></span> <span class='ocrx_word' id='word_1_135' title='bbox 385 590 422 621; x_wconf 82' lang='lat'>16</span> <span class='ocrx_word' id='word_1_136' title='bbox 473 588 525 620; x_wconf 91' lang='lat' dir='ltr'><em>M</em></span> <span class='ocrx_word' id='word_1_137' title='bbox 527 583 636 633; x_wconf 75' lang='lat' dir='ltr'>agn‘nm</span> <span class='ocrx_word' id='word_1_138' title='bbox 643 580 953 630; x_wconf 61' lang='lat' dir='ltr'>pietatis-‘mysterium</span> <span class='ocrx_word' id='word_1_139' title='bbox 955 581 978 621; x_wconf 83' lang='lat'><em>)</em></span> <span class='ocrx_word' id='word_1_140' title='bbox 1029 577 1107 614; x_wconf 81' lang='lat' dir='ltr'>Alia</span> <span class='ocrx_word' id='word_1_141' title='bbox 1117 577 1224 613; x_wconf 86' lang='lat' dir='ltr'>rursus</span> <span class='ocrx_word' id='word_1_142' title='bbox 1234 575 1465 626; x_wconf 82' lang='lat' dir='ltr'>amplificatio.</span> <span class='ocrx_word' id='word_1_143' title='bbox 1479 575 1534 611; x_wconf 89' lang='lat' dir='ltr'>Ne</span> <span class='ocrx_word' id='word_1_144' title='bbox 1544 578 1635 610; x_wconf 89' lang='lat' dir='ltr'>enim</span> <span class='ocrx_word' id='word_1_145' title='bbox 1651 577 1795 611; x_wconf 84' lang='lat' dir='ltr'>minoris</span> <span class='ocrx_word' id='word_1_146' title='bbox 1804 576 1906 623; x_wconf 65' lang='lat' dir='ltr'>quarn</span> <span class='ocrx_word' id='word_1_147' title='bbox 1922 577 2189 618; x_wconf 68' lang='lat' dir='ltr'>decebanhomi·</span> 
     </span>
     <span class='ocr_line' id='line_1_14' title="bbox 339 623 2189 682; baseline -0.004 -11"><span class='ocrx_word' id='word_1_148' title='bbox 339 648 424 671; x_wconf 87' lang='lat' dir='ltr'>num</span> <span class='ocrx_word' id='word_1_149' title='bbox 436 633 675 682; x_wconf 79' lang='lat' dir='ltr'>ingratitudine</span> <span class='ocrx_word' id='word_1_150' title='bbox 687 628 777 664; x_wconf 83' lang='lat' dir='ltr'>fieret</span> <span class='ocrx_word' id='word_1_151' title='bbox 787 631 853 664; x_wconf 89' lang='lat' dir='ltr'>Dei</span> <span class='ocrx_word' id='word_1_152' title='bbox 863 631 996 672; x_wconf 86' lang='lat' dir='ltr'>veritas,</span> <span class='ocrx_word' id='word_1_153' title='bbox 1005 627 1136 663; x_wconf 80' lang='lat' dir='ltr'>extollit</span> <span class='ocrx_word' id='word_1_154' title='bbox 1151 629 1222 661; x_wconf 87' lang='lat' dir='ltr'>eius</span> <span class='ocrx_word' id='word_1_155' title='bbox 1233 628 1391 674; x_wconf 82' lang='lat' dir='ltr'>pretium,</span> <span class='ocrx_word' id='word_1_156' title='bbox 1402 637 1507 672; x_wconf 86' lang='lat' dir='ltr'>quum</span> <span class='ocrx_word' id='word_1_157' title='bbox 1520 625 1690 664; x_wconf 85' lang='lat' dir='ltr'>admonet,</span> <span class='ocrx_word' id='word_1_158' title='bbox 1705 636 1866 672; x_wconf 83' lang='lat' dir='ltr'>magnum</span> <span class='ocrx_word' id='word_1_159' title='bbox 1880 623 1940 659; x_wconf 83' lang='lat' dir='ltr'>effe</span> <span class='ocrx_word' id='word_1_160' title='bbox 1952 630 2086 674; x_wconf 85' lang='lat' dir='ltr'>pietatis</span> <span class='ocrx_word' id='word_1_161' title='bbox 2098 640 2189 665; x_wconf 74' lang='lat' dir='ltr'>arca·-</span> 
     </span>
    </p>
   </div>
   <div class='ocr_carea' id='block_1_6' title="bbox 340 671 2247 729">
    <p class='ocr_par' dir='ltr' id='par_1_7' title="bbox 340 671 2247 729">
     <span class='ocr_line' id='line_1_15' title="bbox 340 671 2247 729; baseline -0.004 -9"><span class='ocrx_word' id='word_1_162' title='bbox 340 697 434 720; x_wconf 84' lang='lat' dir='ltr'>num:</span> <span class='ocrx_word' id='word_1_163' title='bbox 445 685 524 729; x_wconf 86' lang='lat' dir='ltr'>quia</span> <span class='ocrx_word' id='word_1_164' title='bbox 534 679 656 714; x_wconf 88' lang='lat' dir='ltr'>scilicet</span> <span class='ocrx_word' id='word_1_165' title='bbox 668 692 740 714; x_wconf 87' lang='lat' dir='ltr'>non</span> <span class='ocrx_word' id='word_1_166' title='bbox 749 689 865 725; x_wconf 83' lang='lat' dir='ltr'>agatur</span> <span class='ocrx_word' id='word_1_167' title='bbox 875 676 915 712; x_wconf 89' lang='lat' dir='ltr'>de</span> <span class='ocrx_word' id='word_1_168' title='bbox 926 677 1022 712; x_wconf 85' lang='lat' dir='ltr'>rebus</span> <span class='ocrx_word' id='word_1_169' title='bbox 1032 675 1182 716; x_wconf 72' lang='lat' dir='ltr'>abieffis,</span> <span class='ocrx_word' id='word_1_170' title='bbox 1193 673 1244 709; x_wconf 89' lang='lat' dir='ltr'>sed</span> <span class='ocrx_word' id='word_1_171' title='bbox 1254 675 1293 709; x_wconf 91' lang='lat' dir='ltr'>de</span> <span class='ocrx_word' id='word_1_172' title='bbox 1302 674 1506 708; x_wconf 80' lang='lat' dir='ltr'>reuelatione</span> <span class='ocrx_word' id='word_1_173' title='bbox 1520 672 1594 707; x_wconf 83' lang='lat' dir='ltr'>Filii</span> <span class='ocrx_word' id='word_1_174' title='bbox 1607 675 1686 711; x_wconf 86' lang='lat' dir='ltr'>Dei,</span> <span class='ocrx_word' id='word_1_175' title='bbox 1699 675 1733 708; x_wconf 91' lang='lat' dir='ltr'>in</span> <span class='ocrx_word' id='word_1_176' title='bbox 1746 685 1816 719; x_wconf 79' lang='lat' dir='ltr'>quo</span> <span class='ocrx_word' id='word_1_177' title='bbox 1831 671 2016 710; x_wconf 81' lang='lat' dir='ltr'>absconditi</span> <span class='ocrx_word' id='word_1_178' title='bbox 2028 674 2103 712; x_wconf 89' lang='lat' dir='ltr'>sunt</span> <span class='ocrx_word' id='word_1_179' title='bbox 2113 678 2190 713; x_wconf 78' lang='lat' dir='ltr'>the·</span> <span class='ocrx_word' id='word_1_180' title='bbox 2245 682 2247 690; x_wconf 75' lang='lat'><strong>⁴</strong></span> 
     </span>
    </p>
   </div>
   <div class='ocr_carea' id='block_1_7' title="bbox 340 719 2251 972">
    <p class='ocr_par' dir='ltr' id='par_1_8' title="bbox 340 719 2251 972">
     <span class='ocr_line' id='line_1_16' title="bbox 340 719 2239 776; baseline -0.003 -10"><span class='ocrx_word' id='word_1_181' title='bbox 340 732 423 767; x_wconf 76' lang='lat' dir='ltr'>sauri</span> <span class='ocrx_word' id='word_1_182' title='bbox 443 742 561 764; x_wconf 88' lang='lat' dir='ltr'>omnes</span> <span class='ocrx_word' id='word_1_183' title='bbox 571 727 747 776; x_wconf 83' lang='lat' dir='ltr'>sapientiae.</span> <span class='ocrx_word' id='word_1_184' title='bbox 769 728 817 761; x_wconf 85' lang='lat' dir='ltr'>Ex</span> <span class='ocrx_word' id='word_1_185' title='bbox 829 736 995 760; x_wconf 81' lang='lat' dir='ltr'>tantarum</span> <span class='ocrx_word' id='word_1_186' title='bbox 1006 737 1117 760; x_wconf 88' lang='lat' dir='ltr'>rerum</span> <span class='ocrx_word' id='word_1_187' title='bbox 1141 723 1375 771; x_wconf 84' lang='lat' dir='ltr'>magnitudine</span> <span class='ocrx_word' id='word_1_188' title='bbox 1384 734 1508 757; x_wconf 83' lang='lat' dir='ltr'>munus</span> <span class='ocrx_word' id='word_1_189' title='bbox 1519 719 1612 756; x_wconf 88' lang='lat' dir='ltr'>suum</span> <span class='ocrx_word' id='word_1_190' title='bbox 1624 721 1782 757; x_wconf 83' lang='lat' dir='ltr'>aestimare</span> <span class='ocrx_word' id='word_1_191' title='bbox 1792 721 1914 757; x_wconf 83' lang='lat' dir='ltr'>debent</span> <span class='ocrx_word' id='word_1_192' title='bbox 1927 723 2072 760; x_wconf 79' lang='lat' dir='ltr'>Pastores</span> <span class='ocrx_word' id='word_1_193' title='bbox 2082 749 2106 767; x_wconf 30' lang='lat' dir='ltr'>‚x</span> <span class='ocrx_word' id='word_1_194' title='bbox 2117 739 2190 774; x_wconf 83' lang='lat' dir='ltr'>quo</span> <span class='ocrx_word' id='word_1_195' title='bbox 2232 751 2239 759; x_wconf 76' lang='grc'><em>.</em></span> 
     </span>
     <span class='ocr_line' id='line_1_17' title="bbox 341 769 2247 830; baseline -0.003 -17"><span class='ocrx_word' id='word_1_196' title='bbox 341 781 416 830; x_wconf 88' lang='lat' dir='ltr'>plus</span> <span class='ocrx_word' id='word_1_197' title='bbox 429 779 602 826; x_wconf 82' lang='lat' dir='ltr'>religionis</span> <span class='ocrx_word' id='word_1_198' title='bbox 627 781 660 812; x_wconf 70' lang='grc' dir='ltr'>ὃς</span> <span class='ocrx_word' id='word_1_199' title='bbox 672 777 802 810; x_wconf 87' lang='lat' dir='ltr'>timoris</span> <span class='ocrx_word' id='word_1_200' title='bbox 813 773 991 809; x_wconf 82' lang='lat' dir='ltr'>adhibeant</span> <span class='ocrx_word' id='word_1_201' title='bbox 1001 774 1039 808; x_wconf 89' lang='lat' dir='ltr'>ad</span> <span class='ocrx_word' id='word_1_202' title='bbox 1048 772 1130 808; x_wconf 91' lang='lat' dir='ltr'>illud</span> <span class='ocrx_word' id='word_1_203' title='bbox 1140 771 1370 807; x_wconf 83' lang='lat' dir='ltr'>exercendum.</span> <span class='ocrx_word' id='word_1_204' title='bbox 1428 773 1517 805; x_wconf 77' lang='lat' dir='ltr'>Deus</span> <span class='ocrx_word' id='word_1_205' title='bbox 1525 769 1741 818; x_wconf 55' lang='lat' dir='ltr'>manifestatus.</span> <span class='ocrx_word' id='word_1_206' title='bbox 1784 769 1938 819; x_wconf 86' lang='lat' dir='ltr'>Vulgatis</span> <span class='ocrx_word' id='word_1_207' title='bbox 1949 772 2109 821; x_wconf 81' lang='lat' dir='ltr'>interpres</span> <span class='ocrx_word' id='word_1_208' title='bbox 2118 797 2130 813; x_wconf 81' lang='lat'>‚</span> <span class='ocrx_word' id='word_1_209' title='bbox 2148 788 2191 811; x_wconf 86' lang='grc' dir='ltr'>ο-</span> <span class='ocrx_word' id='word_1_210' title='bbox 2235 771 2247 807; x_wconf 62' lang='grc'>’.</span> 
     </span>
     <span class='ocr_line' id='line_1_18' title="bbox 341 817 2251 873; baseline -0.002 -11"><span class='ocrx_word' id='word_1_211' title='bbox 341 826 438 863; x_wconf 78' lang='lat' dir='ltr'>miffo</span> <span class='ocrx_word' id='word_1_212' title='bbox 449 829 513 862; x_wconf 88' lang='lat' dir='ltr'>Dei</span> <span class='ocrx_word' id='word_1_213' title='bbox 526 828 678 864; x_wconf 86' lang='lat' dir='ltr'>nomine,</span> <span class='ocrx_word' id='word_1_214' title='bbox 689 824 729 858; x_wconf 87' lang='lat' dir='ltr'>ad</span> <span class='ocrx_word' id='word_1_215' title='bbox 742 824 931 869; x_wconf 81' lang='lat' dir='ltr'>mysterium</span> <span class='ocrx_word' id='word_1_216' title='bbox 944 821 1040 859; x_wconf 82' lang='lat' dir='ltr'>refert</span> <span class='ocrx_word' id='word_1_217' title='bbox 1051 834 1123 869; x_wconf 85' lang='lat' dir='ltr'>quae</span> <span class='ocrx_word' id='word_1_218' title='bbox 1135 818 1317 868; x_wconf 85' lang='lat' dir='ltr'>sequuntur</span> <span class='ocrx_word' id='word_1_219' title='bbox 1326 842 1337 857; x_wconf 90' lang='lat'>,</span> <span class='ocrx_word' id='word_1_220' title='bbox 1347 817 1461 854; x_wconf 66' lang='lat' dir='ltr'>inscite</span> <span class='ocrx_word' id='word_1_221' title='bbox 1474 821 1620 854; x_wconf 83' lang='lat' dir='ltr'>omnino</span> <span class='ocrx_word' id='word_1_222' title='bbox 1632 823 1664 853; x_wconf 84' lang='lat'><strong>&amp;</strong></span> <span class='ocrx_word' id='word_1_223' title='bbox 1676 830 1871 868; x_wconf 79' lang='lat' dir='ltr'>perperam,</span> <span class='ocrx_word' id='word_1_224' title='bbox 1895 830 1930 854; x_wconf 87' lang='lat' dir='ltr'>vt</span> <span class='ocrx_word' id='word_1_225' title='bbox 1940 819 2059 856; x_wconf 75' lang='lat' dir='ltr'>clarius</span> <span class='ocrx_word' id='word_1_226' title='bbox 2069 835 2107 857; x_wconf 81' lang='lat' dir='ltr'>ex</span> <span class='ocrx_word' id='word_1_227' title='bbox 2120 822 2191 873; x_wconf 84' lang='lat' dir='ltr'>ipsa</span> <span class='ocrx_word' id='word_1_228' title='bbox 2248 843 2251 858; x_wconf 49' lang='grc' dir='ltr'>κ</span> 
     </span>
     <span class='ocr_line' id='line_1_19' title="bbox 341 865 2193 922; baseline -0.002 -10"><span class='ocrx_word' id='word_1_229' title='bbox 341 878 541 912; x_wconf 63' lang='lat' dir='ltr'>tractatione</span> <span class='ocrx_word' id='word_1_230' title='bbox 552 873 688 922; x_wconf 81' lang='lat' dir='ltr'>patebit.</span> <span class='ocrx_word' id='word_1_231' title='bbox 700 883 893 920; x_wconf 84' lang='lat' dir='ltr'>quanquam</span> <span class='ocrx_word' id='word_1_232' title='bbox 903 870 1072 905; x_wconf 83' lang='lat' dir='ltr'>Erasmum</span> <span class='ocrx_word' id='word_1_233' title='bbox 1084 869 1182 905; x_wconf 82' lang='lat' dir='ltr'>habet</span> <span class='ocrx_word' id='word_1_234' title='bbox 1193 867 1438 915; x_wconf 78' lang='lat' dir='ltr'>suffragatorem</span> <span class='ocrx_word' id='word_1_235' title='bbox 1461 869 1540 915; x_wconf 82' lang='lat' dir='ltr'>:qui</span> <span class='ocrx_word' id='word_1_236' title='bbox 1549 878 1662 902; x_wconf 87' lang='lat' dir='ltr'>tamen</span> <span class='ocrx_word' id='word_1_237' title='bbox 1673 867 1741 915; x_wconf 87' lang='lat' dir='ltr'>ipse</span> <span class='ocrx_word' id='word_1_238' title='bbox 1752 865 2035 904; x_wconf 75' lang='lat' dir='ltr'>sibifidemeleuat</span> <span class='ocrx_word' id='word_1_239' title='bbox 2047 893 2057 909; x_wconf 89' lang='lat'>‚</span> <span class='ocrx_word' id='word_1_240' title='bbox 2069 882 2104 906; x_wconf 83' lang='lat' dir='ltr'>vt</span> <span class='ocrx_word' id='word_1_241' title='bbox 2117 866 2193 908; x_wconf 76' lang='lat' dir='ltr'>mea</span> 
     </span>
     <span class='ocr_line' id='line_1_20' title="bbox 341 914 2193 972; baseline -0.002 -12"><span class='ocrx_word' id='word_1_242' title='bbox 341 924 542 960; x_wconf 86' lang='lat' dir='ltr'>refutatione</span> <span class='ocrx_word' id='word_1_243' title='bbox 554 935 639 972; x_wconf 89' lang='lat' dir='ltr'>opus</span> <span class='ocrx_word' id='word_1_244' title='bbox 651 935 721 956; x_wconf 91' lang='lat' dir='ltr'>non</span> <span class='ocrx_word' id='word_1_245' title='bbox 734 920 781 955; x_wconf 85' lang='lat' dir='ltr'>fit.</span> <span class='ocrx_word' id='word_1_246' title='bbox 796 921 901 953; x_wconf 78' lang='lat' dir='ltr'>Graeci</span> <span class='ocrx_word' id='word_1_247' title='bbox 913 918 998 953; x_wconf 65' lang='lat' dir='ltr'>certe.</span> <span class='ocrx_word' id='word_1_248' title='bbox 1011 931 1129 953; x_wconf 87' lang='lat' dir='ltr'>omnes</span> <span class='ocrx_word' id='word_1_249' title='bbox 1141 921 1174 953; x_wconf 92' lang='lat' dir='ltr'>in</span> <span class='ocrx_word' id='word_1_250' title='bbox 1187 918 1272 953; x_wconf 88' lang='lat' dir='ltr'>hanc</span> <span class='ocrx_word' id='word_1_251' title='bbox 1283 917 1464 952; x_wconf 71' lang='lat' dir='ltr'>lcstionem</span> <span class='ocrx_word' id='word_1_252' title='bbox 1475 914 1690 951; x_wconf 87' lang='lat' dir='ltr'>consentiunt</span> <span class='ocrx_word' id='word_1_253' title='bbox 1707 939 1718 954; x_wconf 91' lang='lat'>‚</span> <span class='ocrx_word' id='word_1_254' title='bbox 1728 917 1819 951; x_wconf 85' lang='lat' dir='ltr'>Deus</span> <span class='ocrx_word' id='word_1_255' title='bbox 1833 915 2060 954; x_wconf 74' lang='lat' dir='ltr'>manifestatus</span> <span class='ocrx_word' id='word_1_256' title='bbox 2073 921 2110 955; x_wconf 87' lang='lat' dir='ltr'>in</span> <span class='ocrx_word' id='word_1_257' title='bbox 2120 931 2193 956; x_wconf 84' lang='lat' dir='ltr'>car-</span> 
     </span>
    </p>
   </div>
   <div class='ocr_carea' id='block_1_8' title="bbox 343 962 2255 1068">
    <p class='ocr_par' dir='ltr' id='par_1_9' title="bbox 343 962 2255 1068">
     <span class='ocr_line' id='line_1_21' title="bbox 343 962 2255 1014; baseline -0.009 -5"><span class='ocrx_word' id='word_1_258' title='bbox 343 987 396 1010; x_wconf 63' lang='lat' dir='ltr'>ne,</span> <span class='ocrx_word' id='word_1_259' title='bbox 409 973 533 1008; x_wconf 71' lang='lat' dir='ltr'>Verum</span> <span class='ocrx_word' id='word_1_260' title='bbox 547 984 581 1006; x_wconf 84' lang='grc' dir='ltr'>νε</span> <span class='ocrx_word' id='word_1_261' title='bbox 592 972 708 1005; x_wconf 85' lang='lat' dir='ltr'>demus</span> <span class='ocrx_word' id='word_1_262' title='bbox 719 981 846 1004; x_wconf 89' lang='lat' dir='ltr'>nomen</span> <span class='ocrx_word' id='word_1_263' title='bbox 855 968 919 1001; x_wconf 89' lang='lat' dir='ltr'>Dei</span> <span class='ocrx_word' id='word_1_264' title='bbox 929 980 1000 1002; x_wconf 90' lang='lat' dir='ltr'>non</span> <span class='ocrx_word' id='word_1_265' title='bbox 1009 966 1101 1001; x_wconf 82' lang='lat' dir='ltr'>fuisse</span> <span class='ocrx_word' id='word_1_266' title='bbox 1111 964 1291 1014; x_wconf 84' lang='lat' dir='ltr'>expreffum</span> <span class='ocrx_word' id='word_1_267' title='bbox 1307 966 1324 999; x_wconf 74' lang='lat' dir='ltr'>a</span> <span class='ocrx_word' id='word_1_268' title='bbox 1335 964 1451 1003; x_wconf 88' lang='lat' dir='ltr'>Paulo,</span> <span class='ocrx_word' id='word_1_269' title='bbox 1459 962 1722 1000; x_wconf 84' lang='lat' dir='ltr'>subaudiendum</span> <span class='ocrx_word' id='word_1_270' title='bbox 1733 975 1847 1000; x_wconf 83' lang='lat' dir='ltr'>tamen</span> <span class='ocrx_word' id='word_1_271' title='bbox 1857 964 1916 999; x_wconf 72' lang='lat' dir='ltr'>effe</span> <span class='ocrx_word' id='word_1_272' title='bbox 1927 965 2053 1002; x_wconf 80' lang='lat' dir='ltr'>Christi</span> <span class='ocrx_word' id='word_1_273' title='bbox 2063 981 2193 1006; x_wconf 81' lang='lat' dir='ltr'>nornen</span> <span class='ocrx_word' id='word_1_274' title='bbox 2243 984 2255 999; x_wconf 73' lang='lat'>.‚</span> 
     </span>
     <span class='ocr_line' id='line_1_22' title="bbox 343 1012 2251 1068; baseline -0.003 -11"><span class='ocrx_word' id='word_1_275' title='bbox 343 1021 500 1057; x_wconf 80' lang='lat' dir='ltr'>fatebitur</span> <span class='ocrx_word' id='word_1_276' title='bbox 511 1018 659 1068; x_wconf 86' lang='lat' dir='ltr'>quisquis</span> <span class='ocrx_word' id='word_1_277' title='bbox 671 1018 848 1066; x_wconf 83' lang='lat' dir='ltr'>prudenter</span> <span class='ocrx_word' id='word_1_278' title='bbox 859 1017 975 1050; x_wconf 87' lang='lat' dir='ltr'>omnia</span> <span class='ocrx_word' id='word_1_279' title='bbox 984 1016 1156 1063; x_wconf 85' lang='lat' dir='ltr'>expendet.</span> <span class='ocrx_word' id='word_1_280' title='bbox 1170 1016 1239 1062; x_wconf 83' lang='lat' dir='ltr'>Ego</span> <span class='ocrx_word' id='word_1_281' title='bbox 1249 1025 1362 1048; x_wconf 86' lang='lat' dir='ltr'>tamen</span> <span class='ocrx_word' id='word_1_282' title='bbox 1372 1012 1439 1048; x_wconf 81' lang='lat' dir='ltr'>sine</span> <span class='ocrx_word' id='word_1_283' title='bbox 1449 1012 1656 1052; x_wconf 87' lang='lat' dir='ltr'>difficultate,</span> <span class='ocrx_word' id='word_1_284' title='bbox 1667 1025 1832 1061; x_wconf 79' lang='lat' dir='ltr'>receptam</span> <span class='ocrx_word' id='word_1_285' title='bbox 1844 1015 1862 1048; x_wconf 71' lang='lat' dir='ltr'>a</span> <span class='ocrx_word' id='word_1_286' title='bbox 1873 1015 1996 1050; x_wconf 79' lang='lat' dir='ltr'>Graecis</span> <span class='ocrx_word' id='word_1_287' title='bbox 2005 1014 2192 1054; x_wconf 60' lang='lat' dir='ltr'>ledrionem</span> <span class='ocrx_word' id='word_1_288' title='bbox 2243 1048 2251 1057; x_wconf 30' lang='grc' dir='ltr'><strong>ὅ</strong></span> 
     </span>
    </p>
   </div>
   <div class='ocr_carea' id='block_1_9' title="bbox 343 1060 2254 1409">
    <p class='ocr_par' dir='ltr' id='par_1_10' title="bbox 343 1060 2254 1409">
     <span class='ocr_line' id='line_1_23' title="bbox 343 1060 2249 1118; baseline -0.004 -12"><span class='ocrx_word' id='word_1_289' title='bbox 343 1072 471 1118; x_wconf 84' lang='lat' dir='ltr'>sequor.</span> <span class='ocrx_word' id='word_1_290' title='bbox 482 1069 587 1116; x_wconf 67' lang='lat' dir='ltr'>Qod</span> <span class='ocrx_word' id='word_1_291' title='bbox 604 1065 904 1102; x_wconf 82' lang='lat' dir='ltr'>manifestationem</span> <span class='ocrx_word' id='word_1_292' title='bbox 916 1063 1039 1098; x_wconf 88' lang='lat' dir='ltr'>Christi</span> <span class='ocrx_word' id='word_1_293' title='bbox 1051 1063 1182 1110; x_wconf 83' lang='lat' dir='ltr'>qualem</span> <span class='ocrx_word' id='word_1_294' title='bbox 1196 1063 1308 1110; x_wconf 87' lang='lat' dir='ltr'>postea</span> <span class='ocrx_word' id='word_1_295' title='bbox 1316 1060 1480 1100; x_wconf 82' lang='lat' dir='ltr'>describit,</span> <span class='ocrx_word' id='word_1_296' title='bbox 1489 1072 1586 1097; x_wconf 83' lang='lat' dir='ltr'>vocat</span> <span class='ocrx_word' id='word_1_297' title='bbox 1597 1074 1759 1110; x_wconf 85' lang='lat' dir='ltr'>magnum</span> <span class='ocrx_word' id='word_1_298' title='bbox 1770 1074 1927 1097; x_wconf 85' lang='lat' dir='ltr'>arcanum</span> <span class='ocrx_word' id='word_1_299' title='bbox 1937 1086 1948 1103; x_wconf 90' lang='lat'>,</span> <span class='ocrx_word' id='word_1_300' title='bbox 1960 1066 2047 1100; x_wconf 85' lang='lat' dir='ltr'>ratio</span> <span class='ocrx_word' id='word_1_301' title='bbox 2066 1066 2102 1100; x_wconf 88' lang='lat' dir='ltr'>in</span> <span class='ocrx_word' id='word_1_302' title='bbox 2113 1067 2194 1114; x_wconf 67' lang='lat'>916.</span> <span class='ocrx_word' id='word_1_303' title='bbox 2245 1094 2249 1102; x_wconf 79' lang='grc'><strong>,</strong></span> 
     </span>
     <span class='ocr_line' id='line_1_24' title="bbox 345 1107 2250 1168; baseline -0.003 -14"><span class='ocrx_word' id='word_1_304' title='bbox 345 1132 404 1168; x_wconf 81' lang='lat' dir='ltr'>pru</span> <span class='ocrx_word' id='word_1_305' title='bbox 417 1120 471 1153; x_wconf 87' lang='lat' dir='ltr'>est:</span> <span class='ocrx_word' id='word_1_306' title='bbox 483 1122 550 1153; x_wconf 72' lang='lat' dir='ltr'>hxc</span> <span class='ocrx_word' id='word_1_307' title='bbox 561 1119 651 1151; x_wconf 89' lang='lat' dir='ltr'>enim</span> <span class='ocrx_word' id='word_1_308' title='bbox 663 1116 706 1149; x_wconf 90' lang='lat' dir='ltr'>est</span> <span class='ocrx_word' id='word_1_309' title='bbox 717 1113 872 1150; x_wconf 85' lang='lat' dir='ltr'>altitudo,</span> <span class='ocrx_word' id='word_1_310' title='bbox 886 1111 1107 1160; x_wconf 82' lang='lat' dir='ltr'>profunditas,</span> <span class='ocrx_word' id='word_1_311' title='bbox 1121 1115 1153 1146; x_wconf 82' lang='lat'>&amp;</span> <span class='ocrx_word' id='word_1_312' title='bbox 1167 1110 1308 1146; x_wconf 84' lang='lat' dir='ltr'>latitudo</span> <span class='ocrx_word' id='word_1_313' title='bbox 1325 1107 1508 1158; x_wconf 79' lang='lat' dir='ltr'>sapientiae‚</span> <span class='ocrx_word' id='word_1_314' title='bbox 1525 1112 1620 1146; x_wconf 88' lang='lat' dir='ltr'>cuius</span> <span class='ocrx_word' id='word_1_315' title='bbox 1633 1113 1788 1145; x_wconf 75' lang='lat' dir='ltr'>meminit</span> <span class='ocrx_word' id='word_1_316' title='bbox 1798 1112 1838 1145; x_wconf 83' lang='lat' dir='ltr'>ad</span> <span class='ocrx_word' id='word_1_317' title='bbox 1856 1110 2013 1160; x_wconf 82' lang='lat' dir='ltr'>Ephesios</span> <span class='ocrx_word' id='word_1_318' title='bbox 2022 1114 2081 1158; x_wconf 78' lang='lat' dir='ltr'>3-d.</span> <span class='ocrx_word' id='word_1_319' title='bbox 2095 1117 2140 1149; x_wconf 82' lang='lat'>18.</span> <span class='ocrx_word' id='word_1_320' title='bbox 2152 1115 2197 1151; x_wconf 83' lang='lat' dir='ltr'>ad</span> <span class='ocrx_word' id='word_1_321' title='bbox 2224 1130 2228 1134; x_wconf 72' lang='lat'><strong><em>¹</em></strong></span> <span class='ocrx_word' id='word_1_322' title='bbox 2245 1107 2250 1128; x_wconf 74' lang='grc'>’·</span> 
     </span>
     <span class='ocr_line' id='line_1_25' title="bbox 346 1157 2243 1216; baseline -0.003 -13"><span class='ocrx_word' id='word_1_323' title='bbox 346 1181 447 1216; x_wconf 80' lang='lat' dir='ltr'>quam</span> <span class='ocrx_word' id='word_1_324' title='bbox 458 1165 564 1202; x_wconf 85' lang='lat' dir='ltr'>sensus</span> <span class='ocrx_word' id='word_1_325' title='bbox 576 1176 693 1199; x_wconf 86' lang='lat' dir='ltr'>omnes</span> <span class='ocrx_word' id='word_1_326' title='bbox 705 1162 834 1198; x_wconf 89' lang='lat' dir='ltr'>nostros</span> <span class='ocrx_word' id='word_1_327' title='bbox 845 1160 1069 1209; x_wconf 86' lang='lat' dir='ltr'>obstupescere</span> <span class='ocrx_word' id='word_1_328' title='bbox 1083 1157 1206 1195; x_wconf 78' lang='lat' dir='ltr'>necesse</span> <span class='ocrx_word' id='word_1_329' title='bbox 1220 1160 1274 1196; x_wconf 87' lang='lat' dir='ltr'>est.</span> <span class='ocrx_word' id='word_1_330' title='bbox 1289 1159 1392 1196; x_wconf 86' lang='lat' dir='ltr'>Nunc</span> <span class='ocrx_word' id='word_1_331' title='bbox 1403 1159 1520 1195; x_wconf 88' lang='lat' dir='ltr'>ordine</span> <span class='ocrx_word' id='word_1_332' title='bbox 1540 1161 1744 1194; x_wconf 84' lang='lat' dir='ltr'>excutiamus</span> <span class='ocrx_word' id='word_1_333' title='bbox 1756 1158 1893 1207; x_wconf 81' lang='lat' dir='ltr'>singula.</span> <span class='ocrx_word' id='word_1_334' title='bbox 1905 1161 1986 1195; x_wconf 88' lang='lat' dir='ltr'>Non</span> <span class='ocrx_word' id='word_1_335' title='bbox 1997 1164 2110 1209; x_wconf 84' lang='lat' dir='ltr'>potuit</span> <span class='ocrx_word' id='word_1_336' title='bbox 2120 1175 2195 1198; x_wconf 87' lang='lat' dir='ltr'>ma-</span> <span class='ocrx_word' id='word_1_337' title='bbox 2242 1163 2243 1168; x_wconf 71' lang='grc'>’</span> 
     </span>
     <span class='ocr_line' id='line_1_26' title="bbox 345 1206 2245 1265; baseline -0.004 -14"><span class='ocrx_word' id='word_1_338' title='bbox 345 1219 395 1265; x_wconf 83' lang='lat' dir='ltr'>gis</span> <span class='ocrx_word' id='word_1_339' title='bbox 409 1215 540 1264; x_wconf 70' lang='lat' dir='ltr'>proprie</span> <span class='ocrx_word' id='word_1_340' title='bbox 552 1215 591 1248; x_wconf 88' lang='lat' dir='ltr'>de</span> <span class='ocrx_word' id='word_1_341' title='bbox 602 1212 724 1248; x_wconf 84' lang='lat' dir='ltr'>Christi</span> <span class='ocrx_word' id='word_1_342' title='bbox 737 1209 877 1259; x_wconf 83' lang='lat' dir='ltr'>persona</span> <span class='ocrx_word' id='word_1_343' title='bbox 888 1209 998 1258; x_wconf 78' lang='lat' dir='ltr'>loqui,</span> <span class='ocrx_word' id='word_1_344' title='bbox 1009 1210 1111 1257; x_wconf 74' lang='lat' dir='ltr'>quam</span> <span class='ocrx_word' id='word_1_345' title='bbox 1121 1209 1174 1253; x_wconf 79' lang='lat' dir='ltr'>his</span> <span class='ocrx_word' id='word_1_346' title='bbox 1187 1207 1311 1245; x_wconf 78' lang='lat' dir='ltr'>verbis:</span> <span class='ocrx_word' id='word_1_347' title='bbox 1326 1209 1418 1244; x_wconf 90' lang='lat' dir='ltr'>Deus</span> <span class='ocrx_word' id='word_1_348' title='bbox 1428 1206 1652 1243; x_wconf 84' lang='lat' dir='ltr'>manifestatus</span> <span class='ocrx_word' id='word_1_349' title='bbox 1663 1211 1698 1247; x_wconf 83' lang='lat' dir='ltr'>in</span> <span class='ocrx_word' id='word_1_350' title='bbox 1710 1220 1817 1243; x_wconf 86' lang='lat' dir='ltr'>carne.</span> <span class='ocrx_word' id='word_1_351' title='bbox 1827 1208 1916 1243; x_wconf 83' lang='lat' dir='ltr'>Nam</span> <span class='ocrx_word' id='word_1_352' title='bbox 1928 1209 2043 1257; x_wconf 74' lang='lat' dir='ltr'>primo</span> <span class='ocrx_word' id='word_1_353' title='bbox 2057 1233 2068 1249; x_wconf 86' lang='lat'><em>‚</em></span> <span class='ocrx_word' id='word_1_354' title='bbox 2091 1210 2195 1247; x_wconf 86' lang='lat' dir='ltr'>diser-</span> <span class='ocrx_word' id='word_1_355' title='bbox 2242 1244 2245 1248; x_wconf 76' lang='grc'>,</span> 
     </span>
     <span class='ocr_line' id='line_1_27' title="bbox 345 1250 2254 1307; baseline -0.002 -7"><span class='ocrx_word' id='word_1_356' title='bbox 345 1276 418 1300; x_wconf 92' lang='lat' dir='ltr'>tum</span> <span class='ocrx_word' id='word_1_357' title='bbox 430 1264 484 1299; x_wconf 80' lang='lat' dir='ltr'>hic</span> <span class='ocrx_word' id='word_1_358' title='bbox 495 1263 726 1297; x_wconf 88' lang='lat' dir='ltr'>testimonium</span> <span class='ocrx_word' id='word_1_359' title='bbox 739 1259 900 1294; x_wconf 83' lang='lat' dir='ltr'>habemus</span> <span class='ocrx_word' id='word_1_360' title='bbox 913 1258 1082 1306; x_wconf 77' lang='lat' dir='ltr'>Vtriusque</span> <span class='ocrx_word' id='word_1_361' title='bbox 1094 1270 1338 1302; x_wconf 70' lang='lat' dir='ltr'>naturewerum</span> <span class='ocrx_word' id='word_1_362' title='bbox 1350 1259 1440 1292; x_wconf 90' lang='lat' dir='ltr'>enim</span> <span class='ocrx_word' id='word_1_363' title='bbox 1451 1259 1564 1292; x_wconf 87' lang='lat' dir='ltr'>Deum</span> <span class='ocrx_word' id='word_1_364' title='bbox 1573 1261 1608 1291; x_wconf 71' lang='grc' dir='ltr'>δε</span> <span class='ocrx_word' id='word_1_365' title='bbox 1618 1251 1733 1292; x_wconf 86' lang='lat' dir='ltr'>verum</span> <span class='ocrx_word' id='word_1_366' title='bbox 1746 1258 1922 1292; x_wconf 84' lang='lat' dir='ltr'>hominem</span> <span class='ocrx_word' id='word_1_367' title='bbox 1932 1256 2029 1293; x_wconf 79' lang='lat' dir='ltr'>simul</span> <span class='ocrx_word' id='word_1_368' title='bbox 2039 1271 2196 1307; x_wconf 85' lang='lat' dir='ltr'>pronun-</span> <span class='ocrx_word' id='word_1_369' title='bbox 2244 1250 2254 1297; x_wconf 13' lang='grc' dir='ltr'>Ἰ.</span> 
     </span>
     <span class='ocr_line' id='line_1_28' title="bbox 345 1300 2254 1355; baseline -0.002 -7"><span class='ocrx_word' id='word_1_370' title='bbox 345 1316 415 1348; x_wconf 84' lang='lat' dir='ltr'>tiat.</span> <span class='ocrx_word' id='word_1_371' title='bbox 426 1312 593 1351; x_wconf 79' lang='lat' dir='ltr'>Secundo,</span> <span class='ocrx_word' id='word_1_372' title='bbox 607 1320 741 1345; x_wconf 83' lang='lat' dir='ltr'>notatur</span> <span class='ocrx_word' id='word_1_373' title='bbox 752 1311 837 1343; x_wconf 86' lang='lat' dir='ltr'>inter</span> <span class='ocrx_word' id='word_1_374' title='bbox 847 1309 927 1343; x_wconf 87' lang='lat' dir='ltr'>duas</span> <span class='ocrx_word' id='word_1_375' title='bbox 938 1319 1069 1342; x_wconf 81' lang='lat' dir='ltr'>naturas</span> <span class='ocrx_word' id='word_1_376' title='bbox 1078 1308 1267 1343; x_wconf 55' lang='lat' dir='ltr'>distinctio:</span> <span class='ocrx_word' id='word_1_377' title='bbox 1280 1318 1387 1355; x_wconf 85' lang='lat' dir='ltr'>quum</span> <span class='ocrx_word' id='word_1_378' title='bbox 1399 1306 1478 1341; x_wconf 85' lang='lat' dir='ltr'>hinc</span> <span class='ocrx_word' id='word_1_379' title='bbox 1489 1317 1588 1340; x_wconf 84' lang='lat' dir='ltr'>vocar</span> <span class='ocrx_word' id='word_1_380' title='bbox 1597 1307 1708 1342; x_wconf 85' lang='lat' dir='ltr'>Deum</span> <span class='ocrx_word' id='word_1_381' title='bbox 1718 1329 1731 1344; x_wconf 80' lang='lat'>,</span> <span class='ocrx_word' id='word_1_382' title='bbox 1746 1307 1823 1341; x_wconf 88' lang='lat' dir='ltr'>inde</span> <span class='ocrx_word' id='word_1_383' title='bbox 1833 1305 2137 1344; x_wconf 80' lang='lat' dir='ltr'>manifestationem</span> <span class='ocrx_word' id='word_1_384' title='bbox 2155 1300 2195 1346; x_wconf 62' lang='lat' dir='ltr'>in</span> <span class='ocrx_word' id='word_1_385' title='bbox 2216 1307 2219 1309; x_wconf 62' lang='grc'><strong>’</strong></span> <span class='ocrx_word' id='word_1_386' title='bbox 2252 1306 2254 1309; x_wconf 65' lang='grc'><strong>’</strong></span> 
     </span>
     <span class='ocr_line' id='line_1_29' title="bbox 347 1353 2248 1409; baseline -0.004 -13"><span class='ocrx_word' id='word_1_387' title='bbox 347 1374 444 1403; x_wconf 75' lang='lat' dir='ltr'>carne</span> <span class='ocrx_word' id='word_1_388' title='bbox 454 1363 563 1409; x_wconf 89' lang='lat' dir='ltr'>ponit.</span> <span class='ocrx_word' id='word_1_389' title='bbox 590 1359 721 1398; x_wconf 75' lang='lat' dir='ltr'>Tertio,</span> <span class='ocrx_word' id='word_1_390' title='bbox 735 1359 843 1392; x_wconf 87' lang='lat' dir='ltr'>vnitas</span> <span class='ocrx_word' id='word_1_391' title='bbox 857 1354 1001 1404; x_wconf 84' lang='lat' dir='ltr'>personae</span> <span class='ocrx_word' id='word_1_392' title='bbox 1013 1354 1216 1404; x_wconf 79' lang='lat' dir='ltr'>significatur</span> <span class='ocrx_word' id='word_1_393' title='bbox 1226 1380 1236 1393; x_wconf 82' lang='lat'><em>‚</em></span> <span class='ocrx_word' id='word_1_394' title='bbox 1246 1368 1352 1403; x_wconf 84' lang='lat' dir='ltr'>quum</span> <span class='ocrx_word' id='word_1_395' title='bbox 1365 1367 1469 1389; x_wconf 86' lang='lat' dir='ltr'>vnum</span> <span class='ocrx_word' id='word_1_396' title='bbox 1482 1353 1693 1400; x_wconf 67' lang='lat' dir='ltr'>eundemque</span> <span class='ocrx_word' id='word_1_397' title='bbox 1705 1353 1764 1389; x_wconf 83' lang='lat' dir='ltr'>effe</span> <span class='ocrx_word' id='word_1_398' title='bbox 1775 1356 1870 1389; x_wconf 79' lang='lat' dir='ltr'>tradit</span> <span class='ocrx_word' id='word_1_399' title='bbox 1884 1368 1893 1389; x_wconf 72' lang='grc' dir='ltr'><strong>ε</strong></span> <span class='ocrx_word' id='word_1_400' title='bbox 1912 1358 1971 1402; x_wconf 90' lang='lat' dir='ltr'>qui</span> <span class='ocrx_word' id='word_1_401' title='bbox 1982 1367 2087 1402; x_wconf 84' lang='lat' dir='ltr'>quum</span> <span class='ocrx_word' id='word_1_402' title='bbox 2099 1358 2195 1394; x_wconf 86' lang='lat' dir='ltr'>Deus</span> <span class='ocrx_word' id='word_1_403' title='bbox 2245 1378 2248 1389; x_wconf 87' lang='lat'>.</span> 
     </span>
    </p>
   </div>
   <div class='ocr_carea' id='block_1_10' title="bbox 347 1401 2195 1450">
    <p class='ocr_par' dir='ltr' id='par_1_11' title="bbox 347 1392 2246 1450">
     <span class='ocr_line' id='line_1_30' title="bbox 347 1401 2195 1450; baseline -0.005 -5"><span class='ocrx_word' id='word_1_404' title='bbox 347 1404 434 1450; x_wconf 75' lang='lat' dir='ltr'>effer,</span> <span class='ocrx_word' id='word_1_405' title='bbox 448 1407 673 1444; x_wconf 85' lang='lat' dir='ltr'>manifestatus</span> <span class='ocrx_word' id='word_1_406' title='bbox 685 1406 748 1441; x_wconf 90' lang='lat' dir='ltr'>fuit</span> <span class='ocrx_word' id='word_1_407' title='bbox 759 1408 794 1441; x_wconf 89' lang='lat' dir='ltr'>in</span> <span class='ocrx_word' id='word_1_408' title='bbox 805 1417 913 1440; x_wconf 86' lang='lat' dir='ltr'>carne.</span> <span class='ocrx_word' id='word_1_409' title='bbox 937 1407 985 1439; x_wconf 91' lang='lat' dir='ltr'>Ita</span> <span class='ocrx_word' id='word_1_410' title='bbox 995 1404 1063 1440; x_wconf 89' lang='lat' dir='ltr'>hoc</span> <span class='ocrx_word' id='word_1_411' title='bbox 1075 1417 1145 1439; x_wconf 83' lang='lat' dir='ltr'>vno</span> <span class='ocrx_word' id='word_1_412' title='bbox 1157 1404 1354 1439; x_wconf 87' lang='lat' dir='ltr'>testimonio</span> <span class='ocrx_word' id='word_1_413' title='bbox 1369 1415 1445 1438; x_wconf 85' lang='lat' dir='ltr'>vera</span> <span class='ocrx_word' id='word_1_414' title='bbox 1457 1406 1491 1437; x_wconf 87' lang='lat'>&amp;</span> <span class='ocrx_word' id='word_1_415' title='bbox 1503 1402 1689 1437; x_wconf 88' lang='lat' dir='ltr'>orthodoxa</span> <span class='ocrx_word' id='word_1_416' title='bbox 1700 1401 1779 1437; x_wconf 83' lang='lat' dir='ltr'>fides</span> <span class='ocrx_word' id='word_1_417' title='bbox 1789 1401 1940 1438; x_wconf 85' lang='lat' dir='ltr'>aduersus</span> <span class='ocrx_word' id='word_1_418' title='bbox 1950 1405 2195 1444; x_wconf 74' lang='lat' dir='ltr'>Arrium,Mai--</span> 
     </span>
    </p>
   </div>
   <div class='ocr_carea' id='block_1_11' title="bbox 347 1447 2268 1501">
    <p class='ocr_par' dir='ltr' id='par_1_12' title="bbox 347 1447 2268 1501">
     <span class='ocr_line' id='line_1_31' title="bbox 347 1447 2268 1501; baseline -0.005 -8"><span class='ocrx_word' id='word_1_419' title='bbox 347 1461 496 1497; x_wconf 80' lang='lat' dir='ltr'>cionem,</span> <span class='ocrx_word' id='word_1_420' title='bbox 508 1457 721 1496; x_wconf 82' lang='lat' dir='ltr'>Nestorium,</span> <span class='ocrx_word' id='word_1_421' title='bbox 732 1458 764 1489; x_wconf 73' lang='grc' dir='ltr'>ὅ(</span> <span class='ocrx_word' id='word_1_422' title='bbox 777 1453 962 1500; x_wconf 75' lang='lat' dir='ltr'>Eutyche-m</span> <span class='ocrx_word' id='word_1_423' title='bbox 975 1453 1104 1501; x_wconf 68' lang='lat' dir='ltr'>egregie</span> <span class='ocrx_word' id='word_1_424' title='bbox 1117 1455 1279 1488; x_wconf 73' lang='lat' dir='ltr'>munitur.</span> <span class='ocrx_word' id='word_1_425' title='bbox 1309 1451 1474 1486; x_wconf 66' lang='lat' dir='ltr'>Caeterfim</span> <span class='ocrx_word' id='word_1_426' title='bbox 1487 1464 1644 1499; x_wconf 84' lang='lat' dir='ltr'>magnam</span> <span class='ocrx_word' id='word_1_427' title='bbox 1656 1450 1825 1499; x_wconf 73' lang='lat' dir='ltr'>emphasin</span> <span class='ocrx_word' id='word_1_428' title='bbox 1843 1453 2089 1492; x_wconf 75' lang='lat' dir='ltr'>continentista</span> <span class='ocrx_word' id='word_1_429' title='bbox 2104 1457 2196 1490; x_wconf 77' lang='lat' dir='ltr'>anti·</span> <span class='ocrx_word' id='word_1_430' title='bbox 2248 1471 2249 1474; x_wconf 65' lang='lat'><em>=</em></span> <span class='ocrx_word' id='word_1_431' title='bbox 2267 1447 2268 1455; x_wconf 53' lang='lat'>¹</span> 
     </span>
    </p>
   </div>
   <div class='ocr_carea' id='block_1_12' title="bbox 348 1498 2250 3050">
    <p class='ocr_par' dir='ltr' id='par_1_13' title="bbox 348 1498 2250 2956">
     <span class='ocr_line' id='line_1_32' title="bbox 348 1498 2236 1551; baseline -0.003 -9"><span class='ocrx_word' id='word_1_432' title='bbox 348 1507 450 1545; x_wconf 86' lang='lat' dir='ltr'>theta,</span> <span class='ocrx_word' id='word_1_433' title='bbox 461 1509 549 1540; x_wconf 70' lang='lat' dir='ltr'>Deus·</span> <span class='ocrx_word' id='word_1_434' title='bbox 559 1508 591 1538; x_wconf 79' lang='lat' dir='ltr'>in</span> <span class='ocrx_word' id='word_1_435' title='bbox 601 1516 700 1538; x_wconf 84' lang='lat' dir='ltr'>carne.</span> <span class='ocrx_word' id='word_1_436' title='bbox 752 1504 929 1548; x_wconf 81' lang='lat' dir='ltr'>Qantum</span> <span class='ocrx_word' id='word_1_437' title='bbox 941 1505 1030 1537; x_wconf 88' lang='lat' dir='ltr'>enim</span> <span class='ocrx_word' id='word_1_438' title='bbox 1043 1503 1175 1537; x_wconf 86' lang='lat' dir='ltr'>interest</span> <span class='ocrx_word' id='word_1_439' title='bbox 1184 1503 1270 1535; x_wconf 87' lang='lat' dir='ltr'>inter</span> <span class='ocrx_word' id='word_1_440' title='bbox 1280 1502 1390 1536; x_wconf 74' lang='lat' dir='ltr'>Deum</span> <span class='ocrx_word' id='word_1_441' title='bbox 1404 1505 1436 1536; x_wconf 70' lang='grc' dir='ltr'>ὃ(</span> <span class='ocrx_word' id='word_1_442' title='bbox 1450 1500 1626 1535; x_wconf 82' lang='lat' dir='ltr'>hominem</span> <span class='ocrx_word' id='word_1_443' title='bbox 1635 1504 1650 1533; x_wconf 69' lang='grc' dir='ltr'><strong><em>ἓ</em></strong></span> <span class='ocrx_word' id='word_1_444' title='bbox 1675 1501 1714 1535; x_wconf 88' lang='lat' dir='ltr'>Et</span> <span class='ocrx_word' id='word_1_445' title='bbox 1723 1512 1834 1534; x_wconf 87' lang='lat' dir='ltr'>tamen</span> <span class='ocrx_word' id='word_1_446' title='bbox 1846 1498 2045 1535; x_wconf 86' lang='lat' dir='ltr'>immensam</span> <span class='ocrx_word' id='word_1_447' title='bbox 2058 1504 2123 1537; x_wconf 82' lang='lat' dir='ltr'>Dei</span> <span class='ocrx_word' id='word_1_448' title='bbox 2133 1503 2194 1551; x_wconf 82' lang='lat' dir='ltr'>glo</span> <span class='ocrx_word' id='word_1_449' title='bbox 2232 1502 2236 1508; x_wconf 83' lang='grc'><strong>“</strong></span> 
     </span>
     <span class='ocr_line' id='line_1_33' title="bbox 349 1546 2196 1601; baseline -0.003 -10"><span class='ocrx_word' id='word_1_450' title='bbox 349 1559 434 1591; x_wconf 86' lang='lat' dir='ltr'>riam</span> <span class='ocrx_word' id='word_1_451' title='bbox 445 1555 486 1590; x_wconf 88' lang='lat' dir='ltr'>sic</span> <span class='ocrx_word' id='word_1_452' title='bbox 499 1554 648 1588; x_wconf 86' lang='lat' dir='ltr'>videmus</span> <span class='ocrx_word' id='word_1_453' title='bbox 659 1554 694 1586; x_wconf 88' lang='lat' dir='ltr'>in</span> <span class='ocrx_word' id='word_1_454' title='bbox 706 1551 841 1586; x_wconf 88' lang='lat' dir='ltr'>Christo</span> <span class='ocrx_word' id='word_1_455' title='bbox 852 1552 1071 1586; x_wconf 66' lang='lat' dir='ltr'>coniunekam</span> <span class='ocrx_word' id='word_1_456' title='bbox 1081 1562 1159 1585; x_wconf 88' lang='lat' dir='ltr'>cum</span> <span class='ocrx_word' id='word_1_457' title='bbox 1171 1549 1233 1584; x_wconf 86' lang='lat' dir='ltr'>hac</span> <span class='ocrx_word' id='word_1_458' title='bbox 1242 1551 1352 1584; x_wconf 85' lang='lat' dir='ltr'>nostra</span> <span class='ocrx_word' id='word_1_459' title='bbox 1361 1552 1468 1583; x_wconf 88' lang='lat' dir='ltr'>carnis</span> <span class='ocrx_word' id='word_1_460' title='bbox 1480 1549 1664 1597; x_wconf 85' lang='lat' dir='ltr'>putredine,</span> <span class='ocrx_word' id='word_1_461' title='bbox 1677 1559 1713 1582; x_wconf 90' lang='lat' dir='ltr'>vt</span> <span class='ocrx_word' id='word_1_462' title='bbox 1723 1560 1828 1583; x_wconf 89' lang='lat' dir='ltr'>vnum</span> <span class='ocrx_word' id='word_1_463' title='bbox 1837 1546 1995 1584; x_wconf 85' lang='lat' dir='ltr'>efficiant.</span> <span class='ocrx_word' id='word_1_464' title='bbox 2028 1556 2035 1560; x_wconf 61' lang='grc'>“</span> <span class='ocrx_word' id='word_1_465' title='bbox 2045 1551 2062 1582; x_wconf 94' lang='lat'><em>1</em></span> <span class='ocrx_word' id='word_1_466' title='bbox 2065 1548 2196 1601; x_wconf 81' lang='lat' dir='ltr'>ustifica-</span> 
     </span>
     <span class='ocr_line' id='line_1_34' title="bbox 349 1594 2250 1653; baseline -0.002 -14"><span class='ocrx_word' id='word_1_467' title='bbox 349 1615 399 1639; x_wconf 77' lang='lat' dir='ltr'>tus</span> <span class='ocrx_word' id='word_1_468' title='bbox 408 1606 440 1637; x_wconf 81' lang='lat' dir='ltr'>in</span> <span class='ocrx_word' id='word_1_469' title='bbox 451 1606 572 1653; x_wconf 73' lang='lat' dir='ltr'>Spiritu.</span> <span class='ocrx_word' id='word_1_470' title='bbox 613 1603 717 1636; x_wconf 86' lang='lat' dir='ltr'>Sicuti</span> <span class='ocrx_word' id='word_1_471' title='bbox 728 1612 860 1635; x_wconf 88' lang='lat' dir='ltr'>carnem</span> <span class='ocrx_word' id='word_1_472' title='bbox 872 1599 1055 1640; x_wconf 88' lang='lat' dir='ltr'>induendo,</span> <span class='ocrx_word' id='word_1_473' title='bbox 1065 1597 1095 1634; x_wconf 90' lang='lat' dir='ltr'>se</span> <span class='ocrx_word' id='word_1_474' title='bbox 1104 1600 1290 1634; x_wconf 88' lang='lat' dir='ltr'>exinaniuit</span> <span class='ocrx_word' id='word_1_475' title='bbox 1298 1598 1401 1633; x_wconf 82' lang='lat' dir='ltr'>Filius</span> <span class='ocrx_word' id='word_1_476' title='bbox 1412 1599 1487 1632; x_wconf 87' lang='lat' dir='ltr'>Dei:</span> <span class='ocrx_word' id='word_1_477' title='bbox 1497 1600 1543 1631; x_wconf 86' lang='lat' dir='ltr'>ita</span> <span class='ocrx_word' id='word_1_478' title='bbox 1553 1601 1586 1632; x_wconf 64' lang='grc' dir='ltr'>ἃ</span> <span class='ocrx_word' id='word_1_479' title='bbox 1597 1599 1632 1632; x_wconf 91' lang='lat' dir='ltr'>in</span> <span class='ocrx_word' id='word_1_480' title='bbox 1645 1594 1718 1645; x_wconf 82' lang='lat' dir='ltr'>ipso</span> <span class='ocrx_word' id='word_1_481' title='bbox 1731 1595 1909 1644; x_wconf 87' lang='lat' dir='ltr'>spiritualis</span> <span class='ocrx_word' id='word_1_482' title='bbox 1921 1601 2075 1645; x_wconf 82' lang='lat' dir='ltr'>appatuit</span> <span class='ocrx_word' id='word_1_483' title='bbox 2087 1602 2194 1637; x_wconf 85' lang='lat' dir='ltr'>virtus</span> <span class='ocrx_word' id='word_1_484' title='bbox 2216 1597 2226 1602; x_wconf 48' lang='lat'>⁵</span> <span class='ocrx_word' id='word_1_485' title='bbox 2247 1614 2250 1617; x_wconf 91' lang='lat'>·</span> 
     </span>
     <span class='ocr_line' id='line_1_35' title="bbox 350 1644 2195 1700; baseline -0.002 -13"><span class='ocrx_word' id='word_1_486' title='bbox 350 1665 424 1700; x_wconf 82' lang='lat' dir='ltr'>quae</span> <span class='ocrx_word' id='word_1_487' title='bbox 434 1653 546 1686; x_wconf 85' lang='lat' dir='ltr'>Deum</span> <span class='ocrx_word' id='word_1_488' title='bbox 558 1648 618 1686; x_wconf 80' lang='lat' dir='ltr'>effe</span> <span class='ocrx_word' id='word_1_489' title='bbox 629 1650 804 1685; x_wconf 83' lang='lat' dir='ltr'>testaretur.</span> <span class='ocrx_word' id='word_1_490' title='bbox 813 1648 916 1683; x_wconf 73' lang='lat' dir='ltr'>Porro</span> <span class='ocrx_word' id='word_1_491' title='bbox 927 1647 1041 1683; x_wconf 90' lang='lat' dir='ltr'>locum</span> <span class='ocrx_word' id='word_1_492' title='bbox 1051 1648 1143 1683; x_wconf 85' lang='lat' dir='ltr'>hunc</span> <span class='ocrx_word' id='word_1_493' title='bbox 1152 1646 1241 1682; x_wconf 71' lang='lat' dir='ltr'>varie</span> <span class='ocrx_word' id='word_1_494' title='bbox 1251 1657 1436 1695; x_wconf 88' lang='lat' dir='ltr'>exponunt.</span> <span class='ocrx_word' id='word_1_495' title='bbox 1448 1644 1500 1680; x_wconf 89' lang='lat' dir='ltr'>sed</span> <span class='ocrx_word' id='word_1_496' title='bbox 1510 1658 1573 1693; x_wconf 86' lang='lat' dir='ltr'>ego</span> <span class='ocrx_word' id='word_1_497' title='bbox 1593 1657 1790 1693; x_wconf 84' lang='lat' dir='ltr'>germanum</span> <span class='ocrx_word' id='word_1_498' title='bbox 1803 1647 1832 1680; x_wconf 89' lang='lat' dir='ltr'>A</span> <span class='ocrx_word' id='word_1_499' title='bbox 1836 1645 1961 1694; x_wconf 82' lang='lat' dir='ltr'>postoli</span> <span class='ocrx_word' id='word_1_500' title='bbox 1969 1645 2096 1682; x_wconf 87' lang='lat' dir='ltr'>sensum</span> <span class='ocrx_word' id='word_1_501' title='bbox 2108 1673 2119 1689; x_wconf 91' lang='lat'>,</span> <span class='ocrx_word' id='word_1_502' title='bbox 2130 1660 2164 1683; x_wconf 92' lang='lat' dir='ltr'>vt</span> <span class='ocrx_word' id='word_1_503' title='bbox 2173 1650 2195 1685; x_wconf 63' lang='grc' dir='ltr'>ὲ</span> 
     </span>
     <span class='ocr_line' id='line_1_36' title="bbox 349 1691 2196 1748; baseline -0.005 -12"><span class='ocrx_word' id='word_1_504' title='bbox 349 1714 404 1736; x_wconf 86' lang='lat' dir='ltr'>me</span> <span class='ocrx_word' id='word_1_505' title='bbox 415 1701 551 1748; x_wconf 79' lang='lat' dir='ltr'>quidem</span> <span class='ocrx_word' id='word_1_506' title='bbox 562 1701 755 1748; x_wconf 87' lang='lat' dir='ltr'>percipitur,</span> <span class='ocrx_word' id='word_1_507' title='bbox 767 1708 947 1733; x_wconf 87' lang='lat' dir='ltr'>contentus</span> <span class='ocrx_word' id='word_1_508' title='bbox 960 1694 1140 1745; x_wconf 77' lang='lat' dir='ltr'>explicasse,</span> <span class='ocrx_word' id='word_1_509' title='bbox 1151 1694 1238 1731; x_wconf 89' lang='lat' dir='ltr'>nihil</span> <span class='ocrx_word' id='word_1_510' title='bbox 1248 1706 1400 1744; x_wconf 77' lang='lat' dir='ltr'>praeterea</span> <span class='ocrx_word' id='word_1_511' title='bbox 1410 1695 1538 1729; x_wconf 84' lang='lat' dir='ltr'>addam.</span> <span class='ocrx_word' id='word_1_512' title='bbox 1548 1693 1698 1728; x_wconf 70' lang='lat' dir='ltr'>Primum</span> <span class='ocrx_word' id='word_1_513' title='bbox 1709 1691 1899 1728; x_wconf 78' lang='lat' dir='ltr'>iustificatio</span> <span class='ocrx_word' id='word_1_514' title='bbox 1909 1693 1966 1729; x_wconf 75' lang='lat' dir='ltr'>hic</span> <span class='ocrx_word' id='word_1_515' title='bbox 1973 1707 2016 1742; x_wconf 84' lang='lat' dir='ltr'>ap</span> <span class='ocrx_word' id='word_1_516' title='bbox 2042 1695 2196 1733; x_wconf 70' lang='lat' dir='ltr'>robatio-</span> 
     </span>
     <span class='ocr_line' id='line_1_37' title="bbox 350 1708 2236 1797; baseline -0.003 -12"><span class='ocrx_word' id='word_1_517' title='bbox 350 1762 429 1786; x_wconf 85' lang='lat' dir='ltr'>nem</span> <span class='ocrx_word' id='word_1_518' title='bbox 438 1751 573 1784; x_wconf 87' lang='lat' dir='ltr'>Diuinae</span> <span class='ocrx_word' id='word_1_519' title='bbox 585 1749 742 1797; x_wconf 86' lang='lat' dir='ltr'>potentiae</span> <span class='ocrx_word' id='word_1_520' title='bbox 752 1744 924 1794; x_wconf 85' lang='lat' dir='ltr'>fignificat.</span> <span class='ocrx_word' id='word_1_521' title='bbox 937 1746 986 1780; x_wconf 91' lang='lat' dir='ltr'>Vt</span> <span class='ocrx_word' id='word_1_522' title='bbox 998 1742 1158 1788; x_wconf 80' lang='lat' dir='ltr'>1²sal.19.c.</span> <span class='ocrx_word' id='word_1_523' title='bbox 1170 1755 1220 1783; x_wconf 85' lang='lat'>10,</span> <span class='ocrx_word' id='word_1_524' title='bbox 1228 1744 1353 1779; x_wconf 87' lang='lat' dir='ltr'>Iudicia</span> <span class='ocrx_word' id='word_1_525' title='bbox 1363 1745 1429 1778; x_wconf 87' lang='lat' dir='ltr'>Dei</span> <span class='ocrx_word' id='word_1_526' title='bbox 1444 1741 1626 1779; x_wconf 80' lang='lat' dir='ltr'>iustificata:</span> <span class='ocrx_word' id='word_1_527' title='bbox 1637 1742 1703 1777; x_wconf 91' lang='lat' dir='ltr'>hoc</span> <span class='ocrx_word' id='word_1_528' title='bbox 1715 1742 1771 1780; x_wconf 89' lang='lat' dir='ltr'>est,</span> <span class='ocrx_word' id='word_1_529' title='bbox 1781 1742 1938 1789; x_wconf 67' lang='lat' dir='ltr'>exquisite</span> <span class='ocrx_word' id='word_1_530' title='bbox 1950 1747 1984 1778; x_wconf 77' lang='grc' dir='ltr'>δι</span> <span class='ocrx_word' id='word_1_531' title='bbox 1995 1708 2039 1778; x_wconf 58' lang='lat' dir='ltr'>ag</span> <span class='ocrx_word' id='word_1_532' title='bbox 2045 1756 2198 1792; x_wconf 75' lang='lat' dir='ltr'>vnguem</span> <span class='ocrx_word' id='word_1_533' title='bbox 2218 1752 2236 1755; x_wconf 86' lang='grc'>”“</span> 
     </span>
     <span class='ocr_line' id='line_1_38' title="bbox 350 1788 2196 1847; baseline -0.002 -14"><span class='ocrx_word' id='word_1_534' title='bbox 350 1797 504 1847; x_wconf 70' lang='lat' dir='ltr'>perfesta.</span> <span class='ocrx_word' id='word_1_535' title='bbox 515 1799 555 1832; x_wconf 85' lang='lat' dir='ltr'>Et</span> <span class='ocrx_word' id='word_1_536' title='bbox 566 1794 725 1841; x_wconf 80' lang='lat' dir='ltr'>Psalm.51.</span> <span class='ocrx_word' id='word_1_537' title='bbox 742 1798 804 1829; x_wconf 88' lang='lat' dir='ltr'>a.6.</span> <span class='ocrx_word' id='word_1_538' title='bbox 829 1793 1000 1829; x_wconf 79' lang='lat' dir='ltr'>iustificari</span> <span class='ocrx_word' id='word_1_539' title='bbox 1009 1794 1132 1831; x_wconf 86' lang='lat' dir='ltr'>Deum,</span> <span class='ocrx_word' id='word_1_540' title='bbox 1145 1805 1207 1841; x_wconf 88' lang='lat' dir='ltr'>pro</span> <span class='ocrx_word' id='word_1_541' title='bbox 1218 1805 1258 1827; x_wconf 91' lang='lat' dir='ltr'>eo</span> <span class='ocrx_word' id='word_1_542' title='bbox 1271 1793 1364 1840; x_wconf 89' lang='lat' dir='ltr'>quod</span> <span class='ocrx_word' id='word_1_543' title='bbox 1374 1792 1418 1827; x_wconf 85' lang='lat' dir='ltr'>est</span> <span class='ocrx_word' id='word_1_544' title='bbox 1428 1792 1559 1826; x_wconf 85' lang='lat' dir='ltr'>laudem</span> <span class='ocrx_word' id='word_1_545' title='bbox 1577 1791 1706 1827; x_wconf 85' lang='lat' dir='ltr'>iustitiae</span> <span class='ocrx_word' id='word_1_546' title='bbox 1717 1792 1787 1825; x_wconf 88' lang='lat' dir='ltr'>eius</span> <span class='ocrx_word' id='word_1_547' title='bbox 1797 1788 2012 1839; x_wconf 82' lang='lat' dir='ltr'>conspicuam</span> <span class='ocrx_word' id='word_1_548' title='bbox 2023 1793 2123 1828; x_wconf 86' lang='lat' dir='ltr'>reddi.</span> <span class='ocrx_word' id='word_1_549' title='bbox 2138 1796 2196 1830; x_wconf 83' lang='lat' dir='ltr'>Sic</span> 
     </span>
     <span class='ocr_line' id='line_1_39' title="bbox 353 1837 2195 1891; baseline -0.003 -9"><span class='ocrx_word' id='word_1_550' title='bbox 353 1851 388 1882; x_wconf 77' lang='grc' dir='ltr'>δε</span> <span class='ocrx_word' id='word_1_551' title='bbox 399 1847 550 1881; x_wconf 85' lang='lat' dir='ltr'>Matrhaei</span> <span class='ocrx_word' id='word_1_552' title='bbox 563 1856 683 1889; x_wconf 82' lang='lat' dir='ltr'>11.c.19,</span> <span class='ocrx_word' id='word_1_553' title='bbox 695 1856 801 1891; x_wconf 89' lang='lat' dir='ltr'>quum</span> <span class='ocrx_word' id='word_1_554' title='bbox 812 1843 894 1878; x_wconf 87' lang='lat' dir='ltr'>dicit</span> <span class='ocrx_word' id='word_1_555' title='bbox 903 1841 1056 1878; x_wconf 85' lang='lat' dir='ltr'>Christus</span> <span class='ocrx_word' id='word_1_556' title='bbox 1066 1839 1274 1876; x_wconf 81' lang='lat' dir='ltr'>iustificatam</span> <span class='ocrx_word' id='word_1_557' title='bbox 1285 1839 1345 1876; x_wconf 81' lang='lat' dir='ltr'>effe</span> <span class='ocrx_word' id='word_1_558' title='bbox 1356 1838 1550 1888; x_wconf 85' lang='lat' dir='ltr'>sapientiam</span> <span class='ocrx_word' id='word_1_559' title='bbox 1564 1840 1582 1874; x_wconf 75' lang='lat' dir='ltr'>a</span> <span class='ocrx_word' id='word_1_560' title='bbox 1593 1837 1670 1874; x_wconf 84' lang='lat' dir='ltr'>filiis</span> <span class='ocrx_word' id='word_1_561' title='bbox 1680 1837 1744 1873; x_wconf 86' lang='lat' dir='ltr'>suis</span> <span class='ocrx_word' id='word_1_562' title='bbox 1752 1861 1763 1877; x_wconf 82' lang='lat'>,</span> <span class='ocrx_word' id='word_1_563' title='bbox 1781 1839 1943 1888; x_wconf 89' lang='lat' dir='ltr'>intelligit</span> <span class='ocrx_word' id='word_1_564' title='bbox 1952 1840 2120 1877; x_wconf 86' lang='lat' dir='ltr'>honorem</span> <span class='ocrx_word' id='word_1_565' title='bbox 2140 1842 2195 1879; x_wconf 89' lang='lat' dir='ltr'>illi</span> 
     </span>
     <span class='ocr_line' id='line_1_40' title="bbox 352 1887 2194 1939; baseline -0.003 -9"><span class='ocrx_word' id='word_1_566' title='bbox 352 1895 449 1930; x_wconf 89' lang='lat' dir='ltr'>suum</span> <span class='ocrx_word' id='word_1_567' title='bbox 459 1893 657 1930; x_wconf 82' lang='lat' dir='ltr'>exhibitum.</span> <span class='ocrx_word' id='word_1_568' title='bbox 669 1896 753 1928; x_wconf 87' lang='lat' dir='ltr'>Item</span> <span class='ocrx_word' id='word_1_569' title='bbox 763 1892 867 1926; x_wconf 86' lang='lat' dir='ltr'>Lucas</span> <span class='ocrx_word' id='word_1_570' title='bbox 879 1898 987 1939; x_wconf 86' lang='lat' dir='ltr'>cap.7.</span> <span class='ocrx_word' id='word_1_571' title='bbox 999 1899 1073 1935; x_wconf 81' lang='lat' dir='ltr'>e-35,</span> <span class='ocrx_word' id='word_1_572' title='bbox 1085 1901 1190 1937; x_wconf 86' lang='lat' dir='ltr'>quum</span> <span class='ocrx_word' id='word_1_573' title='bbox 1202 1888 1401 1937; x_wconf 84' lang='lat' dir='ltr'>publicanos</span> <span class='ocrx_word' id='word_1_574' title='bbox 1419 1887 1601 1924; x_wconf 83' lang='lat' dir='ltr'>iustificafle</span> <span class='ocrx_word' id='word_1_575' title='bbox 1609 1889 1722 1922; x_wconf 90' lang='lat' dir='ltr'>Deum</span> <span class='ocrx_word' id='word_1_576' title='bbox 1735 1899 1980 1923; x_wconf 86' lang='lat' dir='ltr'>commemorat</span> <span class='ocrx_word' id='word_1_577' title='bbox 1989 1911 1999 1926; x_wconf 89' lang='lat'>‚</span> <span class='ocrx_word' id='word_1_578' title='bbox 2018 1889 2194 1938; x_wconf 82' lang='lat' dir='ltr'>intelligit,</span> 
     </span>
     <span class='ocr_line' id='line_1_41' title="bbox 353 1934 2236 1989; baseline -0.003 -10"><span class='ocrx_word' id='word_1_579' title='bbox 353 1943 464 1979; x_wconf 86' lang='lat' dir='ltr'>debita</span> <span class='ocrx_word' id='word_1_580' title='bbox 473 1945 655 1978; x_wconf 85' lang='lat' dir='ltr'>reuerentia</span> <span class='ocrx_word' id='word_1_581' title='bbox 666 1945 700 1977; x_wconf 73' lang='grc' dir='ltr'>ὅ(</span> <span class='ocrx_word' id='word_1_582' title='bbox 712 1940 914 1989; x_wconf 83' lang='lat' dir='ltr'>gratitudine</span> <span class='ocrx_word' id='word_1_583' title='bbox 926 1936 1018 1986; x_wconf 84' lang='lat' dir='ltr'>prose</span> <span class='ocrx_word' id='word_1_584' title='bbox 1046 1949 1145 1973; x_wconf 83' lang='lat' dir='ltr'>uutos</span> <span class='ocrx_word' id='word_1_585' title='bbox 1155 1936 1215 1973; x_wconf 82' lang='lat' dir='ltr'>effe</span> <span class='ocrx_word' id='word_1_586' title='bbox 1222 1939 1287 1972; x_wconf 92' lang='lat' dir='ltr'>Dei</span> <span class='ocrx_word' id='word_1_587' title='bbox 1297 1940 1434 1985; x_wconf 82' lang='lat' dir='ltr'>gratiam</span> <span class='ocrx_word' id='word_1_588' title='bbox 1445 1949 1547 1984; x_wconf 79' lang='lat' dir='ltr'>quam</span> <span class='ocrx_word' id='word_1_589' title='bbox 1558 1939 1594 1971; x_wconf 93' lang='lat' dir='ltr'>in</span> <span class='ocrx_word' id='word_1_590' title='bbox 1607 1935 1740 1971; x_wconf 83' lang='lat' dir='ltr'>Christo</span> <span class='ocrx_word' id='word_1_591' title='bbox 1750 1934 1938 1971; x_wconf 85' lang='lat' dir='ltr'>cernebant.</span> <span class='ocrx_word' id='word_1_592' title='bbox 1949 1938 2040 1984; x_wconf 87' lang='lat' dir='ltr'>Ergo</span> <span class='ocrx_word' id='word_1_593' title='bbox 2052 1948 2195 1974; x_wconf 83' lang='lat' dir='ltr'>tantun-</span> <span class='ocrx_word' id='word_1_594' title='bbox 2229 1948 2236 1951; x_wconf 85' lang='lat'>&#39;</span> 
     </span>
     <span class='ocr_line' id='line_1_42' title="bbox 352 1984 2194 2038; baseline -0.004 -12"><span class='ocrx_word' id='word_1_595' title='bbox 352 1992 427 2027; x_wconf 88' lang='lat' dir='ltr'>dem</span> <span class='ocrx_word' id='word_1_596' title='bbox 438 1990 524 2026; x_wconf 90' lang='lat' dir='ltr'>valet</span> <span class='ocrx_word' id='word_1_597' title='bbox 537 1991 629 2038; x_wconf 90' lang='lat' dir='ltr'>quod</span> <span class='ocrx_word' id='word_1_598' title='bbox 640 1990 695 2025; x_wconf 78' lang='lat' dir='ltr'>hic</span> <span class='ocrx_word' id='word_1_599' title='bbox 706 1989 861 2037; x_wconf 84' lang='lat' dir='ltr'>legimus,</span> <span class='ocrx_word' id='word_1_600' title='bbox 870 1985 933 2021; x_wconf 83' lang='lat' dir='ltr'>acsl</span> <span class='ocrx_word' id='word_1_601' title='bbox 945 1987 1026 2020; x_wconf 87' lang='lat' dir='ltr'>dixil</span> <span class='ocrx_word' id='word_1_602' title='bbox 1041 1997 1072 2020; x_wconf 88' lang='lat' dir='ltr'>et</span> <span class='ocrx_word' id='word_1_603' title='bbox 1083 1985 1216 2023; x_wconf 85' lang='lat' dir='ltr'>Paulus,</span> <span class='ocrx_word' id='word_1_604' title='bbox 1226 1988 1371 2021; x_wconf 89' lang='lat' dir='ltr'>eundem</span> <span class='ocrx_word' id='word_1_605' title='bbox 1382 1987 1440 2032; x_wconf 90' lang='lat' dir='ltr'>qui</span> <span class='ocrx_word' id='word_1_606' title='bbox 1451 1985 1704 2020; x_wconf 87' lang='lat' dir='ltr'>humanacarne</span> <span class='ocrx_word' id='word_1_607' title='bbox 1714 1984 1847 2018; x_wconf 88' lang='lat' dir='ltr'>vestitus</span> <span class='ocrx_word' id='word_1_608' title='bbox 1857 1987 2022 2032; x_wconf 83' lang='lat' dir='ltr'>apparuit,</span> <span class='ocrx_word' id='word_1_609' title='bbox 2031 1984 2128 2021; x_wconf 86' lang='lat' dir='ltr'>fimul</span> <span class='ocrx_word' id='word_1_610' title='bbox 2139 1999 2194 2022; x_wconf 86' lang='lat' dir='ltr'>ta..</span> 
     </span>
     <span class='ocr_line' id='line_1_43' title="bbox 354 2032 2194 2081; baseline -0.002 -6"><span class='ocrx_word' id='word_1_611' title='bbox 354 2054 432 2075; x_wconf 88' lang='lat' dir='ltr'>men</span> <span class='ocrx_word' id='word_1_612' title='bbox 443 2039 642 2074; x_wconf 81' lang='lat' dir='ltr'>declaratum</span> <span class='ocrx_word' id='word_1_613' title='bbox 655 2037 746 2073; x_wconf 76' lang='lat' dir='ltr'>fuilse</span> <span class='ocrx_word' id='word_1_614' title='bbox 757 2038 821 2071; x_wconf 92' lang='lat' dir='ltr'>Dei</span> <span class='ocrx_word' id='word_1_615' title='bbox 834 2035 958 2070; x_wconf 85' lang='lat' dir='ltr'>Filium</span> <span class='ocrx_word' id='word_1_616' title='bbox 970 2058 981 2073; x_wconf 90' lang='lat'>‚</span> <span class='ocrx_word' id='word_1_617' title='bbox 991 2046 1025 2069; x_wconf 90' lang='lat' dir='ltr'>vt</span> <span class='ocrx_word' id='word_1_618' title='bbox 1036 2036 1142 2069; x_wconf 84' lang='lat' dir='ltr'>carnis</span> <span class='ocrx_word' id='word_1_619' title='bbox 1154 2032 1330 2069; x_wconf 79' lang='lat' dir='ltr'>infirmitas</span> <span class='ocrx_word' id='word_1_620' title='bbox 1340 2033 1427 2068; x_wconf 90' lang='lat' dir='ltr'>nihil</span> <span class='ocrx_word' id='word_1_621' title='bbox 1445 2034 1654 2080; x_wconf 87' lang='lat' dir='ltr'>derogauerit</span> <span class='ocrx_word' id='word_1_622' title='bbox 1664 2034 1733 2069; x_wconf 87' lang='lat' dir='ltr'>eius</span> <span class='ocrx_word' id='word_1_623' title='bbox 1745 2032 1869 2080; x_wconf 80' lang='lat' dir='ltr'>gloriae.</span> <span class='ocrx_word' id='word_1_624' title='bbox 1896 2035 2038 2081; x_wconf 86' lang='lat' dir='ltr'>Spiritus</span> <span class='ocrx_word' id='word_1_625' title='bbox 2049 2037 2194 2071; x_wconf 87' lang='lat' dir='ltr'>nomine</span> 
     </span>
     <span class='ocr_line' id='line_1_44' title="bbox 354 2080 2195 2136; baseline -0.003 -13"><span class='ocrx_word' id='word_1_626' title='bbox 354 2088 609 2136; x_wconf 81' lang='lat' dir='ltr'>comprehendit</span> <span class='ocrx_word' id='word_1_627' title='bbox 622 2086 783 2134; x_wconf 83' lang='lat' dir='ltr'>quicquid</span> <span class='ocrx_word' id='word_1_628' title='bbox 794 2087 829 2119; x_wconf 90' lang='lat' dir='ltr'>in</span> <span class='ocrx_word' id='word_1_629' title='bbox 837 2082 973 2118; x_wconf 87' lang='lat' dir='ltr'>Christo</span> <span class='ocrx_word' id='word_1_630' title='bbox 987 2084 1155 2119; x_wconf 82' lang='lat' dir='ltr'>Diuinum</span> <span class='ocrx_word' id='word_1_631' title='bbox 1167 2081 1230 2117; x_wconf 88' lang='lat' dir='ltr'>fuir</span> <span class='ocrx_word' id='word_1_632' title='bbox 1248 2093 1285 2117; x_wconf 92' lang='lat' dir='ltr'>ac</span> <span class='ocrx_word' id='word_1_633' title='bbox 1296 2081 1389 2133; x_wconf 87' lang='lat' dir='ltr'>supra</span> <span class='ocrx_word' id='word_1_634' title='bbox 1398 2081 1576 2116; x_wconf 88' lang='lat' dir='ltr'>hominem</span> <span class='ocrx_word' id='word_1_635' title='bbox 1586 2094 1593 2114; x_wconf 94' lang='lat'>:</span> <span class='ocrx_word' id='word_1_636' title='bbox 1604 2080 1704 2127; x_wconf 83' lang='lat' dir='ltr'>idque</span> <span class='ocrx_word' id='word_1_637' title='bbox 1713 2081 1791 2114; x_wconf 72' lang='lat' dir='ltr'>duas</span> <span class='ocrx_word' id='word_1_638' title='bbox 1805 2080 1850 2114; x_wconf 91' lang='lat' dir='ltr'>ob</span> <span class='ocrx_word' id='word_1_639' title='bbox 1861 2080 1980 2116; x_wconf 89' lang='lat' dir='ltr'>causas.</span> <span class='ocrx_word' id='word_1_640' title='bbox 2002 2082 2093 2117; x_wconf 85' lang='lat' dir='ltr'>Nam</span> <span class='ocrx_word' id='word_1_641' title='bbox 2112 2087 2195 2130; x_wconf 80' lang='lat' dir='ltr'>quia.</span> 
     </span>
     <span class='ocr_line' id='line_1_45' title="bbox 355 2129 2194 2181; baseline -0.004 -9"><span class='ocrx_word' id='word_1_642' title='bbox 355 2140 390 2172; x_wconf 90' lang='lat' dir='ltr'>in</span> <span class='ocrx_word' id='word_1_643' title='bbox 401 2149 496 2172; x_wconf 78' lang='lat' dir='ltr'>carne</span> <span class='ocrx_word' id='word_1_644' title='bbox 507 2135 703 2171; x_wconf 84' lang='lat' dir='ltr'>humiliatus</span> <span class='ocrx_word' id='word_1_645' title='bbox 713 2133 827 2169; x_wconf 83' lang='lat' dir='ltr'>fuerat,</span> <span class='ocrx_word' id='word_1_646' title='bbox 840 2144 930 2166; x_wconf 87' lang='lat' dir='ltr'>nunc</span> <span class='ocrx_word' id='word_1_647' title='bbox 942 2129 1116 2166; x_wconf 85' lang='lat' dir='ltr'>exaduerso</span> <span class='ocrx_word' id='word_1_648' title='bbox 1142 2129 1395 2165; x_wconf 86' lang='lat' dir='ltr'>illustrationem</span> <span class='ocrx_word' id='word_1_649' title='bbox 1406 2129 1519 2177; x_wconf 87' lang='lat' dir='ltr'>gloriae</span> <span class='ocrx_word' id='word_1_650' title='bbox 1530 2142 1660 2177; x_wconf 87' lang='lat' dir='ltr'>ponens</span> <span class='ocrx_word' id='word_1_651' title='bbox 1670 2155 1680 2169; x_wconf 88' lang='lat'>‚</span> <span class='ocrx_word' id='word_1_652' title='bbox 1698 2130 1860 2181; x_wconf 80' lang='lat' dir='ltr'>Spiritum</span> <span class='ocrx_word' id='word_1_653' title='bbox 1872 2131 2041 2178; x_wconf 85' lang='lat' dir='ltr'>opposuit.</span> <span class='ocrx_word' id='word_1_654' title='bbox 2059 2133 2194 2168; x_wconf 81' lang='lat' dir='ltr'>Deinde</span> 
     </span>
     <span class='ocr_line' id='line_1_46' title="bbox 355 2176 2193 2234; baseline -0.003 -14"><span class='ocrx_word' id='word_1_655' title='bbox 355 2185 462 2234; x_wconf 79' lang='lat' dir='ltr'>gloria</span> <span class='ocrx_word' id='word_1_656' title='bbox 471 2184 528 2219; x_wconf 81' lang='lat' dir='ltr'>illa</span> <span class='ocrx_word' id='word_1_657' title='bbox 540 2186 715 2232; x_wconf 86' lang='lat' dir='ltr'>vnigenito</span> <span class='ocrx_word' id='word_1_658' title='bbox 726 2184 790 2217; x_wconf 90' lang='lat' dir='ltr'>Dei</span> <span class='ocrx_word' id='word_1_659' title='bbox 801 2181 884 2215; x_wconf 83' lang='lat' dir='ltr'>Filio</span> <span class='ocrx_word' id='word_1_660' title='bbox 894 2181 1006 2228; x_wconf 83' lang='lat' dir='ltr'>digna,</span> <span class='ocrx_word' id='word_1_661' title='bbox 1040 2192 1116 2214; x_wconf 86' lang='lat' dir='ltr'>uam</span> <span class='ocrx_word' id='word_1_662' title='bbox 1126 2182 1268 2214; x_wconf 79' lang='lat' dir='ltr'>loannes</span> <span class='ocrx_word' id='word_1_663' title='bbox 1277 2181 1312 2214; x_wconf 89' lang='lat' dir='ltr'>in</span> <span class='ocrx_word' id='word_1_664' title='bbox 1323 2179 1457 2214; x_wconf 87' lang='lat' dir='ltr'>Christo</span> <span class='ocrx_word' id='word_1_665' title='bbox 1468 2177 1644 2227; x_wconf 61' lang='lat' dir='ltr'>spectatam</span> <span class='ocrx_word' id='word_1_666' title='bbox 1655 2176 1747 2211; x_wconf 84' lang='lat' dir='ltr'>fuisse</span> <span class='ocrx_word' id='word_1_667' title='bbox 1757 2177 1938 2216; x_wconf 90' lang='lat' dir='ltr'>docet,non</span> <span class='ocrx_word' id='word_1_668' title='bbox 1950 2189 2080 2214; x_wconf 87' lang='lat' dir='ltr'>externa</span> <span class='ocrx_word' id='word_1_669' title='bbox 2090 2192 2193 2228; x_wconf 87' lang='lat' dir='ltr'>pom·-</span> 
     </span>
     <span class='ocr_line' id='line_1_47' title="bbox 356 2193 2198 2283; baseline -0.003 -14"><span class='ocrx_word' id='word_1_670' title='bbox 356 2248 408 2283; x_wconf 85' lang='lat' dir='ltr'>pa‚</span> <span class='ocrx_word' id='word_1_671' title='bbox 419 2246 490 2269; x_wconf 87' lang='lat' dir='ltr'>non</span> <span class='ocrx_word' id='word_1_672' title='bbox 502 2245 633 2268; x_wconf 86' lang='lat' dir='ltr'>terreno</span> <span class='ocrx_word' id='word_1_673' title='bbox 647 2231 817 2280; x_wconf 86' lang='lat' dir='ltr'>splendore</span> <span class='ocrx_word' id='word_1_674' title='bbox 828 2229 1007 2266; x_wconf 86' lang='lat' dir='ltr'>constabat,</span> <span class='ocrx_word' id='word_1_675' title='bbox 1015 2193 1068 2262; x_wconf 57' lang='lat' dir='ltr'>sed</span> <span class='ocrx_word' id='word_1_676' title='bbox 1080 2227 1257 2276; x_wconf 82' lang='lat' dir='ltr'>spiritualis</span> <span class='ocrx_word' id='word_1_677' title='bbox 1267 2226 1332 2262; x_wconf 69' lang='lat' dir='ltr'>fere</span> <span class='ocrx_word' id='word_1_678' title='bbox 1343 2238 1412 2262; x_wconf 89' lang='lat' dir='ltr'>tota</span> <span class='ocrx_word' id='word_1_679' title='bbox 1422 2239 1498 2261; x_wconf 86' lang='lat' dir='ltr'>erar.</span> <span class='ocrx_word' id='word_1_680' title='bbox 1509 2227 1629 2261; x_wconf 84' lang='lat' dir='ltr'>Eadem</span> <span class='ocrx_word' id='word_1_681' title='bbox 1639 2224 1801 2272; x_wconf 83' lang='lat' dir='ltr'>loquendi</span> <span class='ocrx_word' id='word_1_682' title='bbox 1818 2224 1926 2260; x_wconf 87' lang='lat' dir='ltr'>forma</span> <span class='ocrx_word' id='word_1_683' title='bbox 1936 2225 2011 2262; x_wconf 86' lang='lat' dir='ltr'>vsus</span> <span class='ocrx_word' id='word_1_684' title='bbox 2021 2225 2067 2262; x_wconf 88' lang='lat' dir='ltr'>est</span> <span class='ocrx_word' id='word_1_685' title='bbox 2078 2231 2198 2276; x_wconf 74' lang='lat' dir='ltr'>primo</span> 
     </span>
     <span class='ocr_line' id='line_1_48' title="bbox 356 2273 2192 2328; baseline -0.004 -11"><span class='ocrx_word' id='word_1_686' title='bbox 356 2284 395 2317; x_wconf 89' lang='lat' dir='ltr'>ad</span> <span class='ocrx_word' id='word_1_687' title='bbox 405 2285 595 2323; x_wconf 83' lang='lat' dir='ltr'>Romanos,</span> <span class='ocrx_word' id='word_1_688' title='bbox 605 2283 676 2328; x_wconf 84' lang='lat' dir='ltr'>Qi</span> <span class='ocrx_word' id='word_1_689' title='bbox 688 2280 792 2315; x_wconf 67' lang='lat' dir='ltr'>sacrus</span> <span class='ocrx_word' id='word_1_690' title='bbox 807 2276 851 2311; x_wconf 87' lang='lat' dir='ltr'>cst</span> <span class='ocrx_word' id='word_1_691' title='bbox 862 2290 899 2312; x_wconf 86' lang='lat' dir='ltr'>ex</span> <span class='ocrx_word' id='word_1_692' title='bbox 911 2275 1032 2312; x_wconf 87' lang='lat' dir='ltr'>semine</span> <span class='ocrx_word' id='word_1_693' title='bbox 1043 2276 1154 2311; x_wconf 88' lang='lat' dir='ltr'>Dauid</span> <span class='ocrx_word' id='word_1_694' title='bbox 1163 2275 1341 2312; x_wconf 88' lang='lat' dir='ltr'>secundum</span> <span class='ocrx_word' id='word_1_695' title='bbox 1352 2274 1679 2314; x_wconf 82' lang='lat' dir='ltr'>carnem,declaratus</span> <span class='ocrx_word' id='word_1_696' title='bbox 1688 2285 1798 2309; x_wconf 85' lang='lat' dir='ltr'>autem</span> <span class='ocrx_word' id='word_1_697' title='bbox 1810 2273 1909 2309; x_wconf 86' lang='lat' dir='ltr'>Filius</span> <span class='ocrx_word' id='word_1_698' title='bbox 1919 2276 1983 2309; x_wconf 88' lang='lat' dir='ltr'>Dei</span> <span class='ocrx_word' id='word_1_699' title='bbox 1993 2277 2027 2310; x_wconf 91' lang='lat' dir='ltr'>in</span> <span class='ocrx_word' id='word_1_700' title='bbox 2039 2281 2192 2324; x_wconf 67' lang='lat' dir='ltr'>potentia.</span> 
     </span>
     <span class='ocr_line' id='line_1_49' title="bbox 358 2321 2192 2380; baseline -0.007 -13"><span class='ocrx_word' id='word_1_701' title='bbox 358 2334 510 2380; x_wconf 86' lang='lat' dir='ltr'>Spiritus:</span> <span class='ocrx_word' id='word_1_702' title='bbox 523 2329 583 2365; x_wconf 84' lang='lat' dir='ltr'>nisi</span> <span class='ocrx_word' id='word_1_703' title='bbox 595 2330 686 2376; x_wconf 77' lang='lat' dir='ltr'>quod</span> <span class='ocrx_word' id='word_1_704' title='bbox 696 2327 837 2376; x_wconf 86' lang='lat' dir='ltr'>speciem</span> <span class='ocrx_word' id='word_1_705' title='bbox 849 2339 949 2360; x_wconf 86' lang='lat' dir='ltr'>vnam</span> <span class='ocrx_word' id='word_1_706' title='bbox 960 2325 1029 2360; x_wconf 90' lang='lat' dir='ltr'>illic</span> <span class='ocrx_word' id='word_1_707' title='bbox 1039 2326 1165 2363; x_wconf 82' lang='lat' dir='ltr'>adiicit,</span> <span class='ocrx_word' id='word_1_708' title='bbox 1180 2337 1301 2373; x_wconf 88' lang='lat' dir='ltr'>nempe</span> <span class='ocrx_word' id='word_1_709' title='bbox 1310 2323 1598 2359; x_wconf 66' lang='lat' dir='ltr'>resurrectionem.</span> <span class='ocrx_word' id='word_1_710' title='bbox 1647 2324 1681 2357; x_wconf 91' lang='lat' dir='ltr'><em>V</em></span> <span class='ocrx_word' id='word_1_711' title='bbox 1683 2321 1741 2366; x_wconf 69' lang='lat' dir='ltr'>isus</span> <span class='ocrx_word' id='word_1_712' title='bbox 1750 2323 1881 2370; x_wconf 83' lang='lat' dir='ltr'>Angelis</span> <span class='ocrx_word' id='word_1_713' title='bbox 1887 2322 2070 2372; x_wconf 75' lang='lat' dir='ltr'>predicatus</span> <span class='ocrx_word' id='word_1_714' title='bbox 2080 2328 2192 2360; x_wconf 71' lang='lat' dir='ltr'>Genti-</span> 
     </span>
     <span class='ocr_line' id='line_1_50' title="bbox 357 2373 2192 2424; baseline -0.005 -10"><span class='ocrx_word' id='word_1_715' title='bbox 357 2379 422 2414; x_wconf 74' lang='lat' dir='ltr'>bus.</span> <span class='ocrx_word' id='word_1_716' title='bbox 450 2381 538 2414; x_wconf 84' lang='lat' dir='ltr'>Mira</span> <span class='ocrx_word' id='word_1_717' title='bbox 548 2381 665 2414; x_wconf 80' lang='lat' dir='ltr'>onmia</span> <span class='ocrx_word' id='word_1_718' title='bbox 676 2381 708 2411; x_wconf 87' lang='lat'>&amp;</span> <span class='ocrx_word' id='word_1_719' title='bbox 723 2375 879 2424; x_wconf 79' lang='lat' dir='ltr'>stupenda</span> <span class='ocrx_word' id='word_1_720' title='bbox 892 2387 900 2408; x_wconf 76' lang='grc' dir='ltr'><strong><em>ι</em></strong></span> <span class='ocrx_word' id='word_1_721' title='bbox 921 2374 1011 2421; x_wconf 70' lang='lat' dir='ltr'>quod</span> <span class='ocrx_word' id='word_1_722' title='bbox 1024 2375 1147 2408; x_wconf 82' lang='lat' dir='ltr'>Gentes</span> <span class='ocrx_word' id='word_1_723' title='bbox 1159 2386 1231 2421; x_wconf 87' lang='lat' dir='ltr'>quae</span> <span class='ocrx_word' id='word_1_724' title='bbox 1241 2373 1403 2409; x_wconf 58' lang='lat' dir='ltr'>haetenus</span> <span class='ocrx_word' id='word_1_725' title='bbox 1423 2375 1458 2407; x_wconf 90' lang='lat' dir='ltr'>in</span> <span class='ocrx_word' id='word_1_726' title='bbox 1469 2374 1612 2407; x_wconf 69' lang='lat' dir='ltr'>caecitare</span> <span class='ocrx_word' id='word_1_727' title='bbox 1625 2373 1745 2406; x_wconf 84' lang='lat' dir='ltr'>mentis</span> <span class='ocrx_word' id='word_1_728' title='bbox 1756 2383 1960 2410; x_wconf 64' lang='lat' dir='ltr'>erraneum,</span> <span class='ocrx_word' id='word_1_729' title='bbox 1979 2373 2192 2420; x_wconf 82' lang='lat' dir='ltr'>dignatus·est</span> 
     </span>
     <span class='ocr_line' id='line_1_51' title="bbox 357 2418 2191 2471; baseline -0.003 -8"><span class='ocrx_word' id='word_1_730' title='bbox 357 2431 449 2463; x_wconf 85' lang='lat' dir='ltr'>Deus</span> <span class='ocrx_word' id='word_1_731' title='bbox 460 2427 665 2462; x_wconf 84' lang='lat' dir='ltr'>reuelatione</span> <span class='ocrx_word' id='word_1_732' title='bbox 675 2425 747 2459; x_wconf 88' lang='lat' dir='ltr'>Filii</span> <span class='ocrx_word' id='word_1_733' title='bbox 759 2424 805 2459; x_wconf 85' lang='lat' dir='ltr'>sui</span> <span class='ocrx_word' id='word_1_734' title='bbox 819 2447 829 2461; x_wconf 95' lang='lat'><em>‚</em></span> <span class='ocrx_word' id='word_1_735' title='bbox 843 2436 915 2470; x_wconf 83' lang='lat' dir='ltr'>quae</span> <span class='ocrx_word' id='word_1_736' title='bbox 925 2423 1062 2457; x_wconf 79' lang='lat' dir='ltr'>caelestes</span> <span class='ocrx_word' id='word_1_737' title='bbox 1072 2435 1209 2469; x_wconf 88' lang='lat' dir='ltr'>quoque</span> <span class='ocrx_word' id='word_1_738' title='bbox 1218 2420 1368 2471; x_wconf 81' lang='lat' dir='ltr'>Angelos</span> <span class='ocrx_word' id='word_1_739' title='bbox 1379 2420 1525 2456; x_wconf 88' lang='lat' dir='ltr'>latuerat.</span> <span class='ocrx_word' id='word_1_740' title='bbox 1550 2419 1640 2455; x_wconf 87' lang='lat' dir='ltr'>Nam</span> <span class='ocrx_word' id='word_1_741' title='bbox 1652 2419 1743 2466; x_wconf 73' lang='lat' dir='ltr'>quod</span> <span class='ocrx_word' id='word_1_742' title='bbox 1754 2418 1892 2468; x_wconf 85' lang='lat' dir='ltr'>Angelis</span> <span class='ocrx_word' id='word_1_743' title='bbox 1910 2419 2018 2457; x_wconf 84' lang='lat' dir='ltr'>visum</span> <span class='ocrx_word' id='word_1_744' title='bbox 2028 2421 2087 2457; x_wconf 82' lang='lat' dir='ltr'>effe</span> <span class='ocrx_word' id='word_1_745' title='bbox 2097 2423 2191 2461; x_wconf 83' lang='lat' dir='ltr'>dicit.</span> 
     </span>
     <span class='ocr_line' id='line_1_52' title="bbox 355 2467 2192 2523; baseline -0.003 -12"><span class='ocrx_word' id='word_1_746' title='bbox 355 2476 515 2523; x_wconf 87' lang='lat' dir='ltr'>intelligit</span> <span class='ocrx_word' id='word_1_747' title='bbox 531 2477 594 2510; x_wconf 87' lang='lat' dir='ltr'>tale</span> <span class='ocrx_word' id='word_1_748' title='bbox 620 2472 844 2523; x_wconf 62' lang='lat' dir='ltr'>spectaculum</span> <span class='ocrx_word' id='word_1_749' title='bbox 864 2470 956 2505; x_wconf 81' lang='lat' dir='ltr'>fuiffe</span> <span class='ocrx_word' id='word_1_750' title='bbox 972 2498 982 2511; x_wconf 95' lang='lat'>,</span> <span class='ocrx_word' id='word_1_751' title='bbox 993 2472 1084 2518; x_wconf 88' lang='lat' dir='ltr'>quod</span> <span class='ocrx_word' id='word_1_752' title='bbox 1097 2482 1165 2504; x_wconf 86' lang='lat' dir='ltr'>tam</span> <span class='ocrx_word' id='word_1_753' title='bbox 1176 2473 1327 2505; x_wconf 86' lang='lat' dir='ltr'>nouitate</span> <span class='ocrx_word' id='word_1_754' title='bbox 1338 2470 1438 2516; x_wconf 67' lang='lat' dir='ltr'>quam</span> <span class='ocrx_word' id='word_1_755' title='bbox 1449 2469 1630 2517; x_wconf 84' lang='lat' dir='ltr'>praestantia</span> <span class='ocrx_word' id='word_1_756' title='bbox 1647 2467 1701 2502; x_wconf 81' lang='lat' dir='ltr'>sua</span> <span class='ocrx_word' id='word_1_757' title='bbox 1710 2468 1862 2515; x_wconf 84' lang='lat' dir='ltr'>Angelos</span> <span class='ocrx_word' id='word_1_758' title='bbox 1873 2470 1910 2503; x_wconf 88' lang='lat' dir='ltr'>in</span> <span class='ocrx_word' id='word_1_759' title='bbox 1927 2467 1958 2504; x_wconf 86' lang='lat' dir='ltr'>se</span> <span class='ocrx_word' id='word_1_760' title='bbox 1976 2473 2192 2507; x_wconf 76' lang='lat' dir='ltr'>conuenerit.</span> 
     </span>
     <span class='ocr_line' id='line_1_53' title="bbox 357 2515 2193 2570; baseline -0.005 -11"><span class='ocrx_word' id='word_1_761' title='bbox 357 2527 471 2570; x_wconf 71' lang='lat' dir='ltr'>Quam</span> <span class='ocrx_word' id='word_1_762' title='bbox 484 2525 560 2559; x_wconf 78' lang='lat' dir='ltr'>verb</span> <span class='ocrx_word' id='word_1_763' title='bbox 574 2537 663 2558; x_wconf 86' lang='lat' dir='ltr'>noua</span> <span class='ocrx_word' id='word_1_764' title='bbox 675 2535 723 2556; x_wconf 89' lang='lat' dir='ltr'>res</span> <span class='ocrx_word' id='word_1_765' title='bbox 740 2526 774 2556; x_wconf 74' lang='grc' dir='ltr'>δι</span> <span class='ocrx_word' id='word_1_766' title='bbox 788 2519 932 2555; x_wconf 89' lang='lat' dir='ltr'>insolens</span> <span class='ocrx_word' id='word_1_767' title='bbox 944 2519 1041 2554; x_wconf 90' lang='lat' dir='ltr'>fuerit</span> <span class='ocrx_word' id='word_1_768' title='bbox 1051 2521 1212 2554; x_wconf 87' lang='lat' dir='ltr'>Gentium</span> <span class='ocrx_word' id='word_1_769' title='bbox 1222 2520 1368 2556; x_wconf 84' lang='lat' dir='ltr'>vocatio,</span> <span class='ocrx_word' id='word_1_770' title='bbox 1379 2518 1524 2552; x_wconf 84' lang='lat' dir='ltr'>diximus</span> <span class='ocrx_word' id='word_1_771' title='bbox 1533 2515 1679 2552; x_wconf 91' lang='lat' dir='ltr'>secundo</span> <span class='ocrx_word' id='word_1_772' title='bbox 1689 2517 1728 2550; x_wconf 90' lang='lat' dir='ltr'>ad</span> <span class='ocrx_word' id='word_1_773' title='bbox 1741 2515 2025 2566; x_wconf 76' lang='lat' dir='ltr'>Ephesioscapite.</span> <span class='ocrx_word' id='word_1_774' title='bbox 2043 2518 2193 2555; x_wconf 78' lang='lat' dir='ltr'>Necmi-</span> 
     </span>
     <span class='ocr_line' id='line_1_54' title="bbox 357 2564 2193 2620; baseline -0.002 -13"><span class='ocrx_word' id='word_1_775' title='bbox 357 2585 432 2608; x_wconf 89' lang='lat' dir='ltr'>rum</span> <span class='ocrx_word' id='word_1_776' title='bbox 445 2573 500 2610; x_wconf 89' lang='lat' dir='ltr'>est,</span> <span class='ocrx_word' id='word_1_777' title='bbox 523 2572 662 2620; x_wconf 82' lang='lat' dir='ltr'>Angelis</span> <span class='ocrx_word' id='word_1_778' title='bbox 673 2568 765 2605; x_wconf 82' lang='lat' dir='ltr'>fuiffe</span> <span class='ocrx_word' id='word_1_779' title='bbox 777 2581 907 2605; x_wconf 88' lang='lat' dir='ltr'>nouum</span> <span class='ocrx_word' id='word_1_780' title='bbox 919 2566 1154 2616; x_wconf 66' lang='lat' dir='ltr'>speekaculum:</span> <span class='ocrx_word' id='word_1_781' title='bbox 1165 2570 1223 2614; x_wconf 89' lang='lat' dir='ltr'>qui</span> <span class='ocrx_word' id='word_1_782' title='bbox 1233 2564 1359 2602; x_wconf 83' lang='lat' dir='ltr'>tametsi</span> <span class='ocrx_word' id='word_1_783' title='bbox 1370 2566 1408 2601; x_wconf 88' lang='lat' dir='ltr'>de</span> <span class='ocrx_word' id='word_1_784' title='bbox 1419 2567 1560 2601; x_wconf 82' lang='lat' dir='ltr'>humani</span> <span class='ocrx_word' id='word_1_785' title='bbox 1569 2566 1698 2612; x_wconf 85' lang='lat' dir='ltr'>generis</span> <span class='ocrx_word' id='word_1_786' title='bbox 1707 2565 1936 2612; x_wconf 84' lang='lat' dir='ltr'>redemptione</span> <span class='ocrx_word' id='word_1_787' title='bbox 1945 2578 2193 2612; x_wconf 81' lang='lat' dir='ltr'>cognouerant,</span> 
     </span>
     <span class='ocr_line' id='line_1_55' title="bbox 359 2612 2193 2662; baseline -0.002 -7"><span class='ocrx_word' id='word_1_788' title='bbox 359 2622 498 2656; x_wconf 87' lang='lat' dir='ltr'>modum</span> <span class='ocrx_word' id='word_1_789' title='bbox 514 2633 624 2655; x_wconf 81' lang='lat' dir='ltr'>tamen</span> <span class='ocrx_word' id='word_1_790' title='bbox 636 2633 706 2654; x_wconf 90' lang='lat' dir='ltr'>non</span> <span class='ocrx_word' id='word_1_791' title='bbox 716 2629 894 2653; x_wconf 88' lang='lat' dir='ltr'>tenuerunt</span> <span class='ocrx_word' id='word_1_792' title='bbox 905 2617 945 2651; x_wconf 87' lang='lat' dir='ltr'>ab</span> <span class='ocrx_word' id='word_1_793' title='bbox 955 2618 1056 2651; x_wconf 90' lang='lat' dir='ltr'>initio</span> <span class='ocrx_word' id='word_1_794' title='bbox 1066 2629 1076 2648; x_wconf 89' lang='lat'><em>:</em></span> <span class='ocrx_word' id='word_1_795' title='bbox 1098 2620 1131 2651; x_wconf 61' lang='grc' dir='ltr'>δέ</span> <span class='ocrx_word' id='word_1_796' title='bbox 1143 2615 1266 2650; x_wconf 84' lang='lat' dir='ltr'>celatos</span> <span class='ocrx_word' id='word_1_797' title='bbox 1275 2616 1349 2650; x_wconf 91' lang='lat' dir='ltr'>ideo</span> <span class='ocrx_word' id='word_1_798' title='bbox 1361 2616 1514 2662; x_wconf 63' lang='lat' dir='ltr'>oportuit</span> <span class='ocrx_word' id='word_1_799' title='bbox 1524 2637 1533 2652; x_wconf 91' lang='lat'>,</span> <span class='ocrx_word' id='word_1_800' title='bbox 1543 2626 1612 2661; x_wconf 86' lang='lat' dir='ltr'>quo</span> <span class='ocrx_word' id='word_1_801' title='bbox 1623 2612 1697 2661; x_wconf 88' lang='lat' dir='ltr'>plus</span> <span class='ocrx_word' id='word_1_802' title='bbox 1708 2612 1936 2648; x_wconf 80' lang='lat' dir='ltr'>admirationis</span> <span class='ocrx_word' id='word_1_803' title='bbox 1949 2613 2082 2650; x_wconf 83' lang='lat' dir='ltr'>haberet</span> <span class='ocrx_word' id='word_1_804' title='bbox 2100 2627 2193 2654; x_wconf 82' lang='lat' dir='ltr'>tanta</span> 
     </span>
     <span class='ocr_line' id='line_1_56' title="bbox 359 2659 2194 2711; baseline -0.003 -7"><span class='ocrx_word' id='word_1_805' title='bbox 359 2672 424 2704; x_wconf 79' lang='lat' dir='ltr'>Dei</span> <span class='ocrx_word' id='word_1_806' title='bbox 441 2669 584 2703; x_wconf 78' lang='lat' dir='ltr'>bonitas.</span> <span class='ocrx_word' id='word_1_807' title='bbox 637 2666 748 2702; x_wconf 79' lang='lat' dir='ltr'>Fidem</span> <span class='ocrx_word' id='word_1_808' title='bbox 769 2664 896 2700; x_wconf 78' lang='lat' dir='ltr'>obtinuit</span> <span class='ocrx_word' id='word_1_809' title='bbox 912 2668 943 2698; x_wconf 75' lang='lat' dir='ltr'>in</span> <span class='ocrx_word' id='word_1_810' title='bbox 951 2663 1074 2699; x_wconf 81' lang='lat' dir='ltr'>mundo.</span> <span class='ocrx_word' id='word_1_811' title='bbox 1122 2667 1191 2698; x_wconf 88' lang='lat' dir='ltr'>lam</span> <span class='ocrx_word' id='word_1_812' title='bbox 1203 2663 1286 2698; x_wconf 91' lang='lat' dir='ltr'>illud</span> <span class='ocrx_word' id='word_1_813' title='bbox 1304 2675 1370 2699; x_wconf 85' lang='lat' dir='ltr'>erat</span> <span class='ocrx_word' id='word_1_814' title='bbox 1381 2666 1416 2698; x_wconf 88' lang='lat' dir='ltr'>in</span> <span class='ocrx_word' id='word_1_815' title='bbox 1437 2665 1553 2711; x_wconf 86' lang='lat' dir='ltr'>primis</span> <span class='ocrx_word' id='word_1_816' title='bbox 1561 2660 1753 2696; x_wconf 85' lang='lat' dir='ltr'>admirabile</span> <span class='ocrx_word' id='word_1_817' title='bbox 1770 2687 1782 2702; x_wconf 88' lang='lat'><em>‚</em></span> <span class='ocrx_word' id='word_1_818' title='bbox 1800 2660 1892 2708; x_wconf 71' lang='lat' dir='ltr'>quod</span> <span class='ocrx_word' id='word_1_819' title='bbox 1902 2659 2045 2696; x_wconf 85' lang='lat' dir='ltr'>eiusdem</span> <span class='ocrx_word' id='word_1_820' title='bbox 2064 2663 2194 2700; x_wconf 83' lang='lat' dir='ltr'>reuela-</span> 
     </span>
     <span class='ocr_line' id='line_1_57' title="bbox 359 2708 2192 2765; baseline -0.002 -13"><span class='ocrx_word' id='word_1_821' title='bbox 359 2720 465 2752; x_wconf 82' lang='lat' dir='ltr'>tionis</span> <span class='ocrx_word' id='word_1_822' title='bbox 487 2722 519 2751; x_wconf 86' lang='lat'>&amp;</span> <span class='ocrx_word' id='word_1_823' title='bbox 531 2720 653 2752; x_wconf 87' lang='lat' dir='ltr'>Gentes</span> <span class='ocrx_word' id='word_1_824' title='bbox 664 2714 816 2764; x_wconf 81' lang='lat' dir='ltr'>profanas</span> <span class='ocrx_word' id='word_1_825' title='bbox 829 2741 838 2755; x_wconf 89' lang='lat'>,</span> <span class='ocrx_word' id='word_1_826' title='bbox 864 2719 897 2748; x_wconf 74' lang='grc' dir='ltr'>ὅ(</span> <span class='ocrx_word' id='word_1_827' title='bbox 910 2712 1059 2765; x_wconf 82' lang='lat' dir='ltr'>Angelos</span> <span class='ocrx_word' id='word_1_828' title='bbox 1069 2724 1247 2762; x_wconf 86' lang='lat' dir='ltr'>perpetuos</span> <span class='ocrx_word' id='word_1_829' title='bbox 1258 2714 1351 2758; x_wconf 81' lang='lat' dir='ltr'>regni</span> <span class='ocrx_word' id='word_1_830' title='bbox 1361 2710 1408 2746; x_wconf 86' lang='lat' dir='ltr'>sui</span> <span class='ocrx_word' id='word_1_831' title='bbox 1419 2711 1559 2747; x_wconf 84' lang='lat' dir='ltr'>haeredes</span> <span class='ocrx_word' id='word_1_832' title='bbox 1570 2736 1579 2749; x_wconf 90' lang='lat'><em>‚</em></span> <span class='ocrx_word' id='word_1_833' title='bbox 1588 2710 1680 2757; x_wconf 70' lang='lat' dir='ltr'>aeque</span> <span class='ocrx_word' id='word_1_834' title='bbox 1698 2721 1872 2757; x_wconf 84' lang='lat' dir='ltr'>compotes</span> <span class='ocrx_word' id='word_1_835' title='bbox 1882 2708 2000 2745; x_wconf 87' lang='lat' dir='ltr'>fecerat</span> <span class='ocrx_word' id='word_1_836' title='bbox 2008 2711 2110 2746; x_wconf 86' lang='lat' dir='ltr'>Deus.</span> <span class='ocrx_word' id='word_1_837' title='bbox 2127 2713 2192 2750; x_wconf 79' lang='lat' dir='ltr'>Sed</span> 
     </span>
     <span class='ocr_line' id='line_1_58' title="bbox 360 2755 2192 2812; baseline -0.004 -12"><span class='ocrx_word' id='word_1_838' title='bbox 360 2777 452 2801; x_wconf 83' lang='lat' dir='ltr'>tanta</span> <span class='ocrx_word' id='word_1_839' title='bbox 462 2769 560 2800; x_wconf 86' lang='lat' dir='ltr'>etiam</span> <span class='ocrx_word' id='word_1_840' title='bbox 572 2763 744 2812; x_wconf 81' lang='lat' dir='ltr'>Euangelii</span> <span class='ocrx_word' id='word_1_841' title='bbox 755 2763 918 2811; x_wconf 75' lang='lat' dir='ltr'>praedicati</span> <span class='ocrx_word' id='word_1_842' title='bbox 929 2761 1073 2796; x_wconf 84' lang='lat' dir='ltr'>efficacia</span> <span class='ocrx_word' id='word_1_843' title='bbox 1085 2760 1281 2795; x_wconf 86' lang='lat' dir='ltr'>miraculum</span> <span class='ocrx_word' id='word_1_844' title='bbox 1293 2760 1356 2795; x_wconf 90' lang='lat' dir='ltr'>fuit</span> <span class='ocrx_word' id='word_1_845' title='bbox 1367 2773 1437 2794; x_wconf 88' lang='lat' dir='ltr'>non</span> <span class='ocrx_word' id='word_1_846' title='bbox 1448 2759 1582 2807; x_wconf 85' lang='lat' dir='ltr'>vulgare</span> <span class='ocrx_word' id='word_1_847' title='bbox 1591 2781 1601 2797; x_wconf 84' lang='lat'>,</span> <span class='ocrx_word' id='word_1_848' title='bbox 1610 2770 1715 2805; x_wconf 87' lang='lat' dir='ltr'>quum</span> <span class='ocrx_word' id='word_1_849' title='bbox 1733 2757 1884 2794; x_wconf 86' lang='lat' dir='ltr'>Christus</span> <span class='ocrx_word' id='word_1_850' title='bbox 1891 2769 1942 2793; x_wconf 93' lang='lat' dir='ltr'>tot</span> <span class='ocrx_word' id='word_1_851' title='bbox 1951 2755 2108 2806; x_wconf 87' lang='lat' dir='ltr'>superatis</span> <span class='ocrx_word' id='word_1_852' title='bbox 2123 2763 2192 2797; x_wconf 87' lang='lat' dir='ltr'>im-</span> 
     </span>
     <span class='ocr_line' id='line_1_59' title="bbox 361 2805 2191 2863; baseline -0.003 -15"><span class='ocrx_word' id='word_1_853' title='bbox 361 2815 574 2863; x_wconf 81' lang='lat' dir='ltr'>pedimentis,</span> <span class='ocrx_word' id='word_1_854' title='bbox 586 2815 620 2847; x_wconf 91' lang='lat' dir='ltr'>in</span> <span class='ocrx_word' id='word_1_855' title='bbox 632 2813 854 2846; x_wconf 83' lang='lat' dir='ltr'>obedientiam</span> <span class='ocrx_word' id='word_1_856' title='bbox 868 2809 941 2844; x_wconf 84' lang='lat' dir='ltr'>fidei</span> <span class='ocrx_word' id='word_1_857' title='bbox 953 2807 1097 2857; x_wconf 85' lang='lat' dir='ltr'>subegit,</span> <span class='ocrx_word' id='word_1_858' title='bbox 1109 2812 1168 2856; x_wconf 91' lang='lat' dir='ltr'>qui</span> <span class='ocrx_word' id='word_1_859' title='bbox 1179 2808 1372 2843; x_wconf 85' lang='lat' dir='ltr'>videbantur</span> <span class='ocrx_word' id='word_1_860' title='bbox 1396 2808 1456 2842; x_wconf 84' lang='lat' dir='ltr'>effe</span> <span class='ocrx_word' id='word_1_861' title='bbox 1466 2805 1595 2855; x_wconf 86' lang='lat' dir='ltr'>prorsus</span> <span class='ocrx_word' id='word_1_862' title='bbox 1607 2805 1838 2842; x_wconf 85' lang='lat' dir='ltr'>indomabiles.</span> <span class='ocrx_word' id='word_1_863' title='bbox 1861 2805 1960 2841; x_wconf 88' lang='lat' dir='ltr'>Nihil</span> <span class='ocrx_word' id='word_1_864' title='bbox 1971 2807 2056 2842; x_wconf 63' lang='lat' dir='ltr'>cert&amp;</span> <span class='ocrx_word' id='word_1_865' title='bbox 2077 2811 2191 2846; x_wconf 82' lang='lat' dir='ltr'>minus</span> 
     </span>
     <span class='ocr_line' id='line_1_60' title="bbox 361 2853 2192 2906; baseline -0.007 -9"><span class='ocrx_word' id='word_1_866' title='bbox 361 2861 519 2897; x_wconf 83' lang='lat' dir='ltr'>credibile</span> <span class='ocrx_word' id='word_1_867' title='bbox 530 2861 710 2895; x_wconf 87' lang='lat' dir='ltr'>videbatur:</span> <span class='ocrx_word' id='word_1_868' title='bbox 722 2860 801 2894; x_wconf 72' lang='lat' dir='ltr'>adeo</span> <span class='ocrx_word' id='word_1_869' title='bbox 812 2861 920 2893; x_wconf 81' lang='lat' dir='ltr'>aditus</span> <span class='ocrx_word' id='word_1_870' title='bbox 930 2871 1048 2893; x_wconf 89' lang='lat' dir='ltr'>omnes</span> <span class='ocrx_word' id='word_1_871' title='bbox 1060 2856 1204 2906; x_wconf 84' lang='lat' dir='ltr'>praeclufi</span> <span class='ocrx_word' id='word_1_872' title='bbox 1213 2868 1304 2892; x_wconf 83' lang='lat' dir='ltr'>erant</span> <span class='ocrx_word' id='word_1_873' title='bbox 1315 2860 1350 2891; x_wconf 64' lang='grc' dir='ltr'>δέ</span> <span class='ocrx_word' id='word_1_874' title='bbox 1361 2855 1510 2891; x_wconf 88' lang='lat' dir='ltr'>obserati.</span> <span class='ocrx_word' id='word_1_875' title='bbox 1538 2857 1626 2892; x_wconf 87' lang='lat' dir='ltr'>Fides</span> <span class='ocrx_word' id='word_1_876' title='bbox 1641 2867 1751 2889; x_wconf 86' lang='lat' dir='ltr'>tamen</span> <span class='ocrx_word' id='word_1_877' title='bbox 1764 2853 1905 2890; x_wconf 64' lang='lat' dir='ltr'>eludka&#39;ta</span> <span class='ocrx_word' id='word_1_878' title='bbox 1913 2853 1957 2889; x_wconf 88' lang='lat' dir='ltr'>est</span> <span class='ocrx_word' id='word_1_879' title='bbox 1967 2881 1977 2893; x_wconf 91' lang='lat'><em>‚</em></span> <span class='ocrx_word' id='word_1_880' title='bbox 1989 2854 2039 2890; x_wconf 86' lang='lat' dir='ltr'>sed</span> <span class='ocrx_word' id='word_1_881' title='bbox 2049 2858 2192 2893; x_wconf 82' lang='lat' dir='ltr'>incredi-</span> 
     </span>
     <span class='ocr_line' id='line_1_61' title="bbox 361 2901 2191 2956; baseline -0.003 -10"><span class='ocrx_word' id='word_1_882' title='bbox 361 2910 421 2946; x_wconf 85' lang='lat' dir='ltr'>bili</span> <span class='ocrx_word' id='word_1_883' title='bbox 434 2913 581 2946; x_wconf 62' lang='lat' dir='ltr'>vi6koriae</span> <span class='ocrx_word' id='word_1_884' title='bbox 591 2921 719 2956; x_wconf 88' lang='lat' dir='ltr'>genere.</span> <span class='ocrx_word' id='word_1_885' title='bbox 731 2908 899 2942; x_wconf 71' lang='lat' dir='ltr'>Postremi)</span> <span class='ocrx_word' id='word_1_886' title='bbox 908 2909 1077 2954; x_wconf 78' lang='lat' dir='ltr'>ingloriam</span> <span class='ocrx_word' id='word_1_887' title='bbox 1086 2917 1236 2955; x_wconf 74' lang='lat' dir='ltr'>receptum</span> <span class='ocrx_word' id='word_1_888' title='bbox 1245 2906 1297 2952; x_wconf 75' lang='lat' dir='ltr'>effe</span> <span class='ocrx_word' id='word_1_889' title='bbox 1307 2906 1398 2939; x_wconf 89' lang='lat' dir='ltr'>dicit:</span> <span class='ocrx_word' id='word_1_890' title='bbox 1409 2917 1530 2952; x_wconf 85' lang='lat' dir='ltr'>nempe</span> <span class='ocrx_word' id='word_1_891' title='bbox 1541 2903 1581 2938; x_wconf 86' lang='lat' dir='ltr'>ab</span> <span class='ocrx_word' id='word_1_892' title='bbox 1590 2902 1651 2939; x_wconf 87' lang='lat' dir='ltr'>hac</span> <span class='ocrx_word' id='word_1_893' title='bbox 1664 2901 1840 2937; x_wconf 88' lang='lat' dir='ltr'>mortali&amp;</span> <span class='ocrx_word' id='word_1_894' title='bbox 1852 2903 2034 2938; x_wconf 67' lang='lat' dir='ltr'>aerumnosa</span> <span class='ocrx_word' id='word_1_895' title='bbox 2043 2906 2120 2940; x_wconf 88' lang='lat' dir='ltr'>vita.</span> <span class='ocrx_word' id='word_1_896' title='bbox 2131 2908 2191 2941; x_wconf 89' lang='lat' dir='ltr'>Et·-</span> 
     </span>
    </p>

    <p class='ocr_par' dir='ltr' id='par_1_14' title="bbox 361 2949 2190 3007">
     <span class='ocr_line' id='line_1_62' title="bbox 361 2949 2190 3007; baseline -0.003 -13"><span class='ocrx_word' id='word_1_897' title='bbox 361 2972 405 3007; x_wconf 84' lang='lat' dir='ltr'>go</span> <span class='ocrx_word' id='word_1_898' title='bbox 418 2958 511 2993; x_wconf 82' lang='lat' dir='ltr'>sicuti</span> <span class='ocrx_word' id='word_1_899' title='bbox 523 2961 558 2993; x_wconf 90' lang='lat' dir='ltr'>in</span> <span class='ocrx_word' id='word_1_900' title='bbox 571 2972 601 2992; x_wconf 89' lang='lat' dir='ltr'>m</span> <span class='ocrx_word' id='word_1_901' title='bbox 608 2957 697 2992; x_wconf 92' lang='lat' dir='ltr'>undo</span> <span class='ocrx_word' id='word_1_902' title='bbox 709 2956 820 3003; x_wconf 81' lang='lat' dir='ltr'>quoad</span> <span class='ocrx_word' id='word_1_903' title='bbox 834 2955 906 2989; x_wconf 85' lang='lat' dir='ltr'>fidei</span> <span class='ocrx_word' id='word_1_904' title='bbox 916 2955 1154 2993; x_wconf 75' lang='lat' dir='ltr'>obedientiam,</span> <span class='ocrx_word' id='word_1_905' title='bbox 1165 2957 1209 2988; x_wconf 88' lang='lat' dir='ltr'>ita</span> <span class='ocrx_word' id='word_1_906' title='bbox 1223 2959 1256 2989; x_wconf 87' lang='lat'>&amp;</span> <span class='ocrx_word' id='word_1_907' title='bbox 1270 2956 1304 2988; x_wconf 91' lang='lat' dir='ltr'>in</span> <span class='ocrx_word' id='word_1_908' title='bbox 1315 2952 1438 2987; x_wconf 85' lang='lat' dir='ltr'>Christi</span> <span class='ocrx_word' id='word_1_909' title='bbox 1451 2952 1590 2999; x_wconf 86' lang='lat' dir='ltr'>persona</span> <span class='ocrx_word' id='word_1_910' title='bbox 1600 2953 1682 2985; x_wconf 85' lang='lat' dir='ltr'>mira</span> <span class='ocrx_word' id='word_1_911' title='bbox 1692 2949 1754 2985; x_wconf 89' lang='lat' dir='ltr'>fuit</span> <span class='ocrx_word' id='word_1_912' title='bbox 1763 2949 1937 2986; x_wconf 83' lang='lat' dir='ltr'>conuersio</span> <span class='ocrx_word' id='word_1_913' title='bbox 1946 2977 1959 2992; x_wconf 89' lang='lat'>,</span> <span class='ocrx_word' id='word_1_914' title='bbox 1979 2952 2061 2988; x_wconf 87' lang='lat' dir='ltr'>dum</span> <span class='ocrx_word' id='word_1_915' title='bbox 2071 2965 2109 2989; x_wconf 84' lang='lat' dir='ltr'>ex</span> <span class='ocrx_word' id='word_1_916' title='bbox 2120 2965 2190 2992; x_wconf 87' lang='lat' dir='ltr'>tam</span> 
     </span>
    </p>

    <p class='ocr_par' dir='ltr' id='par_1_15' title="bbox 355 3000 2182 3050">
     <span class='ocr_line' id='line_1_63' title="bbox 355 3000 2182 3050; baseline -0.007 -8"><span class='ocrx_word' id='word_1_917' title='bbox 355 3008 488 3050; x_wconf 16' lang='lat' dir='ltr'>*abiecta</span> <span class='ocrx_word' id='word_1_918' title='bbox 498 3006 579 3042; x_wconf 72' lang='lat' dir='ltr'>feriri</span> <span class='ocrx_word' id='word_1_919' title='bbox 590 3007 787 3041; x_wconf 87' lang='lat' dir='ltr'>conditione</span> <span class='ocrx_word' id='word_1_920' title='bbox 798 3006 932 3039; x_wconf 68' lang='lat' dir='ltr'>euestus</span> <span class='ocrx_word' id='word_1_921' title='bbox 942 3004 985 3038; x_wconf 79' lang='lat' dir='ltr'>est</span> <span class='ocrx_word' id='word_1_922' title='bbox 996 3005 1035 3037; x_wconf 84' lang='lat' dir='ltr'>ad</span> <span class='ocrx_word' id='word_1_923' title='bbox 1045 3004 1210 3037; x_wconf 85' lang='lat' dir='ltr'>dexteram</span> <span class='ocrx_word' id='word_1_924' title='bbox 1220 3004 1371 3040; x_wconf 85' lang='lat' dir='ltr'>Patris‚vt</span> <span class='ocrx_word' id='word_1_925' title='bbox 1381 3000 1431 3035; x_wconf 91' lang='lat' dir='ltr'>illi</span> <span class='ocrx_word' id='word_1_926' title='bbox 1440 3000 1590 3036; x_wconf 66' lang='lat' dir='ltr'>fleetatut</span> <span class='ocrx_word' id='word_1_927' title='bbox 1600 3011 1704 3034; x_wconf 87' lang='lat' dir='ltr'>omne</span> <span class='ocrx_word' id='word_1_928' title='bbox 1714 3010 1814 3047; x_wconf 88' lang='lat' dir='ltr'>genu.</span> <span class='ocrx_word' id='word_1_929' title='bbox 1917 3004 1923 3009; x_wconf 83' lang='lat'>&#39;</span> <span class='ocrx_word' id='word_1_930' title='bbox 2180 3011 2182 3016; x_wconf 69' lang='lat'>,</span> 
     </span>
    </p>
   </div>
   <div class='ocr_carea' id='block_1_13' title="bbox 1064 3059 1368 3111">
    <p class='ocr_par' dir='ltr' id='par_1_16' title="bbox 1064 3059 1368 3111">
     <span class='ocr_line' id='line_1_64' title="bbox 1064 3059 1368 3111; baseline -0.01 0"><span class='ocrx_word' id='word_1_931' title='bbox 1064 3059 1198 3111; x_wconf 71' lang='lat' dir='ltr'><strong>CAP.</strong></span> <span class='ocrx_word' id='word_1_932' title='bbox 1248 3076 1368 3109; x_wconf 92' lang='lat'>1111.</span> 
     </span>
    </p>
   </div>
   <div class='ocr_carea' id='block_1_14' title="bbox 360 3144 2189 3433">
    <p class='ocr_par' dir='ltr' id='par_1_17' title="bbox 360 3144 2189 3433">
     <span class='ocr_line' id='line_1_65' title="bbox 435 3144 2189 3203; baseline -0.002 -9"><span class='ocrx_word' id='word_1_933' title='bbox 435 3157 559 3193; x_wconf 80' lang='lat' dir='ltr'>Piritus</span> <span class='ocrx_word' id='word_1_934' title='bbox 570 3162 686 3192; x_wconf 74' lang='lat' dir='ltr'>autem</span> <span class='ocrx_word' id='word_1_935' title='bbox 698 3149 782 3189; x_wconf 61' lang='lat' dir='ltr'>clar}</span> <span class='ocrx_word' id='word_1_936' title='bbox 792 3149 877 3188; x_wconf 78' lang='lat' dir='ltr'>dicit</span> <span class='ocrx_word' id='word_1_937' title='bbox 884 3146 982 3202; x_wconf 73' lang='lat' dir='ltr'>qubd</span> <span class='ocrx_word' id='word_1_938' title='bbox 990 3150 1028 3186; x_wconf 86' lang='lat' dir='ltr'>in</span> <span class='ocrx_word' id='word_1_939' title='bbox 1032 3147 1264 3202; x_wconf 78' lang='lat' dir='ltr'>posterioribus</span> <span class='ocrx_word' id='word_1_940' title='bbox 1272 3144 1475 3203; x_wconf 79' lang='lat' dir='ltr'>temporibus</span> <span class='ocrx_word' id='word_1_941' title='bbox 1484 3144 1664 3202; x_wconf 70' lang='lat' dir='ltr'>desciſsent</span> <span class='ocrx_word' id='word_1_942' title='bbox 1672 3144 1814 3201; x_wconf 79' lang='lat' dir='ltr'>quidam</span> <span class='ocrx_word' id='word_1_943' title='bbox 1823 3144 1844 3186; x_wconf 67' lang='grc' dir='ltr'><em>ἃ</em></span> <span class='ocrx_word' id='word_1_944' title='bbox 1849 3144 1950 3198; x_wconf 76' lang='lat' dir='ltr'>fide,</span> <span class='ocrx_word' id='word_1_945' title='bbox 1973 3147 2189 3191; x_wconf 73' lang='lat' dir='ltr'>attendentes</span> 
     </span>
     <span class='ocr_line' id='line_1_66' title="bbox 428 3203 1348 3269; baseline -0.007 -21"><span class='ocrx_word' id='word_1_946' title='bbox 428 3208 601 3269; x_wconf 81' lang='lat' dir='ltr'>spiritibus</span> <span class='ocrx_word' id='word_1_947' title='bbox 610 3205 852 3263; x_wconf 60' lang='lat' dir='ltr'>impostoribus,</span> <span class='ocrx_word' id='word_1_948' title='bbox 867 3205 907 3251; x_wconf 66' lang='grc' dir='ltr'>ἀ·</span> <span class='ocrx_word' id='word_1_949' title='bbox 917 3203 1084 3244; x_wconf 61' lang='lat' dir='ltr'>dominis</span> <span class='ocrx_word' id='word_1_950' title='bbox 1093 3203 1348 3248; x_wconf 76' lang='lat' dir='ltr'>damoniorum,</span> 
     </span>
     <span class='ocr_line' id='line_1_67' title="bbox 394 3257 1769 3322; baseline -0.007 -17"><span class='ocrx_word' id='word_1_951' title='bbox 394 3262 399 3266; x_wconf 68' lang='grc'><strong>’</strong></span> <span class='ocrx_word' id='word_1_952' title='bbox 423 3282 442 3305; x_wconf 81' lang='lat'>2.</span> <span class='ocrx_word' id='word_1_953' title='bbox 500 3274 540 3304; x_wconf 73' lang='lat' dir='ltr'>In</span> <span class='ocrx_word' id='word_1_954' title='bbox 549 3262 703 3322; x_wconf 68' lang='lat' dir='ltr'>hypocrifi</span> <span class='ocrx_word' id='word_1_955' title='bbox 702 3261 967 3316; x_wconf 76' lang='lat' dir='ltr'>falsiloquorum</span> <span class='ocrx_word' id='word_1_956' title='bbox 981 3290 991 3305; x_wconf 86' lang='lat'>‚</span> <span class='ocrx_word' id='word_1_957' title='bbox 1000 3262 1144 3298; x_wconf 76' lang='lat' dir='ltr'>cauterio</span> <span class='ocrx_word' id='word_1_958' title='bbox 1153 3269 1306 3298; x_wconf 82' lang='lat' dir='ltr'>notatam</span> <span class='ocrx_word' id='word_1_959' title='bbox 1316 3257 1514 3299; x_wconf 76' lang='lat' dir='ltr'>habentium</span> <span class='ocrx_word' id='word_1_960' title='bbox 1521 3257 1769 3314; x_wconf 64' lang='lat' dir='ltr'>confitentium,</span> 
     </span>
     <span class='ocr_line' id='line_1_68' title="bbox 412 3309 2179 3374; baseline -0.004 -15"><span class='ocrx_word' id='word_1_961' title='bbox 412 3339 424 3369; x_wconf 68' lang='grc' dir='ltr'><strong>ς</strong></span> <span class='ocrx_word' id='word_1_962' title='bbox 483 3319 736 3359; x_wconf 80' lang='lat' dir='ltr'>Prohibentium</span> <span class='ocrx_word' id='word_1_963' title='bbox 744 3319 966 3358; x_wconf 77' lang='lat' dir='ltr'>matrimonia</span> <span class='ocrx_word' id='word_1_964' title='bbox 976 3311 1182 3359; x_wconf 81' lang='lat' dir='ltr'>contrahere,</span> <span class='ocrx_word' id='word_1_965' title='bbox 1189 3311 1377 3353; x_wconf 71' lang='lat' dir='ltr'>iubentium</span> <span class='ocrx_word' id='word_1_966' title='bbox 1386 3313 1546 3366; x_wconf 77' lang='lat' dir='ltr'>abstinere</span> <span class='ocrx_word' id='word_1_967' title='bbox 1554 3313 1574 3353; x_wconf 62' lang='lat' dir='ltr'><em>h</em></span> <span class='ocrx_word' id='word_1_968' title='bbox 1584 3313 1666 3353; x_wconf 71' lang='lat' dir='ltr'>cibis</span> <span class='ocrx_word' id='word_1_969' title='bbox 1675 3327 1761 3368; x_wconf 78' lang='lat' dir='ltr'>quos</span> <span class='ocrx_word' id='word_1_970' title='bbox 1770 3320 1865 3354; x_wconf 80' lang='lat' dir='ltr'>Deus</span> <span class='ocrx_word' id='word_1_971' title='bbox 1884 3309 2179 3374; x_wconf 71' lang='lat' dir='ltr'>creauitadperci.</span> 
     </span>
     <span class='ocr_line' id='line_1_69' title="bbox 360 3366 1678 3433; baseline -0.006 -16"><span class='ocrx_word' id='word_1_972' title='bbox 360 3376 523 3433; x_wconf 65' lang='lat' dir='ltr'>piendum</span> <span class='ocrx_word' id='word_1_973' title='bbox 532 3391 604 3415; x_wconf 81' lang='lat' dir='ltr'>cum</span> <span class='ocrx_word' id='word_1_974' title='bbox 608 3385 797 3431; x_wconf 64' lang='lat' dir='ltr'>gratiarum</span> <span class='ocrx_word' id='word_1_975' title='bbox 806 3366 1118 3425; x_wconf 40' lang='lat' dir='ltr'>afflone-fidelibus,</span> <span class='ocrx_word' id='word_1_976' title='bbox 1129 3370 1168 3418; x_wconf 66' lang='grc' dir='ltr'>ἀ·</span> <span class='ocrx_word' id='word_1_977' title='bbox 1180 3371 1241 3424; x_wconf 80' lang='lat' dir='ltr'>qui</span> <span class='ocrx_word' id='word_1_978' title='bbox 1248 3380 1476 3427; x_wconf 78' lang='lat' dir='ltr'>cognouerunt</span> <span class='ocrx_word' id='word_1_979' title='bbox 1482 3373 1678 3412; x_wconf 78' lang='lat' dir='ltr'>veritatem.</span> 
     </span>
    </p>
   </div>
   <div class='ocr_carea' id='block_1_15' title="bbox 1997 3427 2194 3487">
    <p class='ocr_par' dir='ltr' id='par_1_18' title="bbox 1997 3427 2194 3487">
     <span class='ocr_line' id='line_1_70' title="bbox 1997 3427 2194 3487; baseline 0 -15"><span class='ocrx_word' id='word_1_980' title='bbox 1997 3442 2024 3478; x_wconf 79' lang='lat'>4</span> <span class='ocrx_word' id='word_1_981' title='bbox 2076 3427 2194 3487; x_wconf 73' lang='lat' dir='ltr'>de</span> 
     </span>
    </p>
   </div>
   <div class='ocr_carea' id='block_1_16' title="bbox 2216 0 2268 1642">
    <p class='ocr_par' dir='ltr' id='par_1_19' title="bbox 2216 0 2268 1642">
     <span class='ocr_line' id='line_1_71' title="bbox 2216 0 2268 1642; baseline 0 0"><span class='ocrx_word' id='word_1_982' title='bbox 2216 0 2268 1642; x_wconf 95' lang='lat' dir='ltr'> </span> 
     </span>
    </p>
   </div>
  </div>
 </body>
</html>
