2268 3705
591 102 707 156 AD
757 104 1525 158 GALATA‘S2.CA1’·11-
1921 119 1970 166 3¹5

130 177 352 228 Euangelium
361 174 592 213 deformabant
601 179 715 212 Petrus
727 180 760 212 &
771 176 838 211 alii.
852 178 956 225 Qd
966 190 1072 225 quum
1084 180 1130 212 ita
1138 176 1186 216 fit,
1193 180 1334 214 minime
1346 179 1568 216 dubitandum
1579 182 1756 222 est,serium
1767 184 1857 221 fuisse
1866 177 1971 223 'paulo

133 239 308 265 certamen.
319 228 371 262 De
380 227 532 262 doctrina
544 226 674 274 optime
685 224 947 260 consentiebant:
955 224 1007 261 sed
1016 229 1094 274 quia
1103 239 1175 261 non
1185 225 1301 261 habito
1311 228 1418 262 doctri
1460 230 1463 236 ’
1481 227 1628 277 respectu
1639 236 1741 270 nimis
1750 233 1908 270 semiliter
1916 238 1972 271 lua

133 278 208 313 daeis
219 273 458 322 obsequebatur
467 275 591 311 Petrus,
598 274 673 308 ideo
683 272 933 309 claudicationis
944 278 1104 322 arguitur.
1132 276 1217 310 Sunt
1231 278 1289 321 qui
1299 275 1368 310 alio
1380 288 1537 323 praetextu
1547 277 1680 314 Petrum
1700 281 1868 318 excusent:
1889 286 1968 331 quia

135 326 240 373 magis
250 321 397 358 solicitus
408 320 468 357 else
477 321 626 356 debuerit
640 322 679 356 de
689 320 789 357 salute
797 322 1260 361 ludaeotum,Citcuncisionis
1271 321 1394 359 scilicet
1407 325 1599 373 Apostolus:
1611 331 1644 362 ὃς
1656 339 1765 364 tamen
1777 328 1872 366 stmul
1883 344 1969 368 con-

133 370 403 412 cedant‚Paulum
415 382 551 418 quoque
562 370 647 405 recte*
659 368 765 404 feciffi:
775 394 785 408 ,
795 366 1002 417 suscipiendo
1013 368 1142 406 causam
1153 374 1327 407 Gentiumt
1340 370 1393 407 sed
1403 373 1539 408 stultum
1551 376 1594 409 est
1611 370 1781 412 defendere
1791 376 1881 425 quod
1895 382 1970 427 Spi-

133 424 214 457 ritus
225 418 352 454 sanetus
364 431 421 467 per
432 431 468 453 os
482 417 575 453 Pauli
586 418 768 453 damnauit.
781 419 898 465 Neque
908 419 988 453 vero
998 417 1053 454 hic
1063 419 1220 466 agebatur
1230 419 1409 456 hominum
1420 421 1661 470 negotiumtsed
1672 437 1802 461 venerat
1812 430 1846 461 in
1857 422 1971 462 discri-

134 481 212 505 men
221 467 398 514 Euangelii
410 469 590 514 puritas,ne
599 467 733 501 Iudaico
743 465 908 501 fermento
918 469 1157 514 inquinaretur.
1185 471 1294 501 Coram
1304 468 1449 504 omnibus.
1487 471 1564 506 Hoc
1575 484 1665 506 exem
1669 472 1729 521 plo
1736 476 1971 515 admonernur5

132 515 242 566 palam
253 516 457 563 castigandos
469 512 529 549 effe
539 516 598 561 qui
610 513 747 562 publico
759 514 848 550 malo
860 526 1038 563 peccarunt
1050 528 1058 550 τ
1077 527 1240 562 quatenus
1251 517 1382 552 interest
1393 518 1546 554 Ecclesiae»
1561 522 1646 556 Finis
1657 524 1746 556 enini
1758 519 1856 559 estnie
1869 523 1891 558 fi
1903 527 1969 564 im-

159 566 292 599 unitum
302 565 507 611 relinquatur
517 560 678 598 eiusmodi
688 562 954 604 delictum,exem
959 562 1019 611 plo
1029 575 1158 598 noceat.
1169 575 1267 611 atque
1279 565 1310 599 id
1320 565 1438 600 Paulus
1449 570 1653 603 nominatim
1663 568 1820 606 seruanda
1831 573 1865 606 in
1876 567 1968 607 pres-²

131 578 255 659 gytexis
265 610 345 646 alibi
357 613 631 658 docet‚quatenus
644 609 766 646 scilicet
779 610 823 645 ob
833 609 1007 659 personam
1019 623 1119 659 quam
1130 609 1301 651 sustinent,
1315 613 1468 661 exemplo
1480 612 1538 651 suo
1548 619 1681 664 grauius
1691 630 1828 654 nocent.
1836 618 1968 667 praescr-‘-

131 664 194 698 tim
207 660 286 695 verb
298 659 377 695 vtile
388 658 452 694 fuit
461 659 587 695 bonam
597 657 811 707 causam‚quae
821 661 860 694 ad
871 673 989 695 omnes
1001 658 1325 708 spectabaningenue
1335 672 1447 696 coram
1461 665 1590 711 populo
1601 664 1750 705 defendi,
1766 680 1835 714 quo
1847 666 1968 713 melius

133 711 286 746 testatum
297 707 414 744 faceret
423 704 587 748 Paulus‚se
595 707 863 743 lucemminime
874 707 1031 757 refugere.
1041 711 1076 743 Si
1084 719 1116 742 tu
1124 722 1217 755 quum
1218 708 1262 754 fis
1270 707 1397 745 ludam.
1410 711 1530 746 Oratio
1541 713 1633 748 Pauli
1646 713 1684 749 ad
1693 716 1826 751 Petrum
1837 708 1969 754 duobus

134 758 261 794 constat
272 755 439 792 membris.
451 757 560 809 priore
569 755 751 803 expostulat
763 756 854 802 quod
866 757 1002 803 iniquus
1015 756 1053 791 sit
1062 769 1137 806 erga
1148 758 1283 795 Gentes,
1291 759 1369 804 quia
1379 770 1430 792 eas
1440 759 1479 793 ad
1491 757 1682 797 seruandam
1695 765 1815 811 Legem
1825 764 1969 812 adigat,a

134 819 200 855 qua
210 804 335 841 solutus
344 803 410 853 ipse
420 804 479 839 esse
490 802 581 838 velit.
598 804 689 839 Nam
699 815 915 853 praetetquam
927 805 1018 851 quod
1027 804 1150 840 seruate
1158 803 1297 853 quisque
1308 805 1414 853 legem
1425 806 1637 854 debet,quam
1650 805 1721 845 aliis
1732 811 1918 859 praescribit:
1932 816 1970 850 in

134 857 200 891 hoc
214 855 397 888 etiamnum
406 853 539 901 grauius
549 852 809 900 peccabat‚qubd
820 854 944 887 Gentes
953 853 993 887 ad
1004 854 1204 889 Iudaismum
1214 855 1559 902 cogeret,ipse1udaeus
1572 855 1754 893 libertatem
1763 859 1821 895 fibi
1831 865 1971 909 permit-

134 913 226 939 teret.
238 902 353 936 ludaeis
363 903 454 936 enim
463 902 509 936 n6
521 900 685 935 Gentibus
694 901 766 935 data
777 901 843 935 Lex
854 901 1014 936 est.vtitur
1030 905 1141 949 itaque
1150 913 1349 950 argumento
1361 904 1379 936 a
1393 905 1517 938 minori
1530 905 1570 938 ad
1580 908 1697 941 maius.
1707 909 1808 943 Porro
1820 909 1888 945 hae'c
1897 914 1967 945 etat

135 950 209 989 satis
219 951 298 985 dura
309 954 344 985 ὅ(
358 948 508 985 violenta
516 951 660 989 coactio,
672 948 765 996 quod
777 948 939 992 Gentibus
949 953 1230 985 communionem
1239 950 1461 989 renuntiabat,
1475 952 1534 986 nili
1548 952 1670 988 vellent
1679 957 1795 1003 iugum
1808 958 1904 1005 Legis
1916 969 1968 992 re*

134 1003 252 1048 cipere.
263 1010 335 1045 quae
346 1008 412 1032 etat
422 997 542 1032 iniusta
551 998 712 1032 conditio.
722 1000 771 1032 Ac
779 1008 850 1032 tota
860 998 995 1044 quidem
1006 1001 1054 1033 vis
1065 998 1325 1046 reprehensionis
1336 997 1480 1034 consistit
1490 1003 1525 1035 in
1537 1001 1602 1036 hoc
1615 1001 1820 1051 verbmquod
1831 1009 1848 1042 ἢ.
1860 1001 1969 1051 Chry-‘-

135 1046 280 1084 sossomo
290 1050 326 1081 &
346 1047 558 1091 Hieronymo
577 1058 648 1080 non
658 1044 722 1080 fuit
750 1044 1024 1081 animaduersum.
1043 1046 1125 1081 liber
1136 1050 1227 1082 enim
1248 1058 1314 1081 erat
1336 1051 1608 1085 caetemoniarum
1628 1049 1700 1087 vsus
1721 1055 1756 1087 in
1768 1052 1963 1089 aedificatio-

134 1108 213 1133 nem
225 1107 232 1129 :
243 1093 346 1129 modo
356 1105 428 1129 non
437 1091 654 1142 spoliarentur
663 1091 774 1129 fideles
785 1093 837 1129 sua
848 1093 1015 1133 libertate,
1031 1107 1092 1131 nec
1105 1094 1170 1132 illis
1187 1094 1357 1132 necessitas
1368 1098 1595 1144 imponeretur
1605 1122 1615 1137 ,
1627 1100 1644 1135 a
1656 1112 1720 1147 qua
1732 1114 1787 1137 eos
1802 1103 1916 1136 eximit
1927 1104 1968 1137 E-

136 1141 342 1191 uangelium.
1602 1190 1606 1193 .

183 1201 214 1237 15
263 1190 339 1226 Nos
347 1200 460 1224 natura
469 1187 585 1233 Iudai.)
598 1192 675 1225 Scio
686 1188 883 1237 quibusdam
894 1192 998 1226 videri
1009 1190 1312 1239 anthypophoram:
1320 1192 1408 1239 quai]
1421 1196 1579 1242 anticipet
1589 1188 1707 1231 Paulus
1718 1199 1751 1232 in
1767 1194 1905 1246 persona
1913 1192 1971 1233 ad-

133 1239 230 1276 uerliae
243 1240 342 1287 partis
354 1238 446 1285 quod
455 1237 598 1273 obiicere
608 1250 735 1286 poterat
747 1251 885 1286 :nempe
895 1240 970 1287 plus
980 1238 1201 1288 priuilegiiQrt
1212 1239 1314 1287 vulgo
1325 1241 1645 1288 loquunturJhabere
1653 1246 1782 1288 ludens.
1796 1259 1867 1282 non
1878 1239 1970 1293 quod

131 1290 151 1324 ὲ
168 1291 257 1336 Lege
267 1289 516 1321 immunitatem
526 1289 695 1321 instarent.
706 1285 811 1321 fuisset
820 1290 911 1322 enim
926 1286 1099 1334 plusquam
1111 1286 1286 1321 ablutdum
1297 1312 1306 1325 ‚
1320 1288 1406 1336 ipsos
1416 1291 1449 1323 id
1461 1293 1579 1327 iactare
1600 1292 1721 1338 quibus
1739 1294 1805 1328 Lex
1816 1306 1881 1329 erat
1893 1296 1970 1330 lata:

136 1335 188 1372 sed
196 1338 273 1384 quia
283 1334 438 1370 deberent
448 1337 543 1369 certis
554 1333 738 1382 insignibus
750 1334 909 1381 distingui
919 1337 937 1370 a
948 1334 1124 1370 Gentibus.
1164 1335 1201 1369 ld
1210 1348 1289 1382 ergo
1300 1350 1408 1383 neque
1418 1340 1532 1372 reiicio
1548 1352 1582 1374 in
1596 1350 1705 1375 totum
1716 1365 1726 1380 ,
1737 1355 1846 1388 neque
1855 1349 1970 1379 tamen

136 1383 266 1432 prorsus
277 1394 324 1421 ‚vt
336 1394 414 1418 mox
426 1382 550 1430 patebit
560 1409 570 1423 ‚
581 1385 718 1430 recipio.
744 1382 812 1417 Alii
822 1384 887 1417 hoc
905 1384 1041 1429 quidem
1050 1385 1085 1419 in
1098 1380 1235 1430 persona
1244 1382 1336 1418 Pauli
1346 1386 1473 1420 dietum
1485 1389 1654 1434 accipiunt
1664 1412 1674 1425 ‚
1686 1388 1736 1424 sed
1747 1387 1811 1425 hoc
1822 1389 1921 1426 sensu:
1933 1393 1968 1426 Si

133 1433 242 1478 Iudeis
253 1445 339 1467 onus
350 1433 446 1479 Legis
457 1432 658 1479 imponeres,
666 1433 769 1478 magis
779 1430 853 1465 esset
863 1434 985 1466 rationi
995 1429 1265 1466 consentaneum:
1278 1432 1321 1467 est
1331 1435 1420 1468 enim
1433 1433 1499 1467 illis
1510 1434 1717 1470 haereditaria:
1732 1439 1808 1473 veru
1814 1453 1847 1473 rn
1857 1446 1970 1486 neque

134 1481 204 1516 haec
213 1478 375 1528 expositio
385 1482 557 1514 conuenit.
581 1479 631 1513 Est
640 1492 718 1526 ergo
730 1481 840 1527 potius
851 1477 989 1514 secunda
998 1492 1070 1527 pars
1080 1481 1332 1528 orationis‚quae
1341 1480 1381 1516 ab
1392 1485 1614 1530 occupatione
1624 1485 1755 1532 incipit:
1772 1499 1848 1520 nam
1860 1492 1967 1525 (χιιι-,πὶ

135 1527 210 1565 effer
221 1528 373 1563 discrima
383 1529 468 1562 inter
477 1528 602 1562 Iudaeos
613 1532 646 1562 &
657 1527 885 1573 Gentes‚qubd
894 1527 942 1562 hae
952 1526 1097 1576 profanae
1109 1539 1200 1563 erant
1210 1531 1244 1563 &
1256 1529 1458 1577 impurae2illi
1468 1543 1578 1565 autem
1591 1527 1968 1579 san&i,‹1uatenusl)eus

134 1574 223 1625 ipsos
231 1578 267 1611 in
301 1574 444 1623 opulum
454 1586 669 1622 cooprauerat
677 1601 688 1615 ,
698 1587 851 1622 poterant
861 1576 900 1610 de
911 1575 972 1611 hac
981 1577 1411 1625 praerogatiua-contendere
1419 1579 1528 1613 Iudaei.
1541 1581 1601 1614 Sed
1610 1581 1787 1628 prudenter
1797 1594 1876 1617 occu
1883 1596 1965 1631 pan-

134 1626 179 1660 do
188 1648 198 1663 ,
211 1588 329 1660 Paiifus
338 1625 374 1658 in
383 1625 587 1658 contrarium
595 1634 764 1670 retorquet
777 1634 874 1658 :nam
885 1637 991 1671 quum
1008 1625 1106 1659 Iudaei
1118 1623 1177 1672 ipsi
1194 1636 1272 1660 curn
1298 1636 1369 1660 tota
1381 1624 1436 1661 sua
1448 1628 1609 1674 dignitate
1621 1632 1728 1665 coacti
1741 1628 1870 1664 fuiffent
1880 1643 1963 1666 con-·

132 1671 249 1721 fugere
259 1672 298 1707 ad
309 1669 434 1706 Christi
444 1669 541 1705 fidem
551 1684 559 1704 ε
569 1682 697 1718 quanto
709 1673 814 1719 magis
825 1672 1000 1720 oportebat
1016 1673 1144 1707 Gentes
1154 1671 1217 1707 fide
1226 1671 1363 1708 salutem
1377 1671 1535 1722 consequi
1547 1683 1557 1709 Ξ
1595 1677 1693 1712 Mens
1708 1690 1788 1729 ergo
1799 1677 1891 1716 Pauli
1907 1681 1965 1720 est,

131 1721 211 1756 Nos
220 1722 279 1767 qui
287 1719 438 1754 videmur
448 1718 520 1753 aliis
538 1719 682 1766 praestare
690 1742 700 1758 ‚
714 1723 774 1766 qui
785 1719 949 1756 beneficio
969 1720 1099 1756 foederis
1110 1719 1236 1768 semper
1253 1719 1377 1757 fuimus
1397 1726 1583 1771 propinqui
1607 1726 1681 1759 Deo
1693 1739 1700 1759 :
1717 1735 1828 1761 tamen
1839 1726 1968 1764 nullam

131 1767 243 1805 salutis
251 1766 463 1815 adipiscenda:
480 1770 646 1802 rationem
664 1770 859 1803 inuenimus
876 1792 887 1807 ‚
911 1770 1011 1816 quam
1029 1768 1192 1804 credendo
1211 1771 1246 1804 in
1276 1769 1448 1805 Christum
1469 1785 1476 1805 :
1496 1784 1555 1807 cut
1565 1784 1644 1821 ergo
1663 1773 1761 1808 aliam
1781 1773 1971 1822 praescribe'-

131 1829 244 1853 remus
251 1814 434 1851 Gentibus?
472 1814 594 1864 Namfi
606 1815 780 1852 neceffaria
789 1816 864 1851 effer
883 1818 951 1859 Lex
961 1841 972 1856 ‚
982 1818 1034 1852 vel
1043 1816 1204 1865 prodelset
1213 1815 1278 1854 suis
1297 1817 1483 1856 cultoribus
1501 1821 1541 1855 ad
1562 1819 1697 1858 salutem
1715 1835 1723 1857 z
1743 1823 1842 1859 nobis
1862 1826 1968 1859 maxi-

131 1866 189 1902 me
197 1862 357 1913 prodess'et
365 1886 377 1903 ,
387 1862 510 1911 quibus
521 1864 595 1898 data
604 1863 676 1899 fuit.
689 1863 784 1912 quod
795 1863 819 1899 fi
829 1866 892 1900 nos
913 1879 950 1900 ea
966 1865 1080 1901 relicta
1088 1891 1100 1906 ‚
1120 1862 1340 1901 conceffimus
1348 1868 1387 1901 ad
1397 1867 1568 1903 Christum
1575 1893 1587 1913 2
1601 1868 1710 1905 multo
1723 1873 1835 1906 minus
1846 1869 1970 1908 Gentes

128 1913 281 1962 vrgendz
289 1911 364 1948 sunt
372 1922 408 1947 vt
418 1911 511 1948 illam
521 1911 707 1961 suscipiant.
717 1913 856 1948 Nomen
867 1916 1038 1948 peccatoris
1049 1914 1117 1952 hic,
1129 1925 1164 1949 vt
1175 1912 1256 1948 alibi
1266 1912 1347 1963 saepe
1357 1915 1537 1964 profanum
1552 1916 1725 1965 fignificat,
1738 1919 1789 1953 vel
1799 1920 1968 1967 perditum

129 1960 357 1997 &alienatum
366 1960 480 1996 aDeo.
488 1959 568 1996 tales
579 1972 670 1996 erant
680 1962 840 2003 Gentiles,
854 1964 913 2010 qui
923 1962 1015 1998 nihil
1024 1964 1346 1997 communicationis
1363 1976 1440 1998 cum
1452 1966 1527 1999 Deo
1545 1966 1720 2001 habebant.
1739 1968 1838 2001 Iudaei
1854 1980 1967 2004 autem

129 2007 386 2058 adoptione‚filii
395 2010 460 2044 Dei
469 2019 570 2044 etant:
582 2008 724 2057 ideoque
736 2008 894 2057 segregati
904 2012 939 2044 in
952 2010 1168 2045 sanctitatem.
1191 2010 1297 2058 Qiod
1307 2011 1397 2049 dicit,
1412 2013 1551 2050 Natura,
1568 2027 1639 2048 non
1650 2013 1794 2063 intelligi
1805 2017 1966 2052 naturali-

129 2069 179 2092 ter
189 2056 248 2092 effe
260 2059 428 2093 immunes
438 2057 456 2091 ὲ
465 2056 651 2105 corruptela
661 2057 799 2093 humani
811 2061 955 2106 generis:
966 2072 1045 2093 nam
1055 2058 1169 2093 Dauid
1180 2061 1239 2106 qui
1253 2071 1290 2092 ex
1301 2063 1461 2107 progenie
1474 2061 1612 2096 Abrahae
1622 2061 1827 2097 descenderat
1836 2087 1844 2103 ,
1857 2063 1964 2099 confi-

131 2117 219 2141 tetur
226 2102 256 2140 se
267 2118 305 2140 ex
315 2107 450 2153 impuro
460 2102 585 2140 semine
595 2104 656 2140 effe
665 2108 828 2154 genitum.
850 2105 900 2140 scd
910 2109 1119 2154 corruptioni
1131 2117 1253 2141 naturae
1263 2110 1316 2142 cui
1328 2107 1583 2147 obmutuerant,
1596 2107 1846 2157 superueniebat
1859 2124 1964 2148 reme-

1987 512 2175 557 LTImsddb'}

1983 2081 2137 2123 panai,

128 2154 221 2189 dium
233 2156 342 2202 gratiae
352 2166 422 2200 quo
433 2151 730 2189 sanctificabantur.
750 2156 841 2201 Qa
851 2166 961 2190 autem
973 2152 1146 2203 promiffio
1157 2154 1392 2197 haereditariam
1405 2155 1522 2194 benedi
1528 2160 1640 2194 &ione
1651 2158 1803 2195 iaciebat:
1821 2161 1896 2194 ideo
1907 2171 1962 2195 na⁴
1981 2169 2131 2201 Ratis-165

130 2201 234 2237 tutale
244 2212 381 2236 vocatur
389 2201 454 2236 hoc
464 2200 607 2236 bonum.
616 2204 669 2236 Sic
677 2202 715 2236 ad
726 2204 902 2237 Rotnanos
913 2204 1047 2241 dicir‚ex
1058 2202 1163 2238 radice
1174 2202 1282 2238 sansta
1291 2203 1351 2238 effe
1360 2207 1567 2251 progenitos.
1581 2208 1666 2253 Ergo
1679 2218 1783 2253 quum
1795 2206 1964 2247 dicir‚Nos

130 2260 246 2286 natura
253 2249 504 2297 Iudaei‚perinde
512 2248 600 2284 valet
607 2249 669 2284 acsi
678 2250 886 2289 diceret,Nos
896 2249 998 2287 sancti
1007 2249 1258 2292 nascimurmon
1270 2255 1407 2299 proprio
1418 2255 1552 2301 quidem
1566 2257 1696 2292 metito,
1704 2253 1756 2290 sed
1766 2259 1844 2302 qnia
1854 2255 1965 2292 sumus

131 2297 151 2332 ὲ
162 2299 237 2332 Deo
247 2296 341 2333 elesti
361 2300 396 2333 in
407 2297 586 2346 populum.
605 2299 682 2333 Nos
692 2310 771 2346 ergo
781 2301 840 2345 qui
852 2309 966 2334 natura
977 2312 1104 2334 eramus
1124 2300 1223 2336 ludaei
1232 2323 1242 2337 ‚
1253 2301 1334 2346 quid
1343 2299 1502 2336 fecimus?
1521 2303 1720 2338 credidimus
1730 2306 1763 2339 in
1776 2303 1959 2347 Christum.

131 2346 220 2393 st
230 2344 462 2382 finisti-edendi
473 2353 483 2379 ?
493 2357 527 2380 vt
539 2344 601 2381 fide
612 2346 736 2383 Christi
747 2345 1005 2382 iustificatemur.
1035 2349 1112 2394 Q
1121 2348 1160 2382 de
1173 2346 1282 2384 causa?
1295 2351 1456 2395 quoniam
1468 2353 1618 2387 conuicti·
1632 2364 1760 2386 eramus
1772 2374 1782 2392 ,
1796 2366 1864 2387 non
1875 2350 1965 2400 posse

131 2393 286 2429 homines
297 2393 453 2442 consequi
462 2393 621 2429 iustitiam
633 2408 670 2430 ex
681 2395 837 2444 operibus
848 2398 957 2443 Legis.
984 2398 1014 2432 A
1027 2404 1143 2431 natura
1155 2397 1258 2444 igitur
1267 2399 1302 2431 ὃ(
1314 2411 1329 2430 e
1348 2399 1430 2436 ,cetu
1440 2396 1514 2434 fidei
1525 2401 1752 2437 ratiocinatur,
1763 2400 1888 2435 ludaeos
1899 2403 1966 2436 Le*-

131 2454 173 2489 ge
182 2442 324 2477 minime
333 2440 508 2477 iustificati.
518 2443 814 2490 Qemadmodum
826 2447 918 2479 enim
928 2446 1097 2492 propriam
1107 2456 1248 2492 operum
1258 2445 1416 2480 iustitiam
1429 2445 1577 2481 volentes
1590 2445 1742 2485 stabilire,
1761 2449 1889 2493 iustiti-x
1899 2451 1962 2484 Dei
1980 2460 2142 2491 Rom.1c;a.32

129 2503 203 2525 non
214 2488 288 2525 sunt
296 2488 451 2526 subiecti:
464 2493 510 2526 ita
519 2490 698 2526 econuerso
712 2494 816 2540 quiin
829 2492 964 2527 Christo
974 2493 1123 2530 credunt,
1133 2503 1320 2540 peccatores
1332 2492 1361 2527 se
1372 2492 1430 2528 effe
1441 2493 1656 2532 confitentur,
1671 2500 1703 2530 &
1715 2510 1735 2530 0
1739 2509 1856 2544 petum
1871 2499 1963 2532 iusti·-

130 2540 185 2573 κίε
197 2540 400 2574 renuntiant.
423 2536 495 2574 Hic,
503 2541 569 2574 iam
580 2538 722 2574 versatur
741 2542 776 2575 in
786 2543 950 2596 praecipua
960 2541 1159 2587 quaestionez
1178 2540 1250 2576 imo
1262 2543 1297 2577 in
1318 2541 1377 2577 hac
1389 2552 1451 2582 vna
1469 2541 1696 2590 propolitione
1713 2556 1782 2578 tora
1799 2544 1863 2579 fere
1877 2558 1963 2581 con‘-

127 2585 292 2621 trouerfiae
302 2584 431 2622 summa
445 2584 640 2622 inclusasest:
658 2601 728 2635 quo
737 2588 931 2636 diligentius
948 2591 984 2624 in
994 2587 1156 2636 praesentis
1166 2588 1472 2626 locidiscuffionem
1496 2589 1636 2625 insistere
1647 2595 1819 2627 conuenit.
1846 2594 1959 2630 Primo

129 2635 316 2670 notandum
325 2635 597 2684 istud‚petendam
607 2636 765 2672 iustitiam
776 2638 813 2671 ex
823 2635 885 2671 fide
896 2636 1030 2674 Christi,
1042 2639 1120 2684 quia
1130 2635 1286 2685 operibus
1297 2637 1463 2676 iustificati
1475 2651 1544 2673 non
1556 2637 1736 2687 postumus.
1760 2643 1824 2675 iam
1836 2646 1956 2688 quaeti-

129 2693 184 2718 tur
193 2683 273 2733 quid
285 2695 342 2731 per
353 2695 443 2733 opera
452 2686 543 2731 Legis
553 2683 661 2719 intelli
687 2696 729 2721 at.
759 2685 892 2733 Papistae
903 2684 942 2719 ab
954 2685 1103 2733 Origene
1114 2686 1370 2730 &Hieronymo
1380 2687 1527 2734 decepti,
1539 2685 1668 2722 tantum
1679 2687 1718 2722 de
1730 2688 1959 2732 vmbrislitern

129 2728 190 2765 effe
199 2733 399 2781 opinantur:
411 2731 482 2765 imo
492 2732 601 2768 secute
609 2697 785 2768 defigniunt.
803 2733 879 2767 ideo
891 2731 1016 2781 semper
1029 2746 1128 2780 opera
1147 2734 1247 2779 Legis
1259 2735 1514 2781 interpretantur
1536 2739 1747 2771 caeremonias
1758 2753 1765 2770 ε
1778 2737 1866 2784 quasi
1876 2734 1960 2775 Pau-¹

131 2777 182 2814 lus
192 2779 232 2814 de
240 2782 382 2827 gratuita
392 2780 526 2818 iustitia,
537 2793 609 2827 quse
619 2780 718 2815 nobis
729 2782 746 2815 a
757 2781 893 2816 Christo
900 2782 1059 2821 donatur,
1079 2795 1150 2821 non
1161 2780 1349 2828 disputaret.
1370 2796 1479 2830 neque
1490 2785 1579 2818 enim
1598 2796 1659 2832 pro
1670 2784 1810 2820 absurdo
1822 2784 1958 2829 habent,

133 2829 301 2862 neminem
312 2826 480 2862 iustificari
490 2827 647 2876 operibus
661 2830 774 2877 Legis:
789 2833 822 2864 δι
832 2841 944 2865 tamen
957 2843 1019 2864 nos
1032 2841 1172 2876 opetum
1193 2831 1314 2863 merito
1325 2828 1444 2872 censeri
1457 2832 1557 2865 iustos
1567 2833 1653 2879 apud
1663 2835 1786 2868 Deum.
1821 2836 1858 2867 In
1871 2832 1959 2880 sum*

133 2873 326 2912 mamillam
337 2888 478 2924 operum
489 2875 668 2911 moralium
680 2877 737 2912 hic
747 2876 816 2912 fieti
828 2880 1036 2912 mentionem
1047 2878 1183 2911 ducunt.
1202 2878 1328 2912 Verum
1340 2890 1515 2914 contextus
1525 2878 1653 2926 liquido
1665 2882 1874 2926 demonstrat,
1893 2883 1958 2916 Le—

133 2933 208 2968 gem
219 2925 317 2958 etiam
327 2923 488 2959 moralem
497 2925 736 2973 comprehendi
746 2929 782 2960 in
791 2926 840 2960 his
852 2926 976 2960 verbis:
989 2938 1067 2960 nam
1077 2937 1284 2971 quaecunque
1294 2925 1359 2960 fere
1368 2926 1518 2962 subiiciet
1529 2927 1661 2967 Paulus,
1674 2929 1713 2962 ad
1724 2927 1883 2964 moralem
1895 2937 1959 2976 po-

133 2971 200 3004 tius
210 2972 309 3017 quam
318 2972 360 3006 ad
376 2973 640 3008 caeremonialem
659 2973 766 3021 legem
777 2976 955 3022 pertinent.
975 2974 1094 3007 deinde
1114 2973 1241 3010 iustitia:
1254 2975 1350 3021 Legis
1360 2995 1370 3011 ‚
1386 2978 1562 3022 gratuitam
1581 2978 1809 3027 acceptionem
1822 2989 1887 3023 qua
1898 2990 1959 3012 nos

133 3017 287 3065 dignatur
294 3020 561 3068 Deuffiperpetub
571 3025 727 3068 opponit.
755 3025 800 3056 At
811 3022 979 3057 obiiciunt
993 3019 1178 3065 adiperfaeii,
1196 3020 1351 3056 Debuiffe
1361 3025 1462 3070 igitur
1471 3023 1537 3058 sine
1546 3024 1731 3061 adiectione
1742 3027 1909 3067 nominati
1921 3032 1961 3059 o-

133 3077 226 3112 perat
237 3065 297 3101 nisi
306 3066 424 3103 Paulus
433 3069 472 3104 ad
483 3079 606 3104 certam
617 3068 758 3117 speciem
769 3071 959 3117 restringere
969 3067 1079 3105 vell'et.
1106 3067 1319 3116 Respondeo‚
1334 3070 1435 3106 huius
1444 3071 1654 3117 loquutionis
1665 3073 1826 3118 optimam
1840 3069 1897 3106 effe
1911 3078 1961 3110 ra*

132 3114 273 3148 tionemz
287 3127 327 3149 ne
353 3128 393 3150 ue
401 3118 492 3151 enim
502 3116 626 3152 etiamsi
637 3120 712 3164 quis
722 3116 892 3153 sanaitatc
910 3108 1058 3164 Angelos
1069 3129 1188 3153 omnes
1198 3115 1343 3165 superet,
1367 3118 1433 3155 vlla
1442 3114 1577 3156 debetur
1588 3131 1709 3153 merces
1719 3114 1888 3166 operibus,
1899 3120 1960 3155 nili

132 3162 212 3208 quia
219 3128 373 3208 promill'a
381 3164 425 3197 est
433 3165 452 3198 “a
463 3166 628 3200 Domino.
648 3178 726 3212 ergo
736 3165 826 3212 quod
838 3167 935 3213 Legis
946 3164 1109 3213 perfectio
1119 3165 1241 3199 iustitia
1250 3166 1294 3200 est
1305 3190 1316 3204 ‚
1326 3179 1365 3201 ac
1374 3163 1555 3204 mercedem
1568 3169 1641 3201 vitae
1652 3178 1777 3209 aeternae
1786 3166 1961 3216 repositam

130 3207 242 3246 habet,
252 3209 285 3243 id
293 3222 331 3244 ex
339 3212 413 3245 Deo
424 3215 596 3259 prouenit,
615 3216 674 3260 qui
684 3216 880 3261 pronuntiat
887 3215 1034 3248 victuros
1044 3215 1102 3259 qui
1111 3225 1184 3247 eam
1210 3213 1436 3261 impleuerint.
1452 3227 1517 3260 qua
1526 3212 1564 3246 dc
1576 3226 1607 3247 re
1617 3215 1726 3261 postea
1736 3211 1794 3252 suo
1805 3215 1882 3253 loco
1891 3223 1963 3250 am—

130 3255 230 3304 plius.
252 3255 382 3292 Deinde
391 3263 532 3296 certamfi
540 3272 606 3295 erat
615 3273 693 3296 cum
703 3263 818 3296 ludaeis
832 3262 872 3295 de
883 3262 981 3311 Lege.
1001 3260 1118 3295 maluit
1130 3273 1209 3308 ergo
1221 3261 1341 3296 Paulus
1349 3264 1505 3295 cominus
1520 3274 1648 3302 manus„
1661 3274 1695 3297 rt
1705 3264 1749 3300 ita
1760 3261 1866 3301 dicam
1872 3276 1965 3302 ,con-

130 3302 369 3352 serendo,ipsos
379 3307 413 3339 in
425 3302 477 3341 sua
486 3321 582 3342 arena
591 3308 755 3344 conficere
765 3333 775 3348 ‚
785 3310 885 3355 quam
897 3308 1032 3356 longius
1043 3309 1194 3356 vagando
1212 3309 1352 3357 praebere
1369 3307 1509 3357 speciem
1530 3306 1770 3356 tergiuersantis
1783 3336 1794 3350 ‚
1819 3310 1879 3350 acii
1889 3318 1968 3346 cau-

130 3351 169 3388 sae
177 3349 339 3387 diffideret
348 3378 356 3386 .
375 3351 440 3388 fixo
451 3355 552 3402 igitur
563 3356 645 3405 pede
654 3360 691 3393 in
702 3354 924 3407 disputatione
940 3358 1039 3405 Legis
1061 3355 1187 3391 insistit.
1226 3356 1406 3391 Obiiaiunt
1427 3355 1496 3390 secu
1504 3354 1568 3391 ndo
1578 3380 1589 3394 ‚
1612 3356 1737 3391 tantum
1753 3357 1969 3404 quaestionem

1678 3406 1724 3441 D.
1757 3409 1793 3453 ij.
