2268 3705
610 81 725 132 AD
777 80 1536 148 GALAuT-C'Ap.⁴1111-
1955 111 2005 157 '331

157 157 259 193 minis
276 166 375 203 opera
386 155 564 201 coniungit
574 151 770 201 Spiritussui
781 157 949 190 virtutem.
962 157 1098 203 Semper
1105 158 1306 192 retineamus
1319 157 1411 194 illam
1422 161 1672 200 distinctionem
1683 189 1693 205 ,
1706 164 1795 214 quod
1807 181 1912 216 quum
1923 174 2001 212 Deo

158 206 305 241 minister
316 206 502 250 opponitur
514 228 524 242 ‚
542 202 628 236 nihil
640 201 683 235 est
703 214 740 238 ac
752 202 838 237 nihil
848 205 972 251 potest,
985 202 1035 238 sed
1046 216 1214 252 organum
1225 206 1269 242 est
1280 207 1417 243 inutile:
1436 220 1591 245 caeterum
1602 217 1680 260 quia
1692 215 1866 253 efficaciter
1892 222 1997 269 Spiri-

156 265 209 288 tus
221 252 348 286 unctus
358 263 414 298 per
425 249 532 299 ipsum
547 261 700 297 operatur
710 277 720 292 ‚
732 250 924 286 transfertur
936 255 1035 286 etiam
1045 253 1084 286 ad
1093 250 1202 301 ipsum
1213 252 1284 289 laus
1295 256 1459 291 &titulus
1468 260 1599 306 agendi.
1624 264 1670 297 At
1682 264 1758 298 vero
1770 277 1850 301 tunc
1860 281 1930 304 non
1956 284 1995 305 a·-

157 305 246 350 gitffl-
259 300 336 346 quid
349 311 405 346 pet
415 297 444 333 sc
457 322 467 336 ,
486 309 542 332 aut
553 297 694 332 scorsum
709 301 810 334 aDco
821 299 942 334 valeat:
965 300 1018 336 sed
1028 303 1110 348 quid
1121 314 1179 349 per
1197 300 1295 338 illum
1307 316 1380 352 agat
1400 307 1502 340 Deus.
1522 309 1609 357 Ergo
1619 308 1640 342 fi
1651 310 1776 357 aliquid
1792 314 1851 348 effe
1870 318 1990 355 volunt

154 349 294 384 ministri
304 371 315 385 ,
332 348 504 382 Christum
515 370 526 384 ‚
547 359 619 381 non
630 344 749 395 seipsos
760 347 901 383 formare
911 348 1066 384 studeant.
1083 349 1140 386 hic
1149 350 1239 399 quasl
1252 364 1394 390 moemre
1405 357 1610 391 exanimatus
1620 361 1800 401 >5¹31¹¹0d50
1820 360 1989 404 sententiae·

155 398 260 432 tracia
275 394 396 429 deficit.
664 412 667 416 ·

201 456 241 479 20
292 445 417 477 Vellem
426 451 526 475 autem
537 454 617 476 nunc
627 446 752 487 coram.)
803 445 882 479 Haec
893 444 937 478 est
953 443 1141 496 grauissima
1163 448 1382 495 expostulatio
1394 473 1403 488 ,
1414 463 1519 498 quum
1530 463 1621 500 patet
1631 452 1711 489 adeo
1723 453 1872 494 filiorum
1890 461 1989 511 culpa

152 493 182 528 se
194 491 386 542 perplexum
399 491 458 526 ess'c
469 493 705 538 conqueritur,
717 502 752 525 vt
761 493 860 542 inops
869 491 906 527 sit
918 493 1068 532 consilii,
1080 507 1140 529 nec
1148 493 1225 530 sciat
1234 497 1303 543 quo
1315 496 1345 533 se
1354 498 1468 533 debeat
1477 512 1612 536 vertere.
1625 514 1719 551 optat
1728 516 1841 541 autem
1852 507 1909 544 fibi
1929 512 1988 545 da-

150 544 179 576 ri
198 543 329 588 copiam
343 554 399 574 eos
412 539 623 585 alloquendi:
647 542 725 587 quia
736 553 773 574 ex
784 554 816 575 re
826 541 973 589 praesenti
985 541 1104 577 melius
1115 544 1196 590 quid
1210 546 1370 591 expediat,
1382 547 1563 583 statuimus.
1575 562 1652 585 nam
1664 564 1765 601 prout
1775 553 1917 591 afficitur
1928 571 1987 593 au·-

151 590 239 625 dims
252 612 261 626 ‚
282 601 381 637 prout
394 588 443 623 vel
463 587 668 622 tractabilem
680 588 708 622 se
719 588 838 636 praebet
849 614 858 628 ,
885 590 936 624 vel
948 594 1192 627 contumaciter
1204 594 1315 628 relistit
1325 619 1336 634 ‚
1361 599 1656 634 accommodamus
1667 603 1766 641 etiam
1785 607 1986 641 orationem.

148 650 343 686 quanquam
362 637 534 684 aliquanto
546 636 621 683 plus
639 641 821 684 exprimere
833 637 940 673 voluit
949 651 1006 687 per
1023 641 1058 673 V
1059 652 1120 672 octs
1128 644 1326 675 mutationem
1337 665 1347 679 ,
1368 655 1488 691 nempe
1497 644 1526 679 se
1541 646 1682 683 libenter
1690 661 1844 697 paratum
1865 652 1935 688 fore
1944 656 1985 690 ad

149 687 332 722 induendas
355 689 454 720 varias
464 683 587 718 formas
603 712 613 725 ‚
631 686 672 719 ad
683 698 807 719 nouam
821 689 921 721 etiam
938 686 1091 734 linguam
1103 686 1312 735 fingendam:
1346 692 1448 726 modb
1457 696 1541 728 ratio
1551 697 1723 732 constaret.
1737 700 1829 746 quod
1839 701 1986 749 diligen-

149 747 197 770 ter
209 733 451 770 obseruandum
462 733 505 769 est
516 733 759 771 Pastoribus,ne
768 733 825 769 sibi
837 735 897 769 sint
908 737 1044 776 addicti,
1055 747 1111 771 aut
1123 735 1181 771 suo
1192 736 1339 785 ipsorum
1351 741 1510 786 ingenio:
1524 741 1576 776 sed
1590 745 1826 783 transforment
1837 748 1867 783 se
1877 752 1917 784 ad
1931 763 1985 786 ca-

150 796 209 834 Ptu
215 795 247 817 m
259 782 376 830 plebis,
388 793 553 831 quantum
564 793 612 816 res
624 781 814 829 postulabit:
827 785 967 822 tantum,
979 783 1078 830 vsque
1089 786 1128 819 ad
1137 798 1218 824 aras,
1227 800 1268 821 ne
1278 789 1295 821 ὲ
1305 789 1396 823 resto
1406 791 1441 823 in
1454 788 1634 827 hominum
1645 797 1783 841 gratiam
1795 797 1981 836 deflectant.

204 871 243 895 21
299 859 412 898 Dicite
420 854 520 904 mihi,
533 853 659 913 quifitb
667 856 738 909 lege
746 855 852 896 &ultbl‘
862 855 935 912 effe,
947 864 1069 911 Legem
1079 872 1150 898 '²07¹
1160 859 1289 899 auditi-⁸⁹
1300 862 1317 903 ἓ

201 926 242 952 22
307 915 472 967 Scriptum
481 919 532 954 eft
547 919 640 953 enim
652 911 748 966 quhd
755 911 961 952 tAbraham
972 915 1057 952 duos
1070 913 1162 965 filios
1174 912 1310 955 habuit.-
1324 931 1438 957 vnum
1447 933 1494 958 ex
1503 918 1641 967 ancilla,
1649 921 1792 963 alterum
1804 938 1851 965 ex
1859 925 1981 971 liberae.'

200 984 220 1007 2
225 983 242 1020 3
309 970 375 1009 Sed
386 973 445 1024 qui
467 984 548 1010 erat
563 984 609 1008 ex
618 968 742 1007 ancilla
752 999 764 1015 ,
781 968 971 1023 secundum
981 983 1116 1008 carnem
1126 982 1200 1009 erat
1210 975 1347 1027 genitus
1367 977 1447 1029 :qui
1455 974 1538 1015 verb
1548 990 1595 1015 ex
1604 975 1710 1018 libera
1722 1004 1732 1018 ‚
1740 990 1808 1034 per
1831 983 1979 1038 Promifi

158 1040 268 1067 tmem
279 1040 288 1064 ε

136 1027 172 1084 s
198 1094 250 1132 24
303 1087 392 1135 Qtae
404 1079 578 1136 allegorica
583 1080 667 1138 βοή
683 1093 695 1114 ··
715 1095 800 1121 nam
814 1079 1165 1138 duaefiaentpac‘t‘iones,
1175 1097 1251 1122 vna
1260 1083 1402 1138 quidem
1412 1082 1433 1123 ti
1441 1098 1557 1128 monte
1570 1092 1649 1129 Sina
1659 1103 1730 1145 quae
1738 1094 1778 1131 in
1778 1090 1981 1146 seruitutem

139 1148 296 1194 generat:
306 1152 344 1176 ea
355 1137 400 1189 cst
409 1142 510 1191 Agar.

199 1207 236 1245 25
298 1216 314 1231 r
344 1208 401 1232 am
418 1201 507 1247 Agar
514 1196 611 1239 Sina,
623 1207 724 1232 mons
733 1192 822 1244 estin
832 1197 894 1232 cA
895 1193 1000 1233 rabia.
1013 1208 1060 1232 ex
1073 1193 1212 1249 aduerfh
1222 1205 1336 1235 autem
1346 1196 1563 1253 respondem·
1571 1214 1643 1254 quae
1671 1216 1763 1244 nunc
1771 1205 1980 1263 sslerufhle'i

130 1247 242 1323 spuit
249 1253 342 1288 enim
352 1264 425 1288 cum
432 1247 548 1288 liberis
555 1247 644 1303 sicis.
1775 1260 1777 1262 ’

195 1309 237 1344 26
297 1315 385 1360 06&ae
396 1316 508 1344 autem
507 1303 640 1357 fiarfitm
649 1305 694 1356 est
700 1303 892 1359 lerufizlem,
902 1303 1006 1345 libera
1017 1305 1073 1358 cst:
1086 1320 1157 1360 quae
1164 1317 1276 1345 mater
1286 1313 1338 1348 ef}
1343 1309 1454 1358 nostra
1465 1315 1630 1353 omnium.

188 1373 218 1395 21
275 1365 386 1397 ‘Dmte
395 1362 494 1402 unlaz.)
543 1361 748 1409 Interpositis
769 1361 1056 1395 exhortationibus
1068 1363 1108 1395 ad
1129 1360 1264 1397 affectus
1276 1367 1463 1399 monendos
1480 1388 1490 1402 ‚
1510 1368 1684 1413 pulchram
1706 1371 1974 1412 exhortationem

140 1410 232 1444 addit
249 1408 585 1458 superioridoctrinae.
612 1408 779 1443 Nonelset
798 1410 931 1456 quidem
944 1407 1015 1443 satis
1031 1409 1135 1444 valida
1151 1410 1249 1457 perse
1260 1411 1434 1458 probatio:
1457 1414 1507 1448 sed
1519 1417 1694 1462 postquam
1713 1425 1917 1466 argumentis
1928 1424 1977 1459 sa-

142 1461 185 1492 tis
198 1461 380 1506 pugnauit,
395 1456 608 1499 confirmatio
619 1458 687 1492 haec
701 1471 772 1496 non
784 1459 827 1492 est
838 1455 1027 1504 spernenda,
1064 1457 1127 1492 Sub
1142 1462 1224 1506 Lege
1235 1460 1290 1504 essi·
1301 1483 1311 1497 ,
1330 1460 1485 1496 hocloco
1499 1461 1658 1509 fignificat
1669 1464 1772 1502 subire
1783 1471 1900 1517 iugum
1914 1473 1978 1507 Le-

142 1509 192 1554 gi>
203 1530 213 1543 ‚
235 1508 295 1540 hac
307 1509 503 1540 conditione
524 1517 558 1539 vt
569 1507 662 1540 Deus
681 1517 792 1541 tecum
811 1517 884 1552 agat
904 1504 1082 1541 secundum
1094 1509 1192 1554 Legis
1204 1510 1339 1559 pactum
1350 1531 1360 1545 ‚
1390 1509 1488 1556 teque
1500 1509 1640 1547 vicissim
1651 1514 1690 1548 ad
1707 1513 1895 1553 seruandam
1915 1519 1979 1555 Le:-⁴

139 1567 216 1601 gem
226 1555 414 1602 adstringas.
434 1566 510 1588 nam
521 1553 648 1600 alioqui
664 1552 722 1589 sub
740 1555 827 1602 Lege
837 1553 912 1588 sunt
922 1567 1040 1589 omnes
1059 1553 1170 1590 fideles
1183 1557 1255 1592 :led
1264 1556 1320 1591 hic
1329 1557 1369 1591 de
1380 1558 1468 1605 Lege
1478 1561 1595 1596 “adrat
1607 1573 1685 1598 cum
1696 1561 1762 1599 suis
1780 1567 1978 1616 appendici-

140 1604 203 1638 bus
214 1627 224 1640 ,
235 1614 268 1637 vt
279 1604 406 1638 dietum
417 1601 471 1639 est.

187 1664 225 1685 22
273 1653 425 1697 Scriptum
436 1649 474 1692 est
482 1648 566 1694 quod
572 1649 763 1695 Abraham.)
812 1651 929 1685 Nemo
940 1651 984 1685 est
993 1662 1060 1685 tam
1072 1650 1205 1687 insanus
1216 1657 1273 1701 qui
1289 1655 1361 1689 data
1371 1658 1512 1703 optione
1524 1656 1710 1696 libertatem
1723 1659 1870 1708 spernat,
1893 1675 1976 1711 prae-

136 1711 232 1749 optet
240 1697 440 1733 seruitutem.
451 1697 517 1731 Hic
530 1699 606 1732 verb
617 1700 713 1734 docet
724 1704 752 1734 A
781 1699 919 1737 ostolus‚
928 1701 1122 1746 quicunque
1132 1698 1190 1735 sub
1199 1703 1288 1749 Lege
1296 1703 1382 1744 sunt,
1395 1703 1700 1751 efferseruos.m1seri
1710 1711 1814 1756 igitur
1823 1713 1981 1757 quihanc

135 1749 367 1785 conditionem
379 1745 464 1780 vitro
474 1750 608 1793 appetiit
622 1761 744 1795 :quum
754 1712 845 1783 geas
856 1759 912 1783 eos
924 1747 1002 1781 velit
1012 1747 1159 1783 liberare.
1181 1751 1292 1787 Huius
1303 1755 1348 1787 rei
1359 1754 1543 1801 imaginem
1556 1756 1590 1789 in
1601 1755 1733 1791 duobus
1743 1756 1883 1794 Abrahae
1896 1759 1976 1797 filiis

135 1797 308 1844 proponit:
322 1808 468 1842 quorum
478 1794 558 1829 alter
569 1809 606 1830 ex
615 1795 703 1831 serua
714 1807 828 1834 natus2
836 1798 948 1831 mattis
958 1797 1191 1833 conditionem
1202 1802 1320 1834 tenuit:
1333 1800 1413 1836 alter
1422 1814 1460 1836 ex
1472 1801 1682 1843 liberakliber
1695 1829 1705 1843 ‚
1717 1806 1902 1846 haereditate
1912 1822 1978 1857 po-·-

133 1847 215 1881 titus
226 1844 279 1878 est.
298 1845 412 1878 Postea
426 1855 533 1878 totam
544 1843 715 1880 historiam
736 1845 969 1880 accommodat
979 1845 1020 1878 ad
1039 1844 1134 1880 suum
1145 1848 1348 1887 institutum,
1360 1853 1395 1884 ὃ(
1407 1849 1730 1900 eleganterillustrat.
1742 1855 1855 1892 Primo
1866 1882 1876 1898 ‚
1888 1870 1978 1905 quo-³

130 1897 224 1929 niam
236 1893 334 1940 Legis
345 1892 548 1927 authoritate
558 1905 630 1940 pars
642 1893 773 1928 aduersa
782 1892 811 1928 se
820 1893 978 1930 armabat,
991 1894 1112 1941 Legem
1123 1908 1160 1929 ex
1171 1895 1306 1932 aduerso
1319 1901 1475 1945 opponit.
1488 1900 1584 1946 Legis
1596 1912 1707 1936 autem
1721 1916 1861 1938 nomine
1872 1908 1975 1952 quin-
1994 1909 2001 1915 '

132 1954 199 1989 que
209 1940 310 1975 libros
319 1940 422 1975 Mofis
432 1940 603 1989 defignan',
612 1941 765 1977 vfitatum
779 1943 832 1978 est.
843 1943 1066 1989 Deinde‚quia
1075 1944 1114 1976 ad
1125 1943 1253 1980 causam
1265 1945 1352 1980 nihil
1372 1946 1544 1981 videbatur
1550 1952 1711 1995 pertinere
1723 1951 1972 2000 historiaquam

129 1994 220 2029 citat,
233 1988 368 2024 tranfert
379 1989 418 2023 ad
428 1989 669 2037 expolitionem
681 1990 906 2039 allegoricam.
917 1990 1093 2028 Caeterum‚
1106 1994 1184 2038 quia
1195 1991 1304 2026 scribit
1319 1993 1388 2032 haec
1397 1993 1457 2029 effe
1467 1994 1686 2038 &niumagam
1694 2021 1705 2036 ‚
1741 2001 1818 2034 inde
1828 2001 1974 2037 occasio-

132 2051 214 2073 nem
224 2039 362 2085 arripuit
375 2038 592 2087 Origeneso&
603 2050 681 2073 cum
695 2052 734 2075 eo
745 2037 904 2086 permulti
915 2038 989 2075 alii,
999 2039 1198 2121 Sctsilpturaea
1207 2044 1358 2087 genuino
1369 2042 1539 2080 sensuhuc
1549 2044 1630 2080 illuc
1659 2049 1868 2094 torquendae:
1886 2049 1928 2084 sic
1940 2064 1976 2085 ei·

131 2089 205 2122 nim
215 2085 595 2133 colligebant,literalem
607 2086 735 2123 sensum
745 2089 847 2123 nimis
859 2087 1024 2121 humilem
1035 2101 1051 2121 e
1079 2101 1094 2121 e
1106 2091 1139 2122 &
1151 2088 1434 2125 abiectumssatere
1444 2094 1546 2138 igitur
1555 2092 1613 2128 sub
1622 2092 1725 2129 litera:
1734 2099 1856 2131 cortice
1871 2098 1974 2133 altio-

132 2147 168 2169 ra
180 2135 338 2180 mysteria,
351 2147 423 2180 quae
434 2148 503 2168 non
516 2133 608 2169 aliter
619 2138 687 2170 erui
699 2134 827 2183 possent
838 2137 939 2187 quam
951 2135 1124 2182 allegorias
1135 2138 1296 2172 cudendo.
1309 2141 1422 2187 Atque
1437 2143 1468 2173 id
1483 2154 1552 2175 non
1562 2140 1740 2177 difficulter
1752 2143 1912 2180 obtinuit:
1929 2148 1974 2182 113.

131 2181 373 2230 speculationes
385 2195 457 2229 quae
469 2180 608 2230 speciem
620 2187 754 2231 argutiae
767 2196 830 2232 prae
842 2187 872 2218 ie
883 2182 1003 2220 ferunt,
1018 2183 1143 2231 semper
1159 2187 1304 2221 mundus
1316 2189 1459 2235 praetulit
1471 2187 1579 2223 solidae
1589 2191 1797 2230 doctrinam&
1811 2195 1970 2240 praeferet.

130 2231 208 2265 Tali
217 2230 458 2279 approbatione
469 2232 574 2268 creuit
587 2236 691 2279 magis
717 2245 753 2267 ac
766 2234 871 2279 magis
882 2231 1026 2266 licentia:
1038 2244 1072 2266 vt
1082 2235 1117 2267 in
1129 2235 1305 2269 uastandis
1316 2238 1491 2284 Scripturis
1503 2237 1613 2272 ludere
1623 2252 1694 2273 non
1705 2241 1807 2275 modo
1829 2243 1972 2290 impune

129 2280 320 2326 perm‘iffum
332 2278 441 2319 fuerit,
452 2277 505 2312 sed
515 2282 614 2314 etiam
626 2279 760 2316 summa:
773 2279 862 2314 laudi
873 2279 1047 2314 tributum.
1067 2282 1238 2316 neminem
1249 2282 1411 2330 siquidem
1423 2287 1537 2320 multis
1547 2285 1662 2321 seculis
1675 2287 1887 2336 ingeniosum
1907 2303 1974 2338 pu-

130 2338 263 2367 tarunt,
289 2327 348 2362 nisi
358 2330 416 2374 qui
428 2326 590 2361 subtiliter
601 2328 830 2376 transfigurare
850 2327 1088 2363 sacrosanctum
1100 2330 1165 2364 Dei
1176 2330 1314 2366 verbum
1327 2331 1420 2367 sciret
1429 2345 1466 2368 ac
1479 2334 1620 2369 auderet.
1647 2338 1724 2371 Hoc
1743 2337 1969 2387 proculdubio

130 2377 256 2410 Satanae
265 2387 496 2410 commentum
509 2375 582 2413 fuit,
603 2378 640 2410 ad
652 2377 846 2413 eleuandam
857 2379 1026 2424 Scripturae
1040 2377 1289 2418 authoritatem,
1303 2384 1336 2415 &
1346 2394 1461 2418 verum
1472 2395 1509 2416 cx
1521 2382 1666 2420 lestione
1678 2384 1768 2420 illius
1778 2385 1971 2423 tollendum

128 2422 233 2458 vsum.
247 2437 345 2471 quam
357 2423 623 2470 profanationem
637 2424 723 2460 vltus
735 2426 778 2459 est
788 2427 877 2460 Deus
888 2426 973 2460 iusto
984 2424 1121 2463 iudicio,
1133 2438 1238 2473 quum
1249 2429 1440 2467 adulterinis
1451 2429 1563 2477 gloffis
1576 2431 1679 2480 palsas
1691 2435 1738 2477 est·
1747 2446 1864 2481 puram
1888 2435 1972 2470 intel

127 2471 302 2519 ligentiam
313 2472 420 2509 obrui.
433 2474 784 2520 Scriptura,inquiunt,
796 2473 950 2508 foecunda
959 2474 1019 2519 cst,¹
1033 2473 1174 2521 ideoque
1186 2476 1390 2525 multiplices
1400 2478 1506 2513 sensus
1516 2483 1611 2526 parit.
1634 2482 1704 2528 Ego
1715 2483 1917 2530 Scripturam
1931 2497 1972 2519 v-

71 2524 77 2536 *
127 2519 311 2555 berrimum
327 2524 359 2555 &
373 2520 604 2557 inexhaustum
622 2525 734 2556 omnis
745 2522 910 2570 sapientiae
921 2521 1049 2556 fontem
1060 2522 1120 2557 effe
1129 2522 1233 2558 fateor
1244 2524 1312 2560 :scd
1323 2528 1393 2560 eius
1406 2526 1656 2568 foecunditatem
1670 2532 1813 2565 incvariis
1824 2528 1967 2567 senfibus

125 2582 215 2616 nego
227 2567 411 2610 consistere,
422 2582 506 2616 quos
517 2569 655 2619 quisque
666 2569 720 2609 sua
733 2570 870 2606 libidine
881 2568 1028 2617 affingat.
1039 2572 1188 2610 Sciamus
1197 2585 1276 2620 crgo
1286 2587 1363 2608 eum
1374 2574 1433 2609 effi:
1445 2588 1560 2610 verum
1575 2578 1748 2624 Scripturae
1761 2577 1967 2627 sensum,qui

124 2621 301 2665 germanus
313 2618 356 2651 cst
366 2629 402 2652 ac
414 2616 559 2665 simplex:
570 2620 714 2665 eumque
722 2618 962 2666 amplectamur
973 2623 1007 2652 ὅ(
1019 2620 1186 2654 mordicus
1197 2624 1527 2658 teneamusfiffitias
1537 2624 1757 2672 expositiones
1770 2639 1843 2674 quae
1856 2629 1873 2662 ὲ
1884 2628 1964 2663 lite-

127 2666 187 2700 rali
196 2664 287 2701 sensu
298 2666 478 2710 abducunt,
491 2679 561 2701 non
573 2668 676 2700 modo
687 2666 898 2716 negligamus
914 2677 1072 2713 tanquam
1083 2668 1209 2707 dubias,
1220 2670 1271 2704 sed
1283 2670 1412 2705 fortiter
1423 2672 1633 2720 repudiemus
1644 2684 1802 2721 tanquam
1815 2667 1960 2711 exitiales

125 2714 339 2763 corruptelas,
353 2714 476 2748 Verum
486 2717 566 2760 quid
577 2713 851 2762 respondebimus
860 2717 899 2758 ad
911 2716 1002 2750 Pauli
1012 2716 1161 2750 verbum?
1174 2719 1259 2754 certc}
1272 2732 1342 2753 non
1354 2719 1514 2767 intelligit
1525 2719 1655 2756 Mosem
1667 2736 1707 2757 eo
1718 2723 1864 2758 ‘consilio
1877 2723 1954 2758 scri-

124 2761 225 2809 psisse,
236 2774 273 2797 vr
283 2763 417 2797 historia
435 2764 467 2795 in
480 2762 673 2810 allegoriam
685 2763 928 2799 vertereturzsed
937 2765 1096 2798 admonet
1106 2764 1247 2811 qualiter
1256 2764 1404 2814 praesenti
1414 2767 1513 2804 causae
1522 2769 1657 2804 historia
1666 2775 1958 2807 conueniatmem—

125 2822 166 2857 pe
178 2810 198 2844 si
209 2810 344 2859 figurate
354 2810 423 2845 illic
433 2810 629 2847 delineatam
640 2811 739 2850 nobis
749 2811 898 2847 Ecclesiae
909 2815 1093 2859 imaginem
1104 2812 1451 2866 obseruemus.Neque
1462 2817 1540 2851 verb
1551 2818 1658 2856 aliena
1669 2819 1712 2853 est
1722 2821 1740 2854 ὲ
1752 2823 1901 2866 genuino
1912 2819 1955 2854 lia

124 2869 198 2893 terae
208 2857 297 2894 sensu
308 2859 468 2894 eiusmodi
481 2856 642 2907 anagoge,
660 2873 765 2906 quum
778 2861 797 2894 a
806 2859 933 2894 familia
943 2860 1080 2895 Abrahae
1089 2859 1271 2899 limilitudo
1281 2864 1413 2898 ducitur
1421 2865 1460 2898 ad
1469 2865 1954 2913 EcclesiaQOadmodum

123 2909 214 2940 enim
227 2907 362 2942 Abrahae
373 2908 494 2943 domus
506 2918 586 2942 tunc
596 2908 658 2942 fuit
668 2921 742 2945 vera
753 2907 954 2943 Ecclefiazita
965 2909 1106 2943 minime
1116 2909 1256 2945 dubium
1267 2912 1311 2945 est
1321 2915 1404 2959 quin
1414 2916 1571 2962 praecipui
1583 2919 1616 2949 δε
1630 2927 1694 2962 prae
1703 2915 1774 2951 aliis
1786 2929 1952 2955 memora-

124 2953 207 2989 biles
218 2960 354 2990 euent'us
365 2957 468 3002 quiin
480 2969 516 2990 ea
525 2959 742 2991 contium-unt
754 2982 764 2997 ‚
781 2956 879 2992 nobis
890 2957 1030 2991 totidem
1045 2956 1106 2991 fint
1117 2960 1196 3004 typi.
1211 2957 1292 2993 ficut
1304 2972 1384 3008 ergo
1401 2963 1436 2996 in
1449 2962 1713 3004 Circuncisione,⁴
1728 2966 1763 2998 in
1774 2962 1951 3005 iaetificiis,

122 3005 159 3037 in
170 3014 243 3037 toto
253 3002 431 3040 sacerdotio
443 3005 595 3043 Leuitico
605 2987 764 3052 allegoria
773 3003 836 3039 fuit
844 3029 854 3043 ,
865 3004 957 3041 ficuti
969 3005 1068 3039 hodie
1079 3006 1168 3039 estin
1180 3008 1298 3042 nostris
1310 3010 1530 3044 Sacramenris
1548 3024 1555 3045 :
1573 3013 1617 3045 ita
1628 3014 1726 3045 etiam
1746 3014 1780 3045 in
1791 3012 1895 3046 domo
1906 3015 1954 3047 A-

123 3050 232 3085 brahae
239 3050 329 3085 fuisse
341 3053 428 3088 dico.
439 3051 490 3086 sed
500 3053 532 3087 id
541 3065 612 3087 non
622 3053 698 3088 facit
713 3063 745 3087 vt
754 3054 771 3087 a
782 3053 900 3087 literali
912 3051 1001 3087 sensu
1013 3054 1190 3093 recedatur.
1212 3057 1350 3091 Summa
1359 3060 1494 3104 perinde
1505 3058 1548 3091 est
1559 3057 1617 3092 acii
1628 3060 1748 3092 diceret
1756 3058 1876 3094 Paulus
1888 3083 1899 3097 ‚
1912 3059 1951 3094 fi—

121 3112 237 3147 guram
249 3100 389 3134 duorum
399 3101 686 3141 Testari-lentorum
699 3103 732 3134 in
744 3100 869 3135 duabus
881 3101 1019 3136 Abrahae
1030 3101 1200 3139 viroribus,
1212 3107 1246 3138 δι
1259 3105 1403 3152 duplicis
1413 3105 1532 3157 populi
1547 3109 1580 3143 in
1592 3106 1721 3140 duobus
1737 3105 1831 3147 filiis,
1848 3109 1953 3143 veluti

119 3150 156 3182 in
167 3146 279 3182 tabula
290 3147 386 3181 nobis
396 3148 572 3196 depictam.
583 3151 623 3184 Et
639 3149 725 3186 certe
739 3148 993 3194 Chrysostomus
1005 3151 1041 3184 in
1063 3149 1229 3188 vocabulo
1242 3152 1421 3201 Allegoriae
1431 3153 1551 3191 fatetur
1562 3153 1621 3188 effe
1628 3153 1829 3193 catachrefin
1839 3169 1847 3189 z
1859 3157 1952 3203 quod

119 3193 324 3230 veriffimum
335 3196 389 3232 est.

168 3256 200 3289 ¹3
252 3244 318 3293 Q
328 3255 369 3276 ex
378 3246 521 3282 ancilla.)
570 3247 716 3292 Vterque
728 3244 799 3280 secu
805 3245 870 3280 ndu
876 3258 908 3279 m
920 3257 1052 3280 carnem
1064 3258 1130 3282 erat
1140 3250 1273 3295 genitus
1283 3262 1320 3284 ex
1332 3249 1508 3284 Abraham.
1521 3248 1572 3285 sed
1586 3251 1622 3283 in
1631 3248 1715 3284 Isaac
1725 3261 1790 3288 etat
1801 3252 1951 3298 peculin-

120 3296 163 3327 ris
174 3294 276 3330 ratio,
300 3293 377 3338 quia
396 3290 646 3338 promissionem
657 3293 797 3328 habebat
807 3296 926 3341 gratiae.
955 3293 1042 3342 Ergo
1053 3297 1087 3329 in
1097 3295 1230 3331 ismaele
1242 3298 1326 3331 nihil
1341 3309 1406 3331 erat
1416 3308 1530 3345 praeter
1542 3306 1693 3332 naturam
1705 3311 1713 3332 ε
1735 3302 1770 3333 in
1780 3299 1864 3337 Isaac
1883 3311 1949 3336 erat

116 3343 182 3377 Dei
193 3340 322 3382 electio.
332 3338 432 3386 idque
441 3341 477 3374 in
487 3337 554 3388 ipsa
562 3343 714 3389 genitura
722 3340 786 3377 fuit
797 3341 1041 3378 adumbratum.
1063 3343 1227 3394 miraculo
1237 3349 1328 3382 enim
1337 3368 1348 3384 ‚
1357 3358 1428 3381 non
1438 3348 1615 3384 communi
1626 3357 1721 3382 more
1731 3351 1865 3399 genitus
1874 3348 1948 3384 fuit,
