2268 3705
123 2054 247 2094 1.Tr'.4.5.

302 105 359 143 188
814 95 1623 150 IN1·EPIST·PAVLI

301 176 374 210 estis
386 176 420 209 in
431 167 517 208 turoi
530 182 708 220 nunquam
718 172 810 207 enim
822 170 897 207 suos
908 171 1068 218 relinquit
1077 171 1262 205 destitutos.
1284 170 1372 216 Ergo
1385 182 1492 216 quum
1503 180 1561 203 vos
1572 169 1730 216 receperit
1741 170 1778 204 in
1788 166 1878 204 suam
1889 167 1988 206 fidem
2001 170 2093 209 ,non
2107 173 2151 206 cst

329 223 396 258 ubd
405 224 559 256 timeatis:
575 221 677 256 modo
716 221 862 256 endeatis
874 222 940 254 toti
950 219 991 254 ab
1003 219 1084 268 ipso.
1097 219 1189 255 Nam
1201 218 1287 252 certe
1299 216 1365 251 hoc
1377 218 1547 264 quoddam
1567 215 1642 251 ess'et
1652 214 1869 253 frustrationis
1880 231 2004 265 genus,
2016 218 2038 254 si
2048 233 2150 268 opem

303 235 396 306 suam
414 273 449 305 in
460 267 645 305 necessitate
656 267 689 304 su
716 269 859 306 duceret,
870 267 924 302 vel
935 271 1031 303 oneri
1041 265 1254 302 succumbere
1266 265 1381 299 videns
1395 263 1548 300 infirmos
1556 291 1566 305 ,
1585 267 1785 300 tentationes
1793 264 1931 314 longius
1942 267 2148 314 produceret.

303 318 496 368 Dupliciter
507 329 619 353 autem
630 318 814 366 opitulatur
824 315 923 351 nobis
932 318 1023 350 Deus
1035 328 1077 349 ne
1086 316 1318 362 opprimamur
1328 315 1346 347 ὲ
1357 316 1553 347 tentatione:
1570 326 1647 348 nam
1662 317 1696 348 &
1707 315 1792 348 vires
1802 313 1901 349 nobis
1909 314 2104 362 suppeditat,
2115 321 2152 350 δε

306 369 488 403 tentationi
499 367 640 402 modum
652 367 812 414 imponit.
823 365 877 398 De
888 364 1069 411 posteriore
1079 362 1182 396 modo
1193 360 1249 395 hic
1262 363 1405 396 maxime
1415 361 1567 408 loquitur
1579 360 1778 409 Apostolus:
1801 364 1944 410 priorem
1957 374 2067 397 tamen
2078 376 2152 398 non

307 415 451 450 excludit
460 438 470 453 ‚
485 428 607 463 nempe
618 416 730 449 Deum
743 411 911 448 subleuare
922 413 1135 448 tentationes,
1146 423 1189 445 ne
1209 408 1268 444 suo
1278 410 1423 458 pondere
1433 422 1495 444 nos
1508 410 1675 444 deiiciant.
1686 410 1796 444 Nouit
1805 413 1896 445 enim
1907 410 2070 446 facultatis
2086 422 2154 446 no—

266 480 271 483 ¹
307 465 376 499 stra:
387 477 488 512 quam
506 466 572 512 iple
582 461 728 497 contulit
736 486 747 501 ,
762 460 913 494 modum:
925 459 964 493 ad
978 471 1080 505 quem
1090 459 1295 493 tentationes
1306 469 1512 505 attemperat.
1531 458 1670 493 Nomen
1681 460 1875 494 tentationis
1892 459 2085 507 generaliter
2095 460 2152 494 hic

307 525 481 561 capio‚pro
498 509 658 546 omnibus
669 521 742 556 quae
753 521 816 542 nos
827 506 1005 542 solicitant.

357 573 398 606 14
446 561 642 609 Qapropter
650 556 751 590 ditem
760 556 948 603 melfiagite.)
997 555 1100 590 Redit
1113 557 1177 591 nuc
1189 554 1372 604 Apostolus·
1382 554 1420 588 ad
1432 554 1664 602 particularem
1675 555 1903 602 quaestionem,
1912 556 1930 591 a
1940 567 2004 603 qua
2013 555 2152 604 paulum

307 606 462 657 digressus
472 609 584 642 fuerat:
598 618 640 640 ne
652 608 743 640 enim
752 603 883 652 frigeret
893 602 1029 651 simplex
1037 604 1190 638 doctrina
1199 605 1286 651 apud
1296 616 1352 638 eos
1363 627 1375 643 ,-
1396 603 1530 638 inseruit
1541 602 1707 650 generales
1719 604 1965 640 exhortationes
1976 617 2056 651 quas
2065 605 2152 653 legi-

307 654 449 692 muszsed
462 667 552 690 nunc
565 651 774 702 prosequitur
785 663 930 701 coeptam
942 650 1303 699 disputationem‚Non
1316 649 1376 692 effe
1387 650 1433 685 fas
1443 651 1579 686 homini
1589 651 1794 693 Christiano,
1807 655 1991 700 impiorum
2001 652 2154 701 supersti-

308 704 459 740 tionibus
473 703 599 738 socium
610 701 640 736 se
653 702 842 748 adiungere.
850 699 1147 749 Fugite,inquit‚ab
1158 699 1472 735 idololatria-*Primo
1483 701 1663 735 videndum
1676 713 1745 746 quo
1756 699 1938 748 significatu
1948 713 2067 736 vocem
2075 703 2153 737 Ido-

310 753 449 789 lolatriae
460 751 614 800 posuerit.
625 751 710 785 Nou
720 749 860 784 habebat
873 748 958 784 certe
968 747 1134 796 suspeetos
1143 749 1344 783 Corinthios
1355 759 1452 783 tantae
1461 747 1515 782 vel
1527 748 1661 784 inscitiae
1673 747 1724 782 vel
1733 747 1899 787 socordiae,
1913 760 1947 783 vt
1956 760 2084 797 putaret
2095 764 2153 786 eos

310 800 420 836 colere
431 799 521 835 idola
532 812 570 835 ex
580 801 706 834 animo:
718 796 770 833 sed
782 799 947 845 quoniam
957 795 1050 831 nulla
1059 795 1125 831 illis
1135 796 1255 844 religio
1266 808 1332 832 erat
1342 796 1549 843 frequentare
1559 799 1744 845 impiorum
1755 800 1911 834 coetus,&
1921 799 1986 832 vna
1995 798 2152 834 cumillis

311 853 394 884 ritus
405 847 566 895 quosdam
575 846 669 886 obire
677 847 716 882 :td
727 846 858 881 cultum
870 844 1040 880 idolorum
1053 845 1235 883 institutos,
1247 846 1332 880 hanc
1343 858 1460 880 eorum
1470 843 1639 880 licentiam
1653 846 1788 880 damnat
1802 859 1810 879 :
1823 848 1902 892 quia
1911 844 1949 881 sit
1958 844 2088 893 peffirni
2098 860 2156 883 ex·

313 897 428 946 empli.
440 898 580 932 Certum
592 897 637 931 est
646 898 747 943 igitur
756 907 862 941 quum
874 893 930 928 hic
939 893 1163 928 idololatriam
1175 895 1342 932 nominat,
1353 895 1392 928 de
1404 905 1536 928 externa
1545 893 1652 942 ipsum
1664 895 1771 941 loqui:
1783 895 1836 928 vel
1847 893 1870 928 si
1880 897 1987 930 mauis
1996 895 2035 929 de
2043 895 2157 933 idolo-

313 946 416 981 latriae
424 943 634 995 professione.
646 946 739 978 Sicut
751 945 841 977 enim
851 944 943 977 Deus
953 940 1189 989 genuflexione
1201 946 1235 977 &
1246 942 1319 977 aliis
1330 944 1521 977 reuerentiae
1533 941 1630 991 fignis
1641 942 1710 977 coli
1719 943 1959 990 dicitur,quum
1971 946 2157 991 praecipuus

316 1008 354 1030 ac
364 1007 459 1029 verus
470 997 539 1029 eius
549 992 658 1029 cultus
670 990 706 1026 sit
718 992 923 1025 interiorzita
933 1002 1033 1025 etiam
1041 991 1081 1025 de
1091 990 1199 1025 idolis.
1224 994 1470 1025 contrariorum
1482 994 1572 1026 enirn
1583 992 1696 1026 eadem
1707 992 1751 1026 est
1760 993 1855 1025 ratio.
1882 991 2006 1026 Frustra
2017 993 2158 1039 plurimi

318 1044 420 1079 hodie
431 1043 496 1077 hoc
507 1052 662 1091 praetextu
674 1042 709 1074 in
722 1038 913 1074 excusandis
923 1040 1065 1073 externis
1074 1037 1264 1075 aditionibus
1275 1038 1519 1086 laborant‚quia
1527 1038 1646 1088 procul
1655 1038 1735 1074 absit
1744 1041 1886 1074 animus:
1893 1052 2000 1086 quum
2009 1053 2061 1075 eas
2071 1042 2157 1075 Pau-

320 1091 372 1127 lus
386 1090 581 1126 idololatriae
590 1090 776 1124 damnemc
788 1087 908 1122 merito
918 1087 1174 1134 quidem.qnum
1184 1089 1274 1121 enim
1286 1099 1358 1121 non
1370 1087 1528 1123 secretum
1540 1088 1642 1123 modo
1653 1090 1759 1122 animi
1772 1085 1927 1124 affestum
1937 1089 2025 1129 Deo,
2038 1087 2091 1124 sed
2100 1102 2157 1123 ex-

319 1153 448 1175 ternam
460 1151 595 1186 quoque
604 1138 833 1171 adorationem
843 1134 1031 1170 debeamus:
1043 1138 1103 1182 qui
1114 1134 1256 1183 speciem
1269 1135 1472 1171 adorationis
1483 1134 1578 1170 idolo
1593 1134 1724 1171 exhibet
1735 1159 1746 1174 ‚
1758 1137 1956 1171 tantundem
1964 1138 2040 1172 Deo
2050 1139 2158 1175 detra—

318 1189 381 1226 hit.
401 1185 561 1223 Causetur
571 1197 604 1221 vt
614 1182 879 1222 volet‚s1bialiud
890 1181 950 1219 effe
960 1186 996 1218 in
1005 1186 1134 1218 animo:
1155 1195 1240 1232 opus
1251 1194 1363 1220 tamen
1373 1183 1481 1232 ipsum
1496 1194 1581 1218 extat
1589 1208 1600 1224 ,
1615 1197 1685 1232 quo
1694 1186 1758 1220 Dei
1771 1184 1882 1221 honos
1892 1184 2063 1235 legitimus
2074 1187 2116 1221 ad
2127 1188 2158 1220 i-

321 1236 440 1272 dolum
451 1234 651 1271 transfertur.
2134 1264 2137 1265 γ

367 1295 397 1327 15
418 1310 424 1325 ,
449 1283 618 1329 Tanquam
631 1279 831 1331 prudentibus
843 1282 968 1326 loquor.)
1020 1282 1197 1327 Qioniam
1208 1291 1446 1330 argumentum
1467 1279 1657 1331 sumpturus
1669 1283 1763 1318 erava
1783 1283 1899 1319 Coenae
1907 1284 2079 1329 mysterio:
2095 1286 2159 1318 eri-

321 1335 370 1381 git
391 1345 448 1368 eos
465 1333 522 1367 ista
531 1330 779 1380 praefatiuncula
787 1357 798 1372 ‚
815 1342 850 1364 vt
858 1331 1017 1364 attentius
1026 1332 1073 1364 rei
1095 1327 1363 1378 magnitudinem
1374 1328 1579 1365 confiderent
1590 1345 1597 1364 :
1608 1330 1668 1366 acii
1678 1333 1798 1366 diceret
1806 1359 1817 1373 ,
1829 1333 1913 1367 Non
1925 1332 2049 1380 loquor
2071 1334 2159 1367 inter

322 1383 475 1417 nouitios
487 1382 626 1415 :tenetis
640 1382 710 1415 vim
719 1378 812 1414 sacrae
824 1380 939 1414 Coenae
950 1391 957 1411 z
968 1377 1038 1412 illic
1049 1376 1223 1416 inserimur
1235 1381 1270 1413 in
1283 1391 1404 1427 corpus
1414 1379 1572 1414 Domini.
1594 1381 1707 1427 Qm
1720 1382 1821 1427 igitur
1831 1381 2012 1428 indignum
2022 1382 2077 1420 est,
2095 1394 2161 1416 vos

320 1428 512 1465 societatem
527 1431 612 1463 inire
621 1440 700 1463 curn
724 1429 838 1475 impiis
848 1451 858 1464 ,
877 1438 911 1460 vt
923 1429 958 1461 in
969 1439 1076 1461 vnum
1094 1426 1281 1463 coalescatis
1292 1439 1349 1462 cor
1377 1434 1432 1461 us?
1459 1429 1576 1462 Tacite
1596 1429 1674 1462 verb
1686 1428 1752 1462 illis
1763 1430 2020 1476 incogitantiam
2039 1442 2160 1477 expro-

321 1478 393 1514 brat
403 1502 412 1516 ,
423 1477 516 1524 quod
525 1476 630 1526 probe
640 1477 749 1512 cdoffi
761 1478 797 1511 in
821 1475 944 1511 Christi
954 1473 1076 1513 schola,
1088 1477 1124 1511 in
1134 1473 1234 1511 craiso
1247 1478 1331 1511 vitio
1341 1440 1401 1511 silai
1412 1474 1620 1524 indulgeant,
1630 1477 1669 1512 de
1685 1489 1757 1523 quo
1769 1477 1933 1521 iudicium
1944 1477 2025 1512 ferre
2034 1491 2106 1514 non
2123 1492 2162 1526 e‘.

320 1539 369 1561 rat
379 1526 525 1562 difficile.

371 1587 383 1610 1
391 1579 414 1609 6
462 1577 560 1609 Calix
567 1573 807 1613 benediffionis.)
851 1574 970 1620 Qum
982 1571 1182 1609 sacrosancta
1193 1575 1315 1609 Christi
1333 1558 1441 1609 doena
1452 1573 1584 1609 duobus
1595 1575 1721 1610 constet
1731 1573 1933 1622 signis‚pane
1946 1577 1982 1610 δί
1990 1574 2105 1610 vinota
2112 1573 2162 1610 se0'

321 1624 435 1659 cundo
446 1626 536 1672 prius
547 1625 676 1672 incipit.
694 1622 844 1658 Calicem
856 1622 1101 1657 benedffllionis
1113 1627 1210 1658 vo‘c'at
1219 1625 1278 1670 qui
1288 1623 1463 1657 destinatus
1475 1623 1518 1657 est
1527 1623 1569 1657 ad
1578 1623 1747 1668 mysticam
1758 1622 1938 1670 eulogiam.
1947 1636 2056 1670 neque
2067 1624 2161 1659 enim

321 1674 361 1707 iis
372 1670 600 1720 affentior‚qui
614 1684 670 1720 per
684 1671 957 1706 Benedidfionem
992 1674 1146 1706 ratiarum
1158 1674 1328 1707 actionem
1338 1669 1543 1718 intelligunt:
1558 1676 1592 1706 δέ
1602 1672 1800 1706 Benedicere
1809 1683 1983 1719 exponunt
1993 1674 2111 1719 gratias
2122 1685 2158 1706 a·

319 1733 405 1768 gere.
427 1722 542 1756 Fateor
552 1721 687 1767 quidem
698 1719 867 1754 interdum
877 1718 942 1754 hoc
970 1717 1046 1754 ensu
1057 1722 1161 1767 poni:
1189 1717 1240 1754 sed
1251 1732 1426 1766 nunquam
1436 1721 1472 1754 in
1483 1732 1519 1753 ea
1529 1721 1778 1755 construetione
1790 1731 1856 1767 qua
1864 1719 1920 1754 hic
1930 1717 2003 1765 vsus
2016 1721 2060 1754 est
2071 1721 2161 1755 Pau—

318 1769 381 1804 lus.
393 1781 472 1804 nam
484 1769 575 1816 quod
586 1766 733 1804 Erasmus
743 1766 1009 1816 pratpositionem
1019 1766 1181 1805 subaudit,
1190 1770 1292 1803 nimis
1302 1769 1347 1802 est
1356 1769 1524 1803 comitum.
1542 1769 1659 1803 Sensus
1673 1779 1785 1803 autem
1812 1780 1913 1814 quem
1926 1766 2044 1816 sequor
2053 1765 2162 1804 facilis

317 1818 373 1855 est,
388 1830 448 1852 nec
459 1820 640 1864 quicquam
653 1815 752 1851 habet
763 1814 979 1864 implicitum.
993 1816 1190 1851 Benedicere
1200 1828 1279 1864 ergo
1291 1815 1430 1851 calicem
1439 1842 1450 1857 ,
1476 1815 1637 1863 significat
1648 1819 1684 1851 in
1694 1817 1785 1852 hunc
1795 1815 1889 1851 vsum
1900 1815 2089 1853 consecrare
2103 1840 2114 1855 ,
2124 1828 2160 1852 vt

293 1862 303 1905 3
318 1865 417 1901 nobis
428 1865 466 1900 sit
475 1864 666 1912 symbolum
676 1863 846 1912 sanguinis
856 1865 1014 1899 Domini.
1025 1865 1060 1899 ld
1070 1862 1107 1899 fit
1117 1863 1219 1899 verbo
1230 1877 1290 1913 pro
1296 1861 1468 1904 miffionis.
1489 1866 1568 1899 dum
1580 1867 1671 1899 iuxta
1680 1865 1803 1900 Christi
1814 1865 2061 1900 institutionem
2074 1877 2159 1900 con—

318 1917 463 1950 ueniunt
473 1913 583 1949 fideles
593 1914 632 1949 ad
641 1913 869 1949 celebrandam
880 1915 915 1947 in
925 1913 992 1948 hoc
1003 1914 1216 1948 Sacramento
1229 1915 1347 1948 mortis
1357 1915 1426 1948 eius
1437 1915 1646 1949 memoriam.
1667 1912 1885 1949 Consecratio
1895 1924 2006 1948 autem
2020 1914 2159 1961 Papistis

318 1964 469 2011 quaedam
480 1963 523 1997 est
535 1965 644 2011 magia
652 1960 748 1997 ascita
757 1963 776 1996 a
788 1960 1040 2009 Gentibus‚quae
1050 1960 1137 1996 nihil
1147 1960 1246 1997 habet
1256 1974 1439 1997 commune
1452 1974 1527 1997 cum
1539 1975 1624 2010 puro
1636 1962 1904 1997 Christianorum
1915 1964 1994 1997 ritu.
2003 1962 2159 1997 Sanctifi-

318 2023 436 2047 cantur
444 2012 581 2058 quidem
591 2010 692 2045 verbo
701 2012 766 2044 Dei
776 2012 1005 2044 etiamomnia
1012 2009 1135 2057 quibus
1144 2009 1355 2048 vescimur‚vt
1364 2009 1443 2044 alibi
1451 2009 1541 2045 testis
1553 2011 1596 2045 est
1605 2011 1693 2045 idem
1705 2008 1889 2045 Paulus:sed
1899 2005 1957 2044 illa
1965 2009 2158 2046 benedictio

304 2067 307 2070 '
319 2059 486 2096 diuersum
498 2057 598 2094 finem
611 2058 720 2094 habet:
729 2070 852 2106 nempe
865 2069 900 2092 vt
910 2059 983 2093 vsus
993 2058 1164 2093 donorum
1174 2060 1238 2093 Dei
1246 2057 1345 2094 nobis
1355 2057 1392 2093 sit
1402 2057 1677 2106 purus‚ced;'itque
1687 2061 1722 2094 in
1735 2059 1884 2098 authoris
1896 2058 2038 2105 gloriam
2050 2063 2084 2095 &
2095 2058 2160 2094 bo-

291 2071 305 2139 l
319 2122 402 2145 num
414 2109 574 2143 nostrum.
587 2109 678 2142 Finis
689 2118 801 2141 autem
814 2106 954 2151 mysticae
966 2106 1212 2142 benedifflonis
1223 2109 1259 2142 in
1270 2108 1378 2142 Coena
1387 2108 1443 2148 est,
1454 2120 1495 2142 ne
1506 2110 1622 2143 vinum
1633 2106 1775 2156 amplius
1785 2107 1930 2154 vulgaris
1943 2106 1981 2142 fit
1991 2106 2158 2156 potus‚sed

319 2158 486 2192 dedicatus
496 2158 535 2191 ad
553 2155 720 2205 spirituale
730 2154 929 2190 alimentum
940 2157 1071 2193 animae,
1083 2156 1163 2190 dum
1172 2154 1283 2190 reffera
1294 2154 1330 2190 fit
1340 2154 1508 2204 sanguinis
1520 2156 1657 2197 Christi,
1669 2155 1820 2190 Calicem
1829 2156 1896 2190 hoc
1908 2157 2010 2191 modo
2019 2156 2160 2192 benedi-

321 2206 513 2246 &mmdicit
523 2204 643 2240 Paulus
651 2196 779 2237 κοινωνίαν
790 2200 849 2238 efl‘e
859 2201 1028 2251 sanguinis
1038 2204 1198 2239 Domini.
1219 2206 1389 2250 Qaeritur
1398 2217 1468 2251 quo
1480 2203 1581 2240 sensu:
1592 2203 1743 2239 faccilant
1754 2207 2007 2245 contentiones,
2021 2208 2055 2240 δε
2069 2204 2160 2239 nihil

322 2257 384 2289 erit
393 2251 534 2289 obscuri.
547 2256 670 2288 Verum
680 2251 724 2287 est
734 2252 844 2287 fideles
854 2251 969 2286 sociari
979 2265 1035 2300 per
1046 2253 1170 2288 Christi
1179 2253 1426 2300 sanguinem‚vt
1436 2266 1542 2287 vnum
1552 2251 1632 2287 fiant
1641 2265 1772 2301 corpus.
1783 2265 1899 2287 verum
1909 2253 1952 2287 est
1962 2255 2062 2288 etiam
2072 2251 2157 2288 eius-

323 2304 416 2339 modi
433 2305 594 2337 vnitatem
604 2303 738 2350 proprie
750 2302 861 2337 vocati
870 2298 1012 2335 κοινωνίαν.
1023 2301 1114 2336 Idem
1124 2299 1229 2336 fateor
1240 2302 1388 2349 depane.
1410 2303 1526 2336 Audio
1544 2313 1696 2350 praeterea
1706 2302 1786 2349 quid
1794 2299 1913 2335 Paulus
1925 2313 2003 2336 mox
2026 2302 2160 2336 adiiciat

322 2351 412 2399 quasi
424 2351 602 2399 exegetice‚
614 2351 688 2386 Nos
698 2348 785 2385 effici
796 2362 914 2385 omnes
925 2363 1030 2385 vnum
1039 2361 1173 2398 corpus,
1183 2352 1262 2398 q'uia
1272 2348 1368 2384 simul
1379 2352 1670 2385 communicemus
1683 2350 1822 2384 eundem
1835 2361 1967 2397 panem.
1977 2352 2084 2397 Atqui
2095 2363 2159 2385 vn-

323 2402 363 2435 de
375 2398 510 2437 obsecro
519 2398 576 2434 illa
586 2402 671 2434 inter
682 2412 745 2435 nos
756 2397 885 2435 κοινωνίαι,
896 2397 956 2433 nisi
970 2401 1049 2446 quia
1059 2396 1170 2433 sumus
1179 2398 1313 2434 Christo
1324 2399 1503 2436 coadunati
1512 2398 1573 2434 hac
1582 2397 1703 2446 lege‚vt
1717 2410 1793 2432 caro
1804 2396 1903 2433 fimus
1914 2398 1953 2432 de
1966 2410 2063 2434 carne
2073 2401 2159 2440 eius,
2176 2403 2181 2405 “

325 2453 360 2483 δε
371 2447 436 2484 offa
446 2461 483 2483 ex
494 2447 616 2483 offibus
628 2450 697 2482 eius
708 2449 722 2481 ?
735 2449 955 2496 Incorporari‚
967 2449 1055 2483 enim
1068 2447 1116 2489 (vt
1125 2449 1170 2481 ita
1179 2446 1310 2495 loquar)
1322 2458 1386 2483 nos
1396 2447 1531 2483 Christo
1541 2458 1675 2495 oportet
1689 2446 1886 2495 primunnvt
1897 2448 1983 2481 inter
1992 2457 2053 2483 nos
2062 2449 2160 2482 vnia-

324 2510 409 2532 mur.
438 2497 531 2532 Adde
541 2497 632 2544 quod
641 2495 761 2532 Paulus
772 2509 842 2531 non
852 2496 984 2530 rantum
995 2496 1034 2530 de
1051 2505 1168 2530 mutua
1178 2497 1264 2530 inter
1276 2494 1432 2530 homines
1444 2497 1755 2530 communicatione
1776 2506 1867 2529 nunc
1877 2492 2019 2542 disputat
2027 2522 2039 2536 ,
2055 2492 2108 2529 sed
2117 2496 2158 2530 dc

324 2542 486 2594 spirituali
509 2545 680 2580 Christi&
692 2543 841 2579 fidelium
857 2546 1004 2578 vnione:
1019 2555 1066 2585 ,vt
1075 2544 1151 2579 inde
1160 2542 1278 2578 inferat
1288 2541 1495 2591 sacrilegium
1505 2542 1565 2578 effe
1576 2556 1647 2579 non
1656 2542 1827 2578 ferendum
1840 2569 1851 2584 ,
1872 2545 1882 2577 i
1910 2542 1961 2578 sos
1985 2542 2156 2579 idolorum

324 2595 567 2630 communione
585 2592 703 2641 pollui.
724 2594 775 2629 Ex
784 2593 1017 2628 circunstantia
1026 2594 1129 2640 igitur
1146 2591 1214 2627 loci
1225 2593 1368 2627 iudicare
1377 2592 1472 2630 licet,
1486 2591 1614 2625 κοινωνὶοιν
1626 2589 1794 2639 sanguinis
1806 2590 1866 2627 effe
1875 2556 2065 2627 (Ecietatem
2084 2606 2159 2641 quae

324 2641 423 2677 nobis
433 2642 564 2676 estcum
581 2641 703 2676 Christi
714 2639 872 2689 languine
881 2641 981 2679 ‚dum
991 2639 1088 2675 simul
1101 2653 1218 2674 omnes
1230 2648 1292 2675 nos
1303 2642 1338 2675 in
1356 2650 1476 2688 corpus
1487 2640 1582 2682 suum
1593 2639 1705 2675 inserit
1714 2663 1725 2678 ‚
1738 2652 1775 2674 vt
1783 2642 1873 2674 viuat
1891 2642 1926 2674 in
1938 2639 2036 2676 nobis
2047 2645 2081 2676 δε
2094 2653 2159 2676 nos

325 2692 360 2725 in
375 2687 458 2738 ipso.
470 2692 541 2724 Iam
551 2689 636 2733 verb!
648 2690 742 2737 qubd
754 2700 890 2727 vocatur
917 2687 1014 2724 Calix
1043 2691 1303 2728 Communium,
1314 2687 1487 2735 figuratam
1507 2689 1745 2737 loquutionem
1756 2686 1815 2722 else
1828 2687 1931 2722 fatcor
1940 2714 1950 2728 ,
1972 2689 2074 2723 modi)
2085 2702 2159 2726 non

324 2737 461 2773 tollatur
478 2736 588 2785 figur-‘e
597 2741 715 2773 veritas
728 2751 735 2772 ε
746 2737 812 2773 hoc
822 2738 866 2773 est
875 2761 884 2776 ,
895 2737 999 2772 modo
1009 2750 1058 2772 res
1068 2749 1205 2794 quoque
1216 2738 1226 2770 i
1253 2734 1282 2770 sa
1291 2736 1370 2771 adlit
1378 2760 1387 2774 ‚
1414 2749 1475 2772 nec
1486 2740 1599 2773 minus
1611 2736 1778 2785 sanguinis
1793 2738 2074 2771 communionem
2084 2740 2157 2771 ani-

324 2800 379 2822 ma
387 2788 559 2834 percipiat,
572 2787 673 2832 quam
682 2799 738 2821 ore
749 2783 867 2822 vinum
876 2785 1035 2821 bibimus.
1046 2786 1211 2819 Caeterum
1226 2749 1292 2836 ξος
1300 2785 1434 2833 Papistat
1444 2786 1550 2821 dicere
1560 2800 1630 2821 non
1642 2783 1934 2834 poffent‚Calicem
1946 2782 2155 2820 benedictio-

325 2837 377 2870 nis
396 2833 456 2870 fibi
466 2836 814 2869 communicationem
824 2830 884 2870 eise
894 2832 1064 2882 sanguinis
1074 2833 1208 2868 Christi.
1226 2833 1370 2867 Coenam
1380 2837 1472 2868 enim
1485 2834 1640 2870 mutilam
1650 2833 1775 2869 habent
1785 2836 1820 2868 &
1831 2832 1969 2867 laceram
1980 2855 1991 2869 ‚
2010 2831 2032 2866 fi
2043 2844 2157 2868 tamen

325 2884 436 2918 Coena
445 2882 582 2917 dicenda
592 2883 635 2917 est
646 2886 817 2930 peregrina
825 2883 882 2918 illa
891 2884 1175 2929 caeremonia,quae
1184 2878 1320 2916 consuta
1330 2894 1367 2915 ex
1375 2885 1473 2916 variis
1483 2882 1665 2918 hominum
1678 2883 1837 2918 inuentis,
1846 2883 1901 2914 vix
1912 2877 2089 2916 obscurum
2100 2891 2156 2917 ve—

326 2932 462 2978 stigium
471 2933 591 2966 retinet
611 2931 829 2966 institutionis
837 2934 1038 2966 Dominicae.
1051 2931 1175 2966 Verum
1186 2940 1222 2964 vt
1234 2927 1298 2963 alia
1307 2932 1424 2964 omnia
1433 2928 1642 2979 suppeterent
1651 2954 1662 2968 ,
1680 2930 1746 2965 hoc
1757 2940 1867 2964 tamen
1880 2940 2006 2976 pugnat
2016 2941 2094 2965 cum
2104 2943 2156 2965 re-

327 2982 385 3015 eto
408 2980 524 3014 Coena:
533 2977 590 3013 vsu
601 3005 611 3019 ‚
626 2989 738 3013 totum
750 2979 916 3027 populum
928 2981 946 3014 a
955 2979 1057 3015 calice
1063 2990 1171 3014 arcere
1181 3001 1191 3016 ,
1209 2979 1269 3025 qui
1279 2977 1418 3012 dimidia
1427 2990 1499 3026 pars
1511 2979 1554 3014 est
1563 2979 1775 3013 Sacramenti.
1823 2980 1931 3011 ‘Pams
1942 2990 2031 3023 quem
2031 2979 2155 3027 frangi-

326 3040 393 3063 mus
402 3051 412 3066 ,
429 3029 520 3063 Hinc
531 3038 664 3074 apparet
682 3026 958 3062 consuetudinem
974 3029 1090 3062 veteris
1101 3024 1251 3062 Ecclefiae
1259 3023 1370 3064 finire,
1395 3039 1432 3060 ex
1442 3039 1527 3075 pane
1535 3039 1604 3062 vno
1619 3025 1707 3062 suam
1720 3028 1841 3072 cuique
1851 3025 2048 3073 particulam
2068 3025 2159 3063 fran-

327 3089 403 3124 gere
412 3100 422 3115 ,
446 3075 515 3123 quo
526 3074 644 3110 melius
654 3074 700 3110 ob
708 3075 826 3110 oculos
835 3074 1046 3111 subiiceretur
1064 3077 1222 3110 omnium
1231 3076 1366 3122 piorum
1376 3077 1412 3109 in
1423 3086 1528 3110 vnum
1540 3075 1665 3111 Christi
1682 3087 1801 3122 corpus
1812 3074 2026 3110 coadunatio.
2046 3077 2157 3121 Atque

331 3127 423 3160 hunc
433 3136 563 3160 morem
575 3121 667 3159 fuisse
676 3124 732 3158 diu
744 3134 910 3158 retentum
923 3150 933 3165 ‚
945 3137 982 3159 ex
993 3136 1111 3159 eorum
1121 3124 1315 3157 testimonio
1325 3122 1431 3171 liquet
1440 3147 1450 3161 ,
1460 3126 1520 3171 qui
1529 3123 1634 3158 tribus
1643 3125 1716 3172 post
1725 3122 1904 3170 Apostolos
1914 3121 2029 3157 seculis
2041 3126 2076 3161 in
2094 3125 2156 3158 Ec·-

330 3172 425 3207 clefia
442 3172 645 3210 floruerunt,
656 3173 764 3207 Euicit
788 3172 906 3206 deinde
917 3171 1100 3220 superstitio
1109 3198 1120 3212 ,
1132 3183 1167 3207 vt
1182 3183 1303 3220 panem
1313 3183 1415 3219 quem
1427 3171 1540 3208 nullus
1549 3183 1651 3207 manu
1660 3173 1822 3218 attingere
1833 3169 1972 3206 audebat
1983 3194 1993 3209 ,
2013 3168 2157 3207 sacerdos

333 3222 368 3254 in
381 3234 418 3254 os
430 3224 602 3267 ingereret.

378 3279 415 3312 ¹7
463 3270 620 3350 Qtzm'aem
629 3275 711 3304 vtes
719 3271 834 3317 panis.)
884 3270 953 3302 Iam
966 3266 1113 3315 superius
1123 3270 1256 3306 monui,
1269 3267 1410 3304 Paulum
1419 3268 1474 3305 hic
1484 3282 1554 3304 non
1564 3281 1602 3304 ex
1612 3266 1752 3316 professo
1764 3283 1824 3307 nos
1834 3270 1960 3305 hortari
1970 3271 2010 3307 ad
2019 3272 2159 3307 charita·

331 3327 399 3349 tem
410 3326 417 3348 t
434 3314 487 3350 sed
496 3329 518 3350 o
544 3319 604 3351 iter
613 3316 678 3352 hoc
687 3318 779 3354 dicit,
789 3329 824 3352 vt
834 3316 1023 3364 intelligant
1040 3317 1215 3351 Corinthii
1227 3326 1358 3352 externa
1367 3330 1504 3365 quoque
1512 3316 1715 3368 professione
1726 3317 1901 3354 colendam
1911 3316 1972 3353 effe
1981 3317 2073 3353 illam
2082 3324 2159 3355 vni-

330 3373 432 3399 tatem
444 3376 516 3411 quae
524 3365 622 3400 nobis
632 3365 676 3401 est
684 3378 761 3402 curn
773 3363 920 3401 Christo:
930 3364 1204 3413 quandoquidem
1214 3378 1331 3401 omnes
1342 3364 1439 3401 simul
1448 3377 1534 3401 sonu
1541 3369 1670 3403 enimus
1680 3366 1718 3400 ad
1728 3364 1812 3411 sacre
1824 3366 1913 3405 illius
1924 3369 2059 3404 vnitatis
2071 3367 2158 3413 sym-
2177 3377 2182 3379 “

2025 3414 2156 3457 bolum.
