2268 3705
407 122 519 172 AD
569 112 969 168 HssssaAEos
1022 111 1198 173 cAP-
1250 118 1367 169 1111-
1857 143 1918 183 573

48 231 49 236 ,
91 188 204 236 stolus,
213 206 248 230 vt
255 196 381 230 Iudaeos
392 203 560 228 reuocaret
570 191 610 226 ab
621 204 752 228 externa
763 196 831 228 eius
841 192 1082 228 obseruatione.
1095 205 1204 240 neque
1216 195 1306 227 enim
1320 194 1414 229 aliter
1424 195 1531 242 potest
1543 198 1613 233 eius
1623 190 1797 248 abrogatio
1808 203 1911 239 intel-

46 273 48 284 «
93 247 163 293 ligi,
173 245 273 292 quam
285 245 423 291 cognito
436 239 595 289 spirituali
607 239 683 275 fine.
704 243 844 276 Proinde
853 242 920 276 duo
930 241 1026 276 fimul
1035 243 1193 289 agitznam
1205 246 1240 276 &
1251 245 1361 290 gratiae
1380 242 1610 280 excellentiam
1625 251 1911 292 commendando,

94 307 155 330 nos
164 294 202 327 ad
213 305 283 325 eam
297 290 360 326 side
371 291 593 337 recipiendam
605 290 759 325 stimulat:
774 296 806 324 ὅ(
818 290 925 324 obiter
936 290 1210 324 intereaostendit
1222 302 1374 337 quaenam
1386 303 1461 327 vera
1469 290 1506 326 fit
1515 292 1672 330 Sabbathi
1682 300 1822 333 ratiome
1857 314 1910 344 re-

44 336 45 342 *
91 340 217 390 poste-re
228 341 323 374 ludaei
334 341 368 372 in
380 344 510 372 externa
519 349 631 372 caerem
637 341 716 372 onia
728 339 878 373 haereant.
889 340 939 372 De
948 337 1166 384 abrogatione
1176 340 1313 385 quidem
1326 353 1396 375 non
1405 340 1515 388 aperte
1523 339 1656 377 disserit:
1669 348 1748 391 quia
1759 312 1908 384 ῃοηςιοὲ

90 391 158 437 agit
169 402 207 424 ex
217 386 366 436 professo.
378 382 429 420 sed
438 398 544 432 quum
553 385 621 420 alio
636 384 786 434 spectass'e
795 388 891 421 docet
903 386 993 420 illam
1005 389 1250 428 caeremoniam,
1261 387 1423 435 paulatim
1433 391 1479 423 ita
1489 401 1545 424 eos
1553 391 1572 424 εὶ
1600 390 1820 439 superstitiosa
1830 400 1910 445 opi—

24 459 41 476 1,
90 441 193 473 nione
203 437 345 470 abducit.
358 436 430 483 Qi
440 437 530 468 cuim
545 433 648 468 alium
660 433 751 469 fuisse
760 435 860 470 finem
873 437 1026 482 praecepti
1037 444 1127 468 tenet
1136 457 1147 472 ‚
1181 436 1282 482 quam
1294 447 1464 473 externum
1475 439 1585 472 otium
1597 440 1647 474 vel
1658 440 1787 476 cultum
1808 452 1910 478 terre-

39 485 51 494 ²
90 487 197 525 strem,
212 486 238 518 iS
250 486 285 518 i¹1
294 482 465 518 Christum
479 480 682 530 respiciendo
694 505 704 521 ›
725 496 803 518 mox
815 482 908 517 facilc·
919 485 988 516 cius
1009 482 1154 516 aduentu
1165 487 1370 519 caeremoniae
1381 484 1473 520 vsum
1484 485 1649 522 abolitum
1662 488 1723 523 ess'e
1740 490 1905 539 perspicit.

21 526 26 535 ⁹
87 534 235 580 corporis
247 533 337 566 enim
347 529 479 578 aspecitu
489 529 610 565 vmbtae
620 534 774 578 protinus
784 529 994 567 euanescunt.
1004 532 1092 578 Ergo
1102 530 1168 565 hoc
1180 532 1292 578 primo
1303 531 1429 581 semper
1437 535 1604 581 agendum
1614 537 1659 571 est
1667 560 1677 576 ,
1688 549 1722 574 vr
1732 537 1907 574 Christum

87 583 263 616 doceamus
274 578 333 614 effe
343 581 442 628 Legis
453 577 566 614 finem.

142 667 155 694 1
163 668 175 692 r
233 652 427 694 Studeamus
437 665 512 707 ergo
519 651 654 708 ingredi
661 654 700 691 in
713 648 810 691 illam
819 654 982 707 requiem,
997 655 1122 708 nequis
1131 653 1250 693 eodem
1259 653 1361 702 adut
1367 652 1617 697 incredulitatis
1629 659 1795 715 exemplo.

22 711 31 759 ’Ἴ
141 724 179 751 ιι
237 717 269 751 V
269 713 344 748 tuus
353 710 447 747 em'm
447 709 473 762 J
471 708 560 747 erma
571 710 642 746 Dei
652 708 691 754 ύ-
703 707 838 761 efficax,
852 710 892 754 ἀ
897 714 1137 762 penetrantior
1144 713 1265 764 quouis
1269 709 1388 765 gladio
1398 711 1770 766 vtrinquescmdente,
1782 716 1902 773 &per-

24 767 29 771 “
83 773 220 823 tingens
230 764 341 819 vs'que
349 764 401 803 ad
406 762 604 820 diuisionem
612 768 733 803 animae
746 761 938 819 &spiritus,
949 763 1203 821 compagu'mque
1213 766 1254 812 ὠ
1263 764 1492 806 medullarum
1539 783 1556 807 c
1562 768 1884 858 discretot'cogt'tatio
1890 793 1907 801 ·-

27 824 29 829 “
82 837 167 863 num
178 821 458 870 &intentionum
472 819 594 858 cordis.

25 868 27 871 ¹
141 892 174 930 ¹3
235 883 317 926 ᾌζςτ
322 875 398 914 vlla
407 875 455 928 est
461 884 612 914 creatura
622 889 694 930 quae
705 891 777 917 non
784 878 941 933 appareat
948 889 1059 916 coram
1069 876 1149 933 ipsb:
1166 873 1235 916 t‘mb
1243 883 1362 919 onmia
1373 771 1690 938 nudajrestepina
1703 886 1747 927 ‚in
1757 886 1862 926 oculis
1870 901 1906 927 e..

82 937 137 974 ius
144 947 219 976 cum
227 946 294 988 quo
303 928 404 971 nobis
410 934 564 971 estratio.
1470 989 1474 993 .
1633 957 1653 992 9

127 1014 306 1062 Postquam
314 1009 453 1059 scopum
461 1012 604 1047 ostendit
615 1012 683 1060 quo
694 1013 825 1048 tendere
833 1012 1003 1054 debemus,
1022 1027 1113 1049 nunc
1123 1026 1159 1049 vt
1168 1018 1258 1051 viam
1270 1016 1422 1052 ineamus
1434 1019 1607 1055 admonet:
1622 1021 1713 1068 quod
1724 1020 1761 1056 fit
1770 1023 1850 1057 dum
1861 1021 1910 1057 as-

80 1062 256 1098 suescimus
264 1061 304 1095 ad
322 1061 424 1094 nostri
436 1061 705 1108 abnegationem.
725 1063 816 1107 Qia
837 1074 948 1096 autem
961 1063 1138 1110 ingrestum
1160 1067 1194 1098 in
1208 1068 1358 1112 requiem
1390 1079 1562 1116 comparat
1571 1065 1664 1105 r'ecfiko
1682 1069 1810 1108 cursui,
1827 1070 1909 1106 huic

80 1109 193 1147 casum
212 1111 378 1158 opponit:
394 1120 494 1154 atque
504 1111 549 1143 ita
561 1121 703 1156 vtroque
724 1109 876 1144 membro
893 1112 1120 1158 metaphoram
1131 1116 1318 1148 continuat.
1346 1116 1659 1163 anuanifimul
1677 1117 1794 1153 alludit
1803 1120 1845 1153 ad
1854 1119 1908 1154 hi·
1937 1128 1989 1169 Ν),
1999 1145 2034 1170 26
2071 1136 2076 1139 ·
2093 1113 2109 1144 ’-

78 1160 212 1194 storiam
231 1169 333 1205 quam
345 1168 384 1191 ex
400 1155 494 1191 Mose
508 1157 619 1192 retulit
639 1160 677 1192 de
688 1159 726 1191 iis
737 1162 795 1205 qui
806 1159 995 1193 ceciderunt
1015 1163 1050 1194 in
1062 1159 1188 1195 deserto
1199 1165 1257 1208 qui
1269 1162 1397 1198 fuerant
1416 1166 1490 1199 Deo
1502 1165 1650 1201 rebelles.
1679 1168 1756 1202 Ideo
1775 1163 1910 1212 dicitu}
1991 1160 1997 1169 ⁸
2038 1146 2126 1182 ’ἐπ’

75 1208 160 1249 ivr&
174 1207 387 1248 ιἠτοθεὲγμοιτί,
404 1203 591 1253 significans
602 1205 691 1253 quasi
701 1208 735 1241 in
756 1206 867 1240 tabula
878 1206 977 1241 nobis
994 1208 1064 1243 illic
1076 1209 1241 1256 depictam
1264 1211 1482 1259 repraesentari
1502 1227 1638 1262 poenam
1651 1213 1856 1251 infidelitatis
1869 1220 1907 1252 «Sc

76 1257 307 1292 contumaciae:
323 1266 384 1290 nec
394 1254 473 1288 verb
488 1254 631 1289 dubium
646 1254 706 1288 ess‘e
718 1256 800 1301 quin
818 1256 905 1289 idem
917 1268 979 1290 nos
991 1268 1121 1291 maneat
1131 1260 1236 1293 exitus
1247 1283 1257 1296 ‚
1279 1258 1302 1293 fi
1312 1260 1490 1308 reperietur
1511 1265 1546 1297 in
1558 1261 1657 1297 nobis
1668 1261 1782 1298 similis
1796 1267 1907 1300 incre·

76 1303 208 1340 dulitas.
233 1303 325 1351 Ergo
343 1301 454 1336 cadere
464 1315 524 1350 pro
535 1304 641 1337 Parire
652 1305 813 1351 accipitur
825 1316 833 1337 :
846 1302 919 1341 vel,
937 1315 973 1338 vt
982 1304 1099 1340 clarius
1109 1306 1217 1340 dicam
1226 1330 1236 1345 ‚
1253 1320 1323 1342 non
1336 1321 1396 1355 pro
1407 1321 1543 1357 peccato
1554 1333 1564 1348 ‚
1576 1310 1627 1345 sed
1638 1324 1699 1360 pro
1712 1325 1821 1360 poena.
1842 1314 1906 1349 Sed

71 1363 143 1388 tam
154 1354 258 1401 priori
267 1351 371 1386 verbo
386 1352 594 1399 Ingredicndi
604 1352 774 1386 translatio
786 1351 1093 1402 respondet3,'quam
1103 1354 1184 1389 tristi
1195 1352 1324 1390 excidio
1335 1358 1486 1396 Parrum,
1501 1356 1648 1405 quorum
1661 1360 1815 1408 exemplo
1841 1372 1907 1398 ter-

67 1413 137 1437 rere
147 1400 258 1436 voluit
265 1401 402 1435 Iudaeos.
491 1428 497 1434 .
967 1404 996 1436 ζ’

115 1461 148 1484 12
198 1452 304 1485 vinus
315 1452 406 1486 enim,
422 1452 505 1486 &c.)
555 1448 730 1497 chuid
741 1447 797 1484 hic
808 1449 847 1484 de
857 1449 957 1484 Verbi
968 1448 1113 1486 efficacia
1123 1450 1254 1491 diffinit,
1265 1452 1331 1487 huc
1345 1455 1488 1501 pertinet
1498 1477 1508 1492 ,
1522 1466 1557 1490 vt
1565 1452 1670 1490 sciant
1681 1459 1821 1505 impune
1831 1468 1904 1496 non

66 1495 158 1548 posse
165 1499 353 1539 contemni.
363 1495 424 1532 acfi
433 1497 568 1538 diceret,
579 1499 723 1546 Qries
736 1510 797 1532 nos
807 1487 979 1534 Domifftis
989 1511 1072 1534 voce
1081 1497 1135 1534 sua
1143 1500 1336 1548 compellat,
1347 1499 1430 1535 serio
1439 1506 1507 1550 agit
1520 1503 1695 1539 nobiscum
1706 1531 1717 1545 ,
1738 1518 1772 1540 vt
1784 1519 1904 1543 omnes

66 1549 243 1591 interiores
256 1543 364 1580 sensus
373 1543 504 1580 nostros
513 1544 644 1581 afficiat.
669 1548 782 1593 itaque
793 1544 884 1580 nulla
894 1547 938 1582 est
946 1559 1020 1595 pars
1030 1549 1148 1582 animae
1157 1559 1259 1594 quam
1270 1562 1342 1584 non
1354 1561 1507 1597 oporteat
1526 1556 1727 1599 permoneri.
1737 1555 1904 1591 Caeterum

64 1606 246 1643 antequam
256 1593 340 1629 vltra
348 1594 588 1646 progredimur,
600 1594 779 1629 videndum
791 1595 835 1628 est
845 1593 1043 1642 loquaturne
1055 1596 1250 1644 generaliter
1259 1598 1441 1646 Apostolus
1449 1600 1489 1634 de
1499 1599 1610 1636 Verbo
1619 1624 1630 1639 ‚
1641 1613 1683 1636 an
1693 1602 1903 1650 peculiariter

11 1639 14 1642 ”
64 1644 106 1679 ad
116 1642 228 1679 fideles
236 1643 304 1678 hoc
314 1645 439 1677 referat.
449 1640 692 1677 Constat'enim
704 1655 776 1677 non
785 1642 935 1690 peraeque
945 1646 981 1679 in
995 1644 1154 1679 omnibus
1163 1643 1277 1680 efficax
1286 1644 1347 1680 effe
1354 1648 1420 1681 Dei
1430 1647 1567 1684 verbum
1581 1674 1589 1684 .
1604 1662 1681 1684 nani
1694 1662 1769 1698 erga
1778 1650 1902 1687 eleetos

63 1694 137 1727 vim
148 1690 239 1726 suam
250 1693 362 1729 exerit,
374 1701 410 1725 vt
420 1702 494 1725 vera
503 1687 553 1725 sui
563 1693 739 1739 agnitione
749 1690 932 1774 llfimssiati'
944 1693 982 1726 ad
995 1693 1119 1728 Christi
1130 1696 1268 1740 gratiam
1279 1695 1490 1742 confugiant.
1500 1698 1593 1744 quod
1605 1696 1675 1732 fieri
1689 1702 1807 1745 nequit
1817 1702 1902 1747 quin
1953 1690 1968 1731 c

63 1738 168 1787 vsque
178 1741 219 1775 ad
228 1741 388 1775 intimum
396 1750 454 1774 cor
462 1750 623 1787 penetret:
633 1741 762 1780 excutie
810 1752 828 1774 a
837 1754 854 1774 e
891 1743 982 1775 enim
994 1740 1187 1789 hypocrisis,
1197 1754 1269 1787 quae
1281 1745 1384 1778 miros
1395 1742 1494 1778 habet
1503 1757 1540 1779 ac
1551 1744 1724 1794 plusquam
1739 1744 1902 1784 flexuosos

63 1787 203 1824 :eccisus
213 1791 248 1823 in
258 1786 415 1823 cordibus
425 1787 618 1822 hominum:
630 1788 748 1822 deinde
756 1801 828 1822 non
836 1787 955 1823 leuiter
963 1801 1026 1823 nos
1037 1791 1144 1836 pungi
1158 1788 1210 1823 vel
1219 1789 1379 1825 lancinari
1389 1815 1400 1829 ‚
1413 1789 1465 1828 sed
1473 1795 1607 1843 penitus
1622 1794 1787 1830 vulnerari
1797 1808 1903 1844 opor-

63 1847 123 1875 tet,
132 1849 167 1872 vr
179 1839 296 1871 mortis
307 1847 432 1870 aeternae
443 1834 534 1870 sensu
551 1836 714 1884 prostrati,
773 1833 827 1870 bis'
839 1839 926 1884 mori
936 1835 1106 1872 discamus.
1117 1838 1275 1885 Denique
1284 1848 1459 1886 nunquam
1469 1842 1710 1878 renouabimur
1732 1855 1804 1879 tota
1815 1849 1903 1881 mete
1937 1851 1986 1882 ss·

61 1885 181 1933 (quod
203 1896 316 1920 tamen
326 1883 445 1919 Paulus
459 1886 622 1932 praecipit)
640 1884 748 1919 donec
757 1848 858 1920 huius
874 1882 1052 1932 spiritualis
1061 1884 1162 1931 gladii
1173 1889 1242 1921 acie
1254 1886 1432 1933 confeci-us
1440 1888 1540 1924 fuerit
1551 1903 1644 1926 vetus
1654 1893 1764 1926 noster
1783 1887 1901 1929 horno.
1929 1910 1997 1952 ἐν,
2019 1925 2022 1929 ,
2052 1913 2108 1953 s„

61 1934 159 1969 Vnde
168 1932 279 1968 fideles
290 1932 370 1967 alibi
388 1933 508 1967 Paulus
526 1933 606 1967 dicit
626 1934 702 1967 Deo
725 1932 895 1967 immolari
908 1945 964 1978 per
982 1933 1202 1981 Euangelium
1214 1948 1222 1969 :
1237 1937 1315 1981 quia
1326 1949 1397 1971 non
1409 1936 1543 1985 poss'unt
1552 1938 1647 1974 aliter
1656 1942 1691 1974 in
1701 1940 1902 1989 obsequium
1929 1923 2120 1994 pm·11},42⁸„c,'172

61 1982 129 2017 Dei
138 1983 205 2017 redi
231 1984 253 2020 i,
264 1982 364 2029 quam
376 1979 398 2015 fi
407 1983 544 2016 intereat
555 1982 689 2029 propria
697 1980 843 2029 ipsorum
855 1981 1021 2016 voluntas:
1032 1994 1092 2016 nec
1102 1982 1196 2016 aliter
1205 1982 1340 2031 possunt
1348 1983 1458 2020 lucem
1469 1987 1604 2022 Diuinae
1614 1987 1780 2035 sapientiae
1789 1994 1902 2038 perci-

60 2041 150 2078 pete,
162 1993 381 2066 nisiextinCta
390 2041 407 2064 c
469 2031 496 2065 is
529 2029 690 2065 rudentia.
703 2029 741 2064 ln
752 2028 901 2078 reprobis
911 2029 999 2064 nihil
1009 2029 1071 2064 tale
1077 2042 1223 2078 apparet:
1236 2044 1313 2066 nam
1325 2032 1376 2067 vel
1387 2031 1495 2068 secure
1504 2034 1691 2082 despiciunt
1702 2037 1902 2083 loquentem
1925 2052 1960 2106 ,

58 2080 186 2120 Deum,
195 2079 344 2126 adeoque
355 2077 411 2113 sub
446 2088 562 2112 nnant:
573 2076 625 2112 vel
637 2077 831 2125 obstrepunt
840 2080 908 2113 eius
920 2078 1091 2116 doctrinae,
1101 2091 1138 2113 ac
1147 2083 1391 2115 contumaciter
1402 2084 1436 2116 in
1448 2095 1520 2117 eam
1530 2081 1718 2131 insurgunt.
1740 2087 1900 2134 Denique

57 2126 154 2164 ficuti
166 2126 304 2162 verbum
315 2128 380 2161 Dei
392 2125 517 2161 maleus
527 2126 582 2167 est,
593 2127 639 2161 ita
648 2138 706 2161 cor
714 2124 764 2160 illi
775 2125 898 2161 habent
909 2128 1038 2161 incudis
1048 2128 1164 2165 instar,
1195 2140 1229 2162 vr
1241 2131 1326 2164 ictus
1337 2135 1556 2176 quantumuis
1566 2130 1693 2167 validos
1704 2132 1758 2168 sua
1777 2136 1900 2172 duritia

58 2175 206 2224 repellat.
216 2177 307 2223 Ergo
319 2174 464 2210 multum
473 2174 560 2209 abest
569 2176 652 2220 quin
667 2173 805 2209 verbum
815 2176 878 2209 Dei
889 2186 1039 2222 penetret
1047 2177 1083 2210 in
1095 2175 1183 2224 ipsos
1191 2176 1235 2209 ad
1243 2176 1416 2224 dim'fionem
1424 2181 1518 2225 vsqzoe
1528 2182 1634 2215 anima
1644 2181 1897 2230 &spiritusNn-

57 2225 100 2260 de
113 2225 242 2260 videtur
252 2225 318 2258 hoc
329 2223 478 2270 elogium
489 2222 753 2270 restringendum
763 2224 802 2257 ad
811 2221 898 2258 solos
913 2222 1022 2258 fideles
1034 2247 1045 2262 ,
1057 2225 1192 2278 quando
1205 2222 1265 2259 soli
1277 2229 1322 2260 ira
1335 2227 1374 2260 ad
1386 2230 1753 2265 viuumexaminantur.
1771 2234 1896 2273 Verum

58 2284 234 2308 contextus
244 2270 402 2320 Apostoli
412 2272 554 2307 ostendit
567 2271 652 2306 hanc
662 2269 858 2309 sententiam
868 2269 928 2306 effe
939 2271 1171 2313 vniuersalem,
1190 2276 1224 2308 δε
1234 2287 1306 2321 quae
1316 2276 1354 2308 ad
1364 2276 1523 2322 reprobos
1545 2290 1683 2325 quoque
1691 2279 1778 2326 ipsos
1790 2293 1888 2329 pater-

55 2321 148 2358 Nam
159 2333 329 2368 vtcunque
338 2333 408 2355 non
419 2318 646 2358 emolliantur,
656 2317 709 2355 sed
718 2318 860 2355 ferreum
870 2332 929 2355 cor
937 2331 994 2355 aut
1002 2319 1199 2366 chalybeum
1212 2322 1313 2358 verbo
1321 2325 1385 2357 Dei
1395 2336 1582 2372 opponant:
1594 2327 1718 2362 necesse
1725 2329 1769 2362 est
1780 2340 1895 2367 tamen
1920 2324 1939 2370 C

55 2369 146 2418 ipsos
156 2381 189 2404 re
253 2367 312 2404 suo
323 2369 518 2416 constringi.
534 2367 661 2402 Rident
670 2368 808 2415 quidem
819 2394 830 2410 ,
840 2367 891 2403 sed
901 2366 1001 2417 risum
1011 2370 1309 2418 Sardonium‚quia
1319 2375 1409 2406 intus
1420 2371 1449 2406 se
1459 2372 1548 2420 quafi
1560 2374 1753 2423 strangulari
1762 2376 1892 2415 sentiute

55 2381 315 2466 tergiuefffnffir
324 2419 422 2452 variis
433 2417 553 2455 modis,
568 2429 610 2452 ne
620 2417 661 2451 ad
670 2419 736 2452 Dei
746 2416 893 2453 tribunal
903 2417 1078 2452 accedant:
1091 2416 1143 2453 sed
1154 2420 1256 2454 inuiti
1265 2419 1305 2455 ab
1315 2421 1382 2455 hoc
1392 2419 1462 2468 ipso
1482 2421 1592 2457 Verbo
1603 2426 1662 2458 cui·
1668 2427 1823 2472 proterue
1837 2431 1892 2463 in-

53 2465 190 2503 sultant,
200 2465 450 2515 protrahuntur:
461 2476 497 2500 vt
507 2464 582 2514 apte
593 2464 713 2500 rabidis
725 2465 864 2501 canibus
874 2464 1021 2500 conferri*
1027 2464 1162 2514 poffint,
1173 2470 1234 2514 qui
1244 2470 1447 2511 mordentes,
1457 2469 1509 2504 vel
1520 2471 1688 2519 vnguibus
1698 2485 1891 2521 appetentes

54 2525 205 2550 catenam
218 2517 274 2550 cui
284 2512 359 2549 sunt
368 2512 508 2562 alligati,
519 2512 605 2549 nihil
616 2525 728 2549 tamen
765 2513 935 2555 toficiunt‚
947 2515 1026 2561 quia
1036 2513 1262 2552 nihilominus
1273 2529 1410 2552 manent
1421 2520 1602 2555 constrien.
1622 2522 1753 2556 Deinde
1765 2523 1891 2561 etiamsi
1921 2511 1972 2556 2-

52 2575 124 2598 non
141 2563 252 2611 ptimo
263 2563 370 2598 statim
381 2563 432 2597 die
443 2573 529 2597 extet
539 2562 593 2598 hic
609 2561 700 2597 verbi
710 2527 846 2598 effeetus
865 2589 876 2604 ‚
885 2563 1020 2597 tandem
1030 2575 1069 2601 ex
1079 2575 1202 2600 euentu
1215 2566 1359 2601 iudicare
1368 2565 1483 2601 licebit
1491 2593 1503 2608 ,
1524 2581 1595 2603 non
1607 2567 1658 2603 fru
1687 2581 1720 2604 ra
1730 2574 1888 2619 cuiquam

53 2608 147 2646 fuisse
156 2609 379 2660 praedicatum.
390 2610 552 2646 Gener-ale
560 2610 648 2646 certe
658 2611 702 2645 est
713 2611 804 2659 quod
814 2610 965 2646 Christus
976 2614 1174 2659 pronuntiat
1184 2639 1194 2652 ,
1205 2616 1345 2662 Spiritus
1355 2612 1462 2661 quum
1474 2620 1602 2651 venerit
1610 2630 1727 2665 arguet
1737 2621 1886 2657 mudum'.

52 2661 160 2707 Atqui
169 2661 309 2708 Spiritus
319 2659 385 2694 hoc
395 2660 556 2695 iudicium
567 2671 626 2708 per
633 2658 807 2707 Euangelii
818 2660 1087 2707 praedicationem
1098 2672 1233 2697 exercet.
1243 2663 1413 2700 Postremo
1424 2663 1548 2698 etiamsi
1559 2664 1645 2700 hanc
1657 2670 1724 2701 vim
1736 2681 1807 2704 non
1820 2668 1889 2705 sem
1933 2666 1976 2731 3

53 2720 112 2757 per
120 2720 226 2743 exerat
236 2720 312 2756 erga
320 2707 624 2743 homines'verbum
633 2709 710 2745 Dei,
720 2707 817 2742 habet
830 2721 941 2743 tamen
972 2710 1007 2742 in
1019 2707 1049 2742 se
1059 2711 1314 2756 quodammodo
1324 2709 1495 2751 inclusam.
1518 2714 1699 2761 Apostolus
1709 2728 1820 2752 autem
1831 2718 1889 2754 hic
1914 2706 1932 2730 Ι
1960 2724 1968 2731 ’
1978 2703 2070 2734 ¹⁶⁸3*

53 2757 94 2791 de
103 2759 172 2792 eius
184 2768 300 2791 natura
309 2768 370 2806 pro
397 2755 514 2804 rioque
527 2754 644 2792 officio
652 2755 795 2804 disputat
803 2758 838 2800 in
849 2756 940 2792 hunc
951 2756 1080 2792 tantum
1092 2755 1207 2796 finem,
1219 2770 1255 2793 vt
1263 2760 1403 2794 sciamus
1412 2759 1634 2797 conscientias
1645 2758 1772 2800 nostras
1781 2765 1885 2802 fimu-

53 2802 166 2852 latque
186 2805 321 2841 auribus
332 2769 481 2839 inilmuit
491 2828 500 2842 ,
522 2816 590 2839 reas
603 2805 641 2839 ad
655 2806 721 2839 Dei
731 2804 877 2840 tribunal
887 2807 992 2840 citari.
1012 2804 1074 2840 acsi
1084 2806 1206 2842 diceret
1215 2833 1226 2849 ‚
1237 2808 1349 2855 Siquis
1384 2818 1454 2854 utet
1463 2822 1571 2844 aerem
1583 2814 1676 2846 inani
1689 2811 1798 2849 {onitu
1810 2827 1885 2849 ver-

50 2851 155 2889 berari
166 2866 271 2900 quum
289 2852 454 2901 profertur
462 2854 527 2887 Dei
537 2852 688 2893 verbum,
700 2852 792 2888 valde
803 2865 896 2888 errat:
907 2866 956 2889 res
967 2855 1059 2888 enim
1073 2856 1152 2890 viua
1163 2857 1220 2894 est,
1234 2861 1269 2891 ὅ(
1280 2821 1568 2910 οεεειιῗεκριεεὲἰκ
1577 2859 1676 2907 plena
1686 2887 1696 2901 ‚
1711 2874 1784 2908 quae
1794 2857 1882 2898 nihil

51 2905 89 2937 in
102 2902 242 2950 homnine
254 2904 417 2937 intactum
430 2901 605 2949 relinquar.
619 2902 698 2936 Haec
707 2913 787 2950 ergo
797 2900 924 2937 summa
934 2902 988 2939 est,
999 2901 1164 2950 Simulatq
1218 2902 1345 2940 sacrum
1403 2910 1532 2954 aperuit
1544 2905 1765 2946 Deus‚debere
1774 2908 1882 2951 sensus

52 2962 171 2985 omnes
182 2950 310 2985 nostros
322 2950 514 2998 recipiendo
525 2962 596 2986 ems
606 2949 707 2984 verbo
717 2948 874 2998 patefieri:
886 2953 1044 2998 quianon
1054 2950 1134 2986 velit
1228 2965 1261 2988 ra
1270 2966 1352 2999 voce
1391 2967 1525 3003 pargere
1535 2968 1609 3003 quae
1631 2968 1688 2991 aut
1698 2957 1880 3002 euanescit,

51 3009 110 3033 aut
120 2998 278 3046 neglectae
288 3001 323 3033 in
335 3010 452 3041 terram
462 2999 591 3034 cadant:
602 2996 653 3033 sed
664 2995 840 3034 efficaciter
850 2997 1051 3047 compellare
1058 2998 1105 3034 ho
1206 3014 1241 3037 m
1252 3001 1472 3038 conscientias
1490 3028 1501 3042 ‚
1511 3016 1546 3038 vt
1558 3008 1700 3053 imperio
1712 3004 1769 3041 suo
1778 3006 1881 3043 subii-

52 3049 131 3081 ciat:
140 3049 251 3093 itaque
262 3046 346 3081 hanc
355 3050 425 3081 vim
436 3044 584 3081 indidisse
595 3046 695 3082 verbo
708 3044 778 3086 suo,
793 3059 828 3082 vt
837 3061 956 3083 omnes
970 3049 1089 3083 animae
1193 3061 1207 3084 s
1221 3053 1375 3090 excutiat,
1387 3055 1554 3088 examinet
1564 3054 1879 3100 cogitationes‚affe-·

54 3097 128 3130 &us
138 3095 308 3133 diiudicet,
320 3093 350 3129 se
359 3096 502 3142 denique
513 3096 659 3131 iudicem
671 3095 830 3131 ostendat.
844 3097 905 3131 Sed
915 3095 971 3131 hic
981 3098 1110 3137 exoritu
1187 3110 1228 3133 ua
1239 3100 1388 3146 quaestio,
1398 3101 1437 3135 de
1447 3100 1579 3148 Legene
1591 3115 1632 3136 an
1643 3103 1682 3136 de
1691 3104 1878 3151 Euangelio

54 3142 122 3178 hoc
132 3141 168 3177 fit
178 3141 446 3190 intelligendum.
456 3146 528 3191 Qi
539 3145 578 3178 de
595 3145 683 3192 Lege
694 3144 894 3192 Apostolum
905 3144 1002 3192 loqui
1014 3155 1145 3192 putant,
1156 3147 1328 3184 adducunt
1339 3148 1395 3183 illa
1409 3148 1501 3184 Pauli
1510 3150 1710 3184 testimonia:
1724 3150 1878 3188 Ministe-

52 3193 142 3228 rium
153 3191 214 3226 effe
225 3193 354 3228 mortis,
363 3193 508 3227 Literam
518 3193 578 3227 esse
588 3206 660 3241 quae
670 3193 812 3231 occidat,
818 3192 923 3236 *Nihil
933 3204 1048 3241 praeter
1062 3195 1145 3229 iram
1154 3193 1267 3231 afferre
1277 3221 1287 3235 ‚
1312 3200 1345 3232 δε
1358 3197 1485 3244 reliqua
1495 3197 1667 3233 eiusmodi.
1689 3200 1816 3243 Sedhic
1825 3197 1877 3236 di-

51 3237 164 3275 uersos
175 3241 275 3274 etiam
285 3236 420 3275 effectus
431 3241 610 3288 Apostolus
619 3251 725 3277 notat:
738 3241 782 3275 est
792 3244 883 3276 enim
893 3242 942 3284 (vt
951 3243 1108 3280 diximus)
1121 3243 1256 3280 viuifica
1266 3246 1415 3292 quaedam
1425 3245 1545 3281 occisio
1555 3249 1761 3294 animae‚qtrae
1773 3247 1809 3284 fit
1820 3263 1876 3299 pet

52 3287 236 3335 Euangeliu
242 3300 287 3322 m.
298 3289 446 3322 Sciamus
458 3301 537 3336 ergo
549 3289 751 3339 Apostolum
760 3290 799 3323 de
808 3288 958 3325 vniuersa
965 3291 1032 3325 Dei
1041 3291 1195 3327 doctrina
1204 3296 1420 3336 concionari,
1431 3307 1536 3341 quum
1546 3294 1625 3330 dicit
1635 3298 1747 3330 vinam
1758 3293 1818 3333 effe
1840 3304 1876 3335 &

55 3335 233 3372 efficacem.
245 3339 293 3370 Ita
302 3334 423 3371 Paulus
431 3337 574 3378 testatur,
589 3352 628 3373 ex
638 3335 693 3374 sua
701 3337 1077 3388 praedicationeprpdire
1086 3340 1224 3376 odorem
1247 3345 1365 3377 mortis
1375 3344 1410 3377 in
1417 3353 1564 3377 mortem
1584 3344 1763 3381 incredulis
1774 3373 1784 3387 ,
1803 3350 1879 3390 vita

56 3387 93 3424 iu
103 3388 208 3423 vitam
216 3383 371 3422 fidelibus
384 3397 393 3420 ι
413 3395 449 3421 νε
458 3386 550 3424 Deus
559 3399 736 3438 nunquam
744 3385 861 3424 frustra
869 3386 1026 3437 loquatur
1036 3388 1122 3438 quin
1133 3388 1218 3427 alios
1226 3390 1266 3426 ad
1275 3388 1414 3427 salutem
1422 3391 1562 3428 adducat
1569 3416 1582 3433 ,
1597 3391 1682 3429 auos
1692 3397 1878 3447 praecipite}

1904 3239 2102 3284 ’2.c0r‘.3.b.t.7,

1903 3286 1951 3313 Ro.
1961 3292 1989 3319 4.
2004 3292 2064 3322 ως,
