2268 3705
582 105 689 152 AD
739 99 1277 160 coLoss-CAP-
1329 105 1395 153 11-
1873 133 1942 172 42,

101 181 236 233 quinos
244 180 364 217 volunt
372 180 408 214 in
417 173 608 212 seruitutem
619 175 777 222 redigere,
787 172 848 208 nifi
858 172 951 221 quod
961 171 1066 222 spolia
1074 175 1250 211 restituunt
1260 177 1395 214 Satanae,
1409 175 1531 224 quibus
1541 181 1685 220 nudatus
1698 186 1801 224 fuerat
1812 190 1819 223 Β
1841 193 1944 228 Tria-

98 232 204 283 phans
213 229 252 264 de
263 231 312 265 his
321 232 354 263 in
362 229 430 261 illa.
446 227 571 260 Patitur
582 224 720 271 quidem
731 219 838 257 sermo
848 223 984 257 Graecus
993 234 1029 258 vt
1038 223 1188 272 legamus
1198 227 1236 259 ln
1256 223 1370 273 seipso.
1380 227 1455 260 imo
1468 231 1576 264 maior
1585 244 1657 278 pars
1667 237 1822 273 codicum
1843 241 1944 278 habet

102 281 129 314 ἐν
137 274 224 320 alu-mi,
238 290 315 313 cum
325 273 554 322 adspiratione:
565 271 615 306 sed
624 273 770 307 omnino
781 268 926 319 postulat
935 269 1003 305 loci
1013 272 1249 308 circunstantia
1259 284 1294 308 vt
1303 273 1396 308 aliter
1407 276 1568 325 legamus.
1579 282 1671 326 quod
1681 286 1770 319 enim
1781 288 1819 321 de
1839 289 1943 325 Chri-

100 327 152 364 sto
161 314 280 381 frigide
290 323 362 360 esset
373 324 514 363 dictum,
525 320 694 356 concinne
702 321 742 354 ad
753 331 885 355 crucem
896 318 1045 354 refertur.
1061 322 1363 371 Qemadmodum
1374 326 1465 359 enim
1476 328 1714 376 cruccm'Ptii‘is
1724 344 1943 382 comparaue-

100 388 149 413 rat
159 375 279 424 iniigni
291 371 453 420 trophaeo,
468 369 520 404 vel
529 382 662 418 pompae
672 368 849 416 triumphi,
859 369 895 402 in
906 379 972 415 qua
981 369 1127 403 traduxit
1135 368 1289 405 Christus
1298 369 1373 405 suos
1384 372 1490 408 hostes
1502 388 1510 410 :
1526 378 1572 410 ita
1582 380 1682 412 etiam
1697 393 1788 416 nunc
1798 384 1941 423 limilem

101 424 180 462 facit
189 423 298 460 currui
310 418 517 467 triumphali,
528 421 563 452 in
573 430 643 465 quo
655 416 854 464 conspicuus
864 418 1026 466 appatuit.
1036 416 1100 452 Etfi
1110 421 1202 453 enim
1214 421 1249 453 in
1261 431 1357 454 cruce
1367 422 1454 456 nihil
1464 421 1525 458 nisi
1539 424 1731 464 maledictio
1745 442 1753 462 :
1774 430 1816 465 sic
1828 443 1940 471 tamen

99 472 248 521 absorpta
258 468 322 505 fuit
340 470 462 503 virtute
473 466 547 501 Filii
557 468 641 503 Dei,
660 476 695 500 vt
705 464 958 513 quodammodo
970 477 1098 500 nouam
1109 477 1262 501 naturam
1275 469 1429 504 induerit.
1448 471 1593 508 Nullum
1605 477 1696 510 enim
1707 477 1852 514 tribunal
1870 492 1940 519 tam

99 517 330 569 magnificum,
339 515 453 554 nullus
463 514 580 563 regalis
588 514 729 549 thronus
739 524 806 548 tam
816 512 1000 562 praeclarus‚
1012 512 1106 549 nulla
1113 525 1181 548 tarn
1192 514 1328 563 insignis
1338 519 1501 567 triumphi
1511 533 1649 570 pompa,
1659 524 1772 560 nullus
1785 538 1851 562 tam
1864 528 1939 564 sub-

95 569 186 605 limis
201 579 326 605 currus,
336 566 438 613 quam
449 563 486 599 fit
495 564 579 598 illud
588 561 778 610 patibulum
788 564 823 596 in
835 574 904 609 quo
915 561 1066 597 Christus
1076 573 1220 598 mortem
1232 568 1267 599 δε
1276 563 1449 601 diabolum
1470 573 1588 604 mortis
1597 574 1786 621 principem
1796 574 1937 617 subegit,

88 615 236 664 ideoque
244 617 379 665 penitus
388 614 549 649 contriuit
557 610 615 646 sub
624 609 763 659 pedibus
776 611 851 645 suis.
1148 621 1150 629 ·
1876 607 1896 626 ο

150 697 190 730 16
247 697 371 744 Itaque
378 689 504 743 nequis
511 699 579 725 vos
587 684 713 726 iudicet
718 684 781 725 vel
786 686 825 723 in
833 681 903 723 cibo
912 712 924 731 ,
947 684 1012 724 vel
1016 687 1154 743 inpetu,
1162 688 1227 727 vel
1230 692 1270 728 in
1274 697 1411 744 parte.)
1423 689 1494 730 diei
1500 690 1591 746 ftsti,
1600 694 1665 734 vel
1669 702 1864 748 neomenia,
1874 699 1940 741 vel

92 743 342 800 (abbatborum

152 815 196 853 17
250 799 425 858 Qaefimt
430 796 761 851 vmbrafiaeturorum,
770 807 884 852 corpus
893 807 1007 837 autem
1019 798 1151 851 Christi.

150 860 188 898 18
243 861 390 912 Nequis
407 853 508 895 vobis
509 854 664 910 palmam
675 857 794 910 eripiat
803 884 812 901 ‚
829 853 954 892 volens
963 857 1003 894 in
1011 852 1206 895 humilitate
1227 856 1269 904 ἀ·
1278 857 1366 897 cultu
1375 860 1612 915 eAngelorum
1632 865 1669 906 id
1679 864 1806 908 facere
1815 898 1826 916 ,
1847 873 1886 909 in
1894 883 1935 910 ea

91 930 164 972 quae
171 929 242 955 non
249 912 388 967 viditse
396 915 567 968 ingerens,
577 907 698 962 frustra
703 908 842 959 inflatus
853 908 874 948 A
883 921 998 949 mente
1016 909 1210 965 carnisfiaae.

147 985 186 1017 19
241 976 288 1009 Et
297 984 369 1009 non
377 979 498 1008 tenens
507 976 624 1021 caput,
640 980 688 1005 ex
697 978 764 1020 quo
775 976 883 1007 totum
896 977 1010 1021 corpus
1011 979 1077 1023 per
1084 970 1262 1010 iunct‘uras
1284 969 1325 1017 ἀ
1338 972 1569 1014 connexiones
1582 974 1876 1031 Jisbmim'stratum
1892 983 1933 1029 ἀ·

89 1028 314 1084 compaec7um,
324 1024 437 1079 crescit
444 1027 650 1063 incremento
661 1024 743 1061 Dei.

134 1105 172 1139 16
220 1099 333 1151 Jtaque
342 1102 485 1147 nequis.)
526 1099 631 1146 Qod
642 1099 680 1133 de
691 1098 933 1135 circuncifione
945 1101 1034 1148 prius
1044 1103 1232 1141 dixit‚nunc
1244 1106 1392 1141 extendit
1400 1108 1439 1142 ad
1449 1108 1602 1145 ciborum
1613 1111 1807 1160 dierumque
1820 1114 1937 1149 discriss

86 1167 176 1191 men.
195 1150 403 1187 Citcuncisio
416 1152 507 1184 enim
519 1151 627 1196 prima
638 1149 784 1182 initiatio
795 1158 862 1182 erat
872 1151 907 1183 in
920 1147 1185 1186 obseruationem
1199 1155 1306 1201 Legis:
1319 1155 1382 1189 alia
1400 1158 1517 1193 deinde
1527 1153 1757 1206 sequebantur.
1773 1160 1933 1201 ludic'arc,

88 1201 146 1240 hic
156 1199 316 1248 fignificat
326 1198 431 1247 culpae
440 1210 535 1232 reum
547 1195 652 1230 facere
664 1219 674 1234 ‚
689 1194 740 1230 vel
752 1195 950 1243 religionem
965 1200 1101 1233 iniicere
1110 1223 1120 1238 ,
1131 1203 1176 1234 ita
1184 1213 1218 1235 vt
1231 1203 1374 1250 amplius
1384 1204 1478 1239 liberi
1490 1220 1562 1241 non
1572 1208 1681 1244 simus.
1694 1211 1804 1257 Negat
1815 1214 1930 1259 igitur,

91 1253 128 1287 in
138 1250 294 1299 potestate
303 1248 485 1283 hominum
497 1244 556 1280 else
566 1243 724 1279 subiicere
733 1249 794 1278 nos
805 1243 1029 1280 obseruationi
1039 1250 1166 1283 rituum
1180 1262 1265 1296 quos
1277 1263 1385 1286 morte
1396 1253 1449 1287 sua
1458 1254 1609 1291 Christus
1619 1257 1794 1294 sustulit:&
1807 1263 1931 1296 exemit

88 1310 152 1336 nos
170 1298 210 1333 ab
221 1309 339 1332 eorum
350 1299 431 1343 iugo
441 1319 450 1332 ‚
473 1308 514 1330 ne
526 1295 691 1341 patiamur
702 1305 764 1327 nos
783 1291 913 1340 legibus
921 1316 931 1330 ‚
943 1306 1024 1342 quas
1034 1295 1170 1330 tulerint
1181 1323 1191 1337 ‚
1209 1297 1342 1346 illigari.
1365 1301 1536 1338 Christum
1555 1316 1667 1340 autem
1677 1308 1777 1343 tacite
1797 1312 1932 1344 cunetis

87 1345 285 1384 mortalibus
306 1346 452 1392 opponit
462 1368 472 1381 ‚
485 1344 603 1390 nequis
614 1352 681 1376 tam
692 1342 844 1376 audacter
854 1340 883 1376 se
893 1340 1014 1380 efferat,
1025 1355 1060 1377 vt
1070 1346 1162 1391 quod
1172 1344 1213 1379 ab
1223 1344 1284 1380 illo
1294 1347 1409 1382 datum
1421 1351 1463 1383 est
1477 1377 1486 1391 ,
1498 1355 1621 1400 eripete
1631 1366 1745 1391 tentet.
1793 1358 1833 1390 Iu
1840 1369 1930 1405 parte

85 1394 232 1441 dieiftstj,
250 1394 284 1426 τε
291 1396 368 1435 μέρος
379 1392 484 1438 aliqui
493 1392 664 1437 accipiunt
671 1401 734 1438 pro
748 1391 1012 1438 participatione.
1029 1391 1283 1438 Chrysostomus
1294 1396 1369 1431 ideo
1381 1409 1508 1444 partem
1519 1400 1630 1436 dixiffe
1638 1403 1822 1445 arbitratur,
1835 1406 1930 1452 quod

85 1456 159 1480 non
170 1455 289 1478 omnes
299 1443 367 1476 dies
377 1439 474 1474 festos
485 1438 664 1474 seruabant:
675 1450 782 1485 neque
793 1441 892 1473 etiam
903 1440 1013 1476 exaere
1022 1439 1224 1478 feriabantur
1234 1455 1271 1477 ex
1281 1443 1378 1492 Legis
1389 1446 1577 1496 praescripto
1589 1462 1596 1482 :
1609 1452 1702 1496 quod
1713 1452 1857 1487 dilutum
1870 1455 1926 1489 est.

84 1493 171 1528 Vide
189 1503 231 1526 an
241 1503 313 1526 non
324 1491 430 1536 accipi
449 1485 548 1536 poffit
556 1499 618 1535 pro
628 1485 862 1534 segregatione.
879 1500 958 1522 nam
969 1489 1164 1535 quidierum
1175 1490 1303 1526 faciunt
1312 1492 1489 1530 discrimen
1503 1522 1514 1536 ,
1525 1495 1614 1543 quasi
1627 1511 1730 1535 vnum
1743 1500 1782 1535 ab
1794 1501 1861 1536 alio
1872 1504 1926 1536 di-

82 1541 216 1576 uidunt.
242 1538 335 1573 Talis
345 1539 480 1586 partitio
490 1534 711 1575 conueniebat
718 1535 833 1569 Iudaeis
841 1560 853 1576 ,
861 1546 897 1569 vt
906 1537 974 1571 dies
986 1539 1165 1586 praeceptos
1176 1538 1285 1575 sancite
1298 1540 1446 1577 colerent
1455 1567 1465 1582 ‚
1476 1543 1516 1580 ab
1527 1544 1599 1580 aliis
1611 1545 1822 1596 segregando.
1834 1552 1923 1585 Inter
1972 1589 1974 1591 ,

79 1588 290 1624 Christianos
318 1588 391 1621 talis
401 1583 519 1619 diuifio
529 1582 671 1621 ceffauit.
685 1585 802 1630 Atqui,
813 1583 900 1618 dicet
909 1583 1082 1634 quispiam,
1091 1599 1154 1621 nos
1163 1586 1273 1623 adhuc
1281 1592 1462 1626 retinemus
1472 1593 1619 1640 aliquam
1630 1598 1758 1631 dierum
1770 1596 1927 1633 obserua»

83 1638 227 1672 tionem.
237 1632 436 1683 Respondeo
447 1655 457 1670 ‚
468 1643 530 1667 nos
540 1631 607 1665 dies
618 1643 830 1678 nequaquam
840 1631 964 1667 seruare
974 1659 984 1674 ‚
993 1633 1082 1680 quasi
1095 1637 1131 1669 in
1143 1634 1231 1671 feriis
1242 1637 1353 1685 aliqua
1363 1637 1401 1673 fit
1408 1640 1528 1688 religio
1537 1666 1548 1680 ‚
1574 1654 1630 1678 aut
1640 1644 1729 1690 quafi
1741 1645 1787 1680 fas
1798 1659 1869 1681 non
1882 1647 1920 1681 fit

83 1695 169 1722 tunc
177 1683 333 1720 laborare:
347 1680 399 1717 sed
405 1679 589 1729 tespetstum
599 1678 712 1714 haberi
723 1679 848 1729 politiae
855 1684 893 1715 &
902 1682 1041 1723 ordinis,
1052 1695 1124 1724 non
1134 1685 1234 1718 dierfi.
1243 1689 1354 1733 Atque
1363 1689 1396 1721 id
1406 1690 1450 1722 est
1459 1692 1551 1737 quod
1561 1693 1726 1727 continuo
1737 1692 1919 1743 subiungit.

131 1745 172 1780 ¹7
218 1727 680 1781 Qaefimtvmbrafuturorum.)
730 1728 808 1763 Ideo
818 1729 1024 1765 Christianos
1037 1731 1077 1766 ab
1086 1731 1152 1766 illis
1162 1731 1326 1770 seruandis
1337 1734 1465 1778 liberat,
1479 1741 1558 1785 quia
1568 1740 1689 1776 vmbrae
1699 1741 1833 1783 fuerint,
1849 1757 1919 1779 ouo

82 1793 152 1817 tem
179 1792 236 1816 ore
256 1779 406 1814 Christus
413 1777 520 1812 adhuc
529 1777 782 1824 quodammodo
800 1776 912 1812 absens
923 1791 998 1812 erat.
1008 1780 1098 1815 Nam
1112 1780 1243 1816 vmbras
1254 1783 1400 1833 opponit
1411 1787 1609 1823 reuelationi
1622 1802 1630 1823 t
1649 1789 1827 1826 absentiam
1837 1780 1918 1827 verb

81 1794 294 1866 exhibitioni.
305 1828 378 1873 Qi
388 1838 467 1873 ergo
477 1825 609 1860 vmbras
619 1824 690 1859 illas
700 1825 808 1860 adhuc
818 1824 991 1865 scetantur,
997 1829 1133 1875 perinde
1139 1826 1268 1866 faciunt
1277 1840 1314 1870 ac
1323 1831 1346 1866 fi
1357 1836 1431 1880 quis
1441 1834 1591 1871 hominis
1601 1836 1744 1873 formam
1756 1853 1793 1874 ex
1801 1840 1919 1876 vmbra

81 1877 309 1914 consideraret,
319 1888 424 1923 quum
435 1874 532 1909 illum
543 1873 676 1909 haberet
687 1874 800 1908 coram
812 1876 847 1909 in
858 1873 1047 1923 conspeetu.
1056 1877 1146 1912 Nam
1157 1879 1308 1915 Christus
1319 1883 1383 1915 iam
1396 1884 1578 1930 patefastus
1589 1887 1632 1920 est
1643 1887 1754 1929 nobis,
1765 1887 1918 1936 adeoque

80 1926 142 1963 illo
153 1937 312 1973 tanquam
322 1922 475 1972 praesente
485 1922 637 1957 fruimur.
662 1919 775 1970 Corpus
785 1945 796 1960 ‚
809 1925 931 1969 inquit,
949 1924 987 1966 es}
998 1924 1115 1965 Christi:
1129 1926 1195 1961 hoc
1206 1928 1250 1961 est
1258 1952 1267 1966 ,
1286 1931 1321 1963 in
1332 1930 1477 1965 Christo.
1495 1933 1585 1967 Nam
1596 1930 1772 1970 substantia
1782 1937 1916 1973 illarum

76 1986 200 2012 rerum,
211 1985 291 2021 quas
300 1973 504 2007 caeremoniae
519 1969 604 2005 olim
614 1969 800 2017 figurabant
808 1997 818 2011 ,
831 1972 930 2006 nobis
939 1972 1082 2020 exposita
1093 1975 1136 2008 est
1145 1987 1222 2008 ante
1231 1976 1349 2011 oculos
1361 1981 1396 2012 in
1409 1980 1542 2014 Christo
1552 2006 1562 2021 ,
1584 1985 1662 2028 quia
1672 1986 1707 2017 in
1720 1983 1750 2019 se
1761 1988 1915 2020 continet

77 2022 239 2070 quicquid
248 2020 311 2056 illae
342 2019 490 2054 fututum
501 2017 722 2066 designabant.
733 2021 818 2067 Ergo
829 2031 885 2053 aut
895 2021 1019 2055 Christi
1029 2022 1331 2059 manifestationem
1342 2025 1454 2061 obruit
1464 2052 1472 2066 ,
1484 2040 1540 2063 aur
1551 2030 1721 2065 Christum
1732 2029 1850 2081 spoliat
1859 2031 1915 2069 sna

77 2074 199 2106 virtute
211 2093 220 2108 ‚
235 2073 269 2104 δέ
281 2067 369 2115 quasi
379 2070 512 2102 inanem
523 2068 627 2114 redd-it
636 2091 646 2105 ,
665 2069 723 2113 qui
734 2071 944 2102 caeremonias
954 2081 1088 2104 reuocat
1097 2074 1134 2104 in
1144 2070 1248 2107 vsum.
1268 2073 1345 2107 ldeo
1355 2073 1377 2108 fi
1387 2076 1561 2123 quisquam
1582 2081 1775 2116 mortalium
1794 2083 1916 2117 iudicis

78 2117 231 2155 officium
243 2121 278 2152 in
289 2117 350 2151 hac
362 2127 453 2163 parte
463 2115 521 2150 fibi
531 2114 672 2163 vsurpet,
686 2128 727 2149 ne
737 2113 968 2162 obsequamur:
979 2130 1085 2164 quum
1096 2118 1247 2155 Christus
1257 2119 1428 2168 legitimus
1447 2127 1543 2160 iudex
1555 2139 1616 2161 nos
1644 2127 1802 2163 absoluat.
1821 2131 1914 2166 Nam

77 2179 184 2214 quum
193 2167 285 2206 dicit,
296 2165 409 2199 Nemo
420 2176 479 2198 vos
492 2165 630 2198 iudicet:
651 2176 722 2198 non
732 2162 915 2210 alloquitur
923 2163 1216 2214 pseudoapostolos
1227 2182 1234 2202 ε
1244 2168 1294 2203 sed
1304 2171 1458 2218 prohibet
1473 2187 1514 2208 ne
1526 2174 1731 2211 Coloffenses
1742 2177 1869 2212 collum
1882 2183 1912 2213 i-

77 2217 183 2262 niquo
199 2216 281 2262 iugo
293 2211 498 2247 submittant.
523 2213 582 2246 Per
593 2210 622 2245 se
633 2212 769 2258 quidem
781 2211 939 2247 abstinete
949 2213 967 2247 ὲ,
978 2226 1074 2249 carne
1084 2214 1280 2254 suissamihil
1291 2231 1391 2253 nocet
1404 2234 1411 2253 2
1423 2220 1475 2255 sed
1489 2223 1672 2272 perniciosa
1682 2226 1725 2259 est
1737 2226 1915 2273 obligatio,

77 2266 157 2310 quia
176 2262 299 2298 Christi
309 2263 447 2308 gratiam
466 2271 613 2294 euacuat.
637 2262 670 2294 Si
682 2261 756 2307 quis
769 2262 951 2309 interroget
959 2286 968 2300 ‚
988 2263 1083 2309 Qid
1093 2266 1196 2314 igitur
1207 2263 1417 2303 sentiendum
1431 2271 1471 2304 de
1481 2272 1600 2306 nostris
1611 2275 1829 2310 §aeramentis
1844 2283 1853 2308 ?
1868 2289 1913 2312 an

76 2323 149 2346 non
166 2312 266 2345 etiam
276 2308 442 2345 absentem
455 2308 626 2343 Christum
645 2306 799 2356 figurant.
810 2308 1014 2357 Respondeo
1023 2334 1034 2349 ‚
1051 2311 1151 2360 longe
1163 2314 1180 2348 ὲ
1190 2319 1396 2350 caeremoniis
1406 2319 1568 2354 veteribus
1580 2319 1718 2357 differre.
1739 2325 1914 2369 Qiemad-

75 2359 217 2394 modum
229 2360 319 2392 enim
330 2359 472 2406 piQores
481 2369 552 2392 non
561 2358 752 2404 exprimunt
761 2359 874 2404 primo
883 2357 986 2393 dueta
1009 2362 1192 2410 imaginem
1204 2365 1290 2398 viuis
1301 2364 1471 2401 coloribus
1484 2371 1517 2402 δι
1529 2368 1697 2407 αἐοηὶεὶὅς,
1707 2369 1758 2405 sed
1767 2373 1863 2406 rudes
1875 2377 1914 2408 δε

73 2407 227 2443 obscuras
238 2404 340 2441 lineas
351 2405 496 2454 primum
508 2418 545 2440 ex
556 2405 699 2440 carbone
709 2405 846 2440 ducunt:
857 2408 902 2440 ita
912 2405 970 2440 sub
981 2408 1069 2456 Lege
1080 2408 1284 2458 impolitam,
1297 2416 1330 2448 ὃς
1342 2414 1430 2460 quafi
1442 2419 1557 2463 prima:
1568 2431 1685 2453 manus
1698 2418 1789 2454 fuiss'e
1799 2433 1911 2468 repre-

72 2453 293 2491 sentationem
303 2453 476 2489 Christian
485 2454 603 2490 nostris
612 2453 692 2489 vero
703 2455 920 2489 sacramentis
928 2455 967 2489 ad
976 2458 1094 2492 viuum
1105 2458 1279 2508 exprelsam
1291 2460 1448 2512 conspici.
1460 2466 1666 2512 anuam
1679 2466 1813 2516 longius
1823 2470 1910 2504 Pau-

71 2503 125 2540 lus
138 2501 285 2552 respexit:
299 2504 446 2550 opponit
456 2503 547 2537 enim
556 2503 685 2538 nudum
696 2501 820 2537 vmbrae
828 2502 996 2551 aspet‘ltum
1007 2509 1156 2555 eorporis
1168 2505 1336 2543 soliditati:
1348 2522 1385 2544 ac
1393 2512 1487 2545 deliri
1498 2514 1651 2552 hominis
1662 2513 1722 2550 effe
1734 2517 1907 2558 admonet,

69 2554 185 2588 inanes
193 2550 326 2586 vmbras
335 2548 543 2598 prehensam,
561 2563 668 2597 quum
677 2549 773 2586 liceat
785 2551 939 2587 manibus
950 2555 1086 2590 transtare
1097 2555 1238 2590 solidum
1248 2569 1380 2605 corpus.
1397 2561 1500 2594 Porro
1513 2563 1621 2597 nostra
1633 2565 1842 2600 Sacramenta
1862 2569 1910 2600 ita

71 2600 242 2636 Christum
251 2597 382 2647 aspediu
393 2602 427 2633 &
437 2597 505 2634 loci
514 2599 666 2633 distantia
675 2597 840 2634 absentem
855 2598 1009 2647 figurant,
1019 2613 1054 2636 vt
1062 2601 1162 2639 semel
1177 2605 1363 2640 exhibitum
1374 2606 1465 2649 fuiss‘e
1476 2611 1632 2646 testentur
1640 2635 1649 2649 ,
1671 2616 1705 2647 δε
1716 2623 1807 2648 nunc
1819 2627 1907 2661 quo-

24 2684 27 2687 Δ
70 2647 283 2696 queoffetant
292 2647 480 2682 fruendum.
490 2648 574 2682 Non
585 2647 661 2682 sunt
670 2649 771 2695 igitur
780 2648 875 2682 nudae
885 2648 1024 2684 vmbrae:
1040 2648 1091 2685 sed
1102 2654 1216 2700 potius
1229 2653 1403 2700 praesentiae
1414 2657 1537 2692 Christi
1549 2657 1706 2705 symbola.
1729 2665 1907 2698 continent

72 2698 163 2732 enim
172 2694 255 2732 illud
266 2698 373 2730 Etiam
383 2698 418 2730 δι
429 2707 520 2729 amen
528 2698 686 2730 omnium
700 2694 956 2743 promiffionum
967 2699 1141 2746 Dei‚quod
1152 2703 1187 2735 in
1198 2703 1332 2737 Christo
1342 2705 1385 2737 est
1395 2702 1494 2739 semel
1502 2707 1714 2754 patefastum.

118 2745 152 2780 18
200 2744 242 2779 N
243 2757 259 2779 e
269 2746 339 2791 quis
343 2745 506 2793 palmam..)
555 2742 684 2778 Alludit
692 2745 731 2778 ad
739 2742 884 2779 cursores
893 2745 944 2780 vel
953 2746 1102 2785 athletas,
1113 2749 1235 2795 quibus
1246 2751 1308 2785 hac
1319 2753 1516 2788 conditione
1527 2756 1684 2792 destinata
1695 2759 1739 2792 est
1747 2757 1869 2807 palma,
1881 2759 1905 2794 si

71 2804 144 2828 non
153 2790 306 2827 deficiant
316 2794 352 2826 in
364 2791 474 2826 medio
487 2791 600 2829 stadio,
611 2790 664 2825 vel
675 2792 749 2839 post
759 2792 953 2828 inchoatum
965 2807 1140 2831 certarnen.
1166 2798 1337 2834 Admonet
1348 2803 1450 2848 igitur
1459 2802 1752 2852 pseudoapostolos
1771 2808 1856 2842 nihil
1868 2822 1904 2842 a-

70 2839 143 2875 liud
152 2839 274 2881 moliri,
291 2838 353 2876 nifi
366 2851 401 2875 vt
411 2839 557 2887 palmam
569 2838 644 2887 ipsis
654 2842 876 2889 intercipiant:
885 2845 963 2889 quia
972 2843 1141 2879 abducunt
1154 2858 1209 2880 eos
1219 2848 1236 2880 a
1245 2850 1444 2884 rectitudine
1453 2850 1564 2887 cursus
1577 2851 1635 2888 suf.
1649 2856 1732 2889 vnde
1743 2854 1901 2901 sequitur,

71 2900 144 2924 non
154 2886 242 2924 secus
249 2901 286 2924 ac
296 2886 533 2923 noxiosiffimas
543 2889 656 2936 pestes,
678 2888 737 2923 else
747 2888 934 2937 fugiendos.
945 2892 1088 2926 Etlocus
1100 2894 1143 2929 est
1153 2893 1329 2942 diligenter
1337 2899 1519 2934 notandus:
1536 2914 1591 2935 eos
1603 2915 1720 2937 omnes
1732 2907 1788 2950 qui
1798 2905 1814 2937 a
1825 2903 1903 2937 sim-

72 2935 220 2983 plicitate
229 2936 352 2972 Christi
362 2950 424 2971 nos
434 2936 603 2972 abducunt
612 2960 622 2974 ,
644 2936 796 2972 brabium
807 2937 951 2986 lhpernae
962 2943 1149 2975 vocationis
1164 2942 1262 2978 nobis
1273 2942 1494 2982 interuertere.
1543 2952 1577 2983 V
1580 2951 1663 2983 olens
1672 2956 1705 2984 τὰ]
1716 2951 1899 2986 humilitate.

70 2984 338 3020 Subaudiendum
350 2986 393 3019 est
403 2984 538 3032 aliquid.
552 2985 626 3019 ideo
638 2988 674 3020 in
684 2996 774 3020 textu
784 2985 916 3025 inserui,
925 2987 1074 3032 idflzcere.
1101 2990 1190 3031 Nam
1202 2991 1340 3038 periculi
1348 3006 1452 3041 genus
1463 2997 1585 3032 indicat
1596 3021 1605 3033 ,
1622 3000 1712 3032 mod
1722 2991 1835 3033 cauere
1845 3001 1902 3034 de-

69 3031 203 3070 bebant,
212 3031 272 3067 acfi
280 3033 411 3074 diceret,
419 3034 578 3068 Fraudare
586 3044 647 3068 vos
658 3033 769 3081 palma
777 3034 899 3069 volunt
908 3059 917 3073 ‚
927 3039 1121 3084 quicunque
1130 3036 1189 3073 sub
1200 3040 1402 3077 humilitatis
1414 3056 1570 3081 praetextu
1579 3069 1589 3083 ,
1608 3035 1814 3093 Angelorum
1828 3048 1902 3082 cul-

67 3091 144 3115 tum
155 3079 252 3115 vobis
261 3082 506 3116 commendant.
520 3083 659 3117 Faciunt
668 3085 759 3116 enim
768 3093 802 3116 vt
811 3083 928 3118 relicto
939 3087 1040 3119 vnico
1050 3084 1104 3120 sco
1130 3099 1163 3125 o,
1180 3099 1266 3123 extra
1275 3092 1363 3125 viam
1375 3082 1496 3127 exiens.
1546 3095 1766 3126 Humilitatem
1789 3100 1827 3135 (ῤ’
1837 3097 1902 3129 cul-

63 3140 133 3163 tum
142 3130 350 3176 eAngelorum
360 3132 570 3165 coniunstim
581 3129 668 3177 lego.
681 3143 759 3165 nam
769 3129 860 3173 illam
871 3131 927 3166 hic
939 3099 1210 3180 consequebatur.
1235 3139 1531 3185 Qemadmodum
1541 3142 1643 3175 hodie
1652 3143 1784 3189 Papistae
1794 3170 1802 3183 ,
1819 3144 1902 3179 dum

67 3175 348 3225 philosophantur
359 3177 398 3211 de
410 3175 598 3213 sanatorum
609 3178 717 3216 cultu,
725 3179 812 3212 idem
823 3181 1043 3227 praetendunt.
1054 3183 1144 3218 Nam
1155 3197 1193 3220 ex
1202 3186 1389 3222 deiectione
1400 3188 1547 3222 hominis
1559 3192 1902 3239 ratiocinantur‚quae-

66 3226 188 3260 xendos
198 3228 300 3273 igitur
309 3222 369 3259 effe
379 3226 586 3268 mediatores,
593 3229 653 3274 qui
662 3227 761 3262 nobis
771 3226 977 3263 subueniant.
987 3233 1095 3277 Atqui
1105 3233 1180 3268 ideo
1189 3232 1220 3269 se
1229 3234 1421 3269 humiliauit
1433 3236 1593 3274 Christus,
1610 3248 1644 3271 vt
1653 3239 1740 3273 resta
1750 3252 1812 3277 nos
1823 3243 1862 3275 ad
1872 3244 1902 3275 i-

67 3271 162 3321 psum
171 3272 393 3312 conferamus,
404 3274 588 3319 quamlibet
598 3273 706 3310 miseri
716 3273 814 3310 simus
825 3288 1022 3324 peccatores.
1035 3280 1111 3315 Scio
1121 3280 1251 3317 cultum
1263 3282 1472 3330 Angelorum
1485 3283 1578 3318 aliter
1601 3289 1723 3332 exponi
1733 3288 1751 3321 ὲ
1771 3288 1901 3325 multis.-

66 3335 189 3372 nempe
197 3335 260 3371 pto
271 3335 311 3357 eo
320 3333 421 3368 quem
430 3321 626 3358 hominibus
636 3321 769 3371 fingunt
780 3324 820 3359 ab
828 3324 967 3374 Angelis
976 3328 1145 3364 traditum.
1156 3328 1282 3378 semper
1291 3333 1383 3364 enim
1394 3331 1459 3364 hoc
1472 3331 1572 3366 titulo
1584 3333 1736 3368 diabolus
1747 3337 1900 3372 vendita-

69 3372 118 3406 uit
125 3367 195 3408 suas
204 3370 414 3423 imposturas:
428 3369 540 3421 {dedic
547 3371 634 3421 Papa
641 3384 746 3422 nugas
755 3385 874 3424 omncs
886 3373 1009 3425 quibus
1017 3376 1214 3429 adulterauit
1224 3390 1348 3426 purum
1355 3379 1421 3414 Dei
1429 3378 1559 3415 cultum
1568 3404 1580 3423 ‚
1591 3383 1691 3418 iactat
1709 3382 1768 3418 effe
1776 3385 1903 3433 reuelag
