2268 3705
544 106 650 155 AD
698 102 1111 155 HEBRAEOS
1161 107 1518 160 Cim-1111-
1883 127 1944 169 57»

108 180 266 230 fignificat
280 193 335 229 per
347 191 483 216 manum
493 178 606 217 Molis:
619 181 697 228 quia
706 179 770 215 fuit
780 180 928 226 minister
950 179 1167 220 liberationis.
1180 179 1234 213 Est
1242 190 1354 214 autem
1367 184 1465 216 tacita
1474 186 1683 230 comparatio
1693 187 1762 223 eius
1775 188 1932 228 beneficii

28 231 29 253 ¹
105 230 196 278 quod
207 229 271 263 illis
283 231 371 263 Deus
383 226 569 262 contulerat
581 240 636 273 per
651 226 782 269 Mosen,
799 233 832 262 &
845 230 1110 276 participationis
1121 228 1245 265 Christi
1255 231 1348 263 cuius
1359 231 1449 276 prius
1463 234 1628 266 meminit.

7 267 28 351 ,ί
153 289 189 322 ¹7
238 275 362 327 ans
371 286 473 309 autem
482 275 639 321 irtftnfhs.)
690 275 861 324 Significat
872 280 1180 322 nunquairuiratum
1190 274 1282 311 fuisse
1293 277 1407 311 Deum
1421 278 1553 326 populo
1567 277 1626 314 suo
1639 280 1697 315 nisi
1711 284 1803 320 iustis
1816 286 1854 321 de
1869 300 1930 325 cau

103 325 152 361 fis:
165 324 448 372 quemadmodum
461 326 494 357 &
505 322 625 358 Paulus
636 336 753 359 monet
763 327 881 372 prioris
891 325 931 358 ad
944 325 1144 359 Corinthios
1154 347 1164 362 ‚
1179 336 1248 373 cap.
1260 336 1307 358 10.
1322 338 1349 359 a.
1361 337 1388 370 5.
1403 329 1434 360 6.
1449 327 1538 373 Ergo
1548 340 1631 374 quot
1645 330 1708 364 Dei
1719 334 1929 371 animaduer-

99 373 206 409 siones
214 373 369 419 leguntur
385 373 419 406 iu
432 370 600 419 populum
613 383 768 410 veterem,
781 383 832 407 tot
842 375 1042 420 reperiemus
1052 370 1239 420 grauissima
1249 384 1380 420 peccata
1393 387 1464 420 quae
1476 376 1540 409 Dei
1552 378 1735 412 vindi&am
1762 392 1930 427 prouoca-

101 432 232 456 uerunt.
244 423 448 466 Qanquam
460 419 526 453 huc
539 419 743 456 redeundum
754 421 798 455 est
807 423 933 472 semper
945 447 955 461 ‚
986 421 1252 456 incredulitatem
1265 421 1432 458 malorum
1454 426 1610 458 omnium
1621 424 1682 460 eise
1690 421 1770 474 capu
1777 440 1798 462 t.
1838 431 1928 468 Nam

20 478 33 502 τ.
100 471 242 522 quanuis
251 468 336 503 hanc
346 467 504 517 posterius
515 467 851 516 recenstat‚in-telligit
862 481 972 503 tamen
984 472 1126 515 primam
1137 468 1229 505 fuisse
1244 470 1489 510 maledictionis
1507 471 1646 507 causam.
1662 476 1701 508 Et
1713 477 1799 511 certe
1810 491 1846 512 cx
1857 491 1929 525 quo

18 499 22 550 l
101 517 198 553 lemel
209 515 343 551 fuerunt
355 514 527 553 increduli,
538 528 608 550 non
619 518 811 552 destiterunt
821 516 910 551 aliud
921 530 959 551 ex
969 518 1037 553 alio
1046 529 1191 566 peccare,
1205 520 1295 552 &ita
1305 531 1394 553 noua
1431 518 1567 556 subinde
1577 519 1707 569 flagella
1721 522 1777 558 fibi
1789 526 1929 562 accerse-

17 551 21 603 l
99 578 142 600 re.
153 565 256 600 Iidem
269 576 347 611 crgo
359 563 409 598 illi
419 565 478 611 qui
490 575 546 611 pet
556 562 775 600 diffidentiam
786 564 974 613 respuerant
984 566 1131 601 oblatam
1143 564 1200 600 sibi
1212 576 1301 599 tetra:
1312 565 1541 613 paffeffionem
1553 592 1562 606 ,
1584 582 1675 606 nunc
1685 573 1927 620 concupiscen-

7 608 19 637 ¹'
98 614 155 650 do,
169 625 261 648 nunc
271 612 524 650 murmurando,
536 624 626 647 nunc
637 612 821 651 scortando,
831 625 921 648 nunc
932 613 1079 661 profanis
1101 612 1385 661 superstitionibus
1401 613 1431 648 se
1440 616 1627 664 polluendo
1637 642 1646 658 ‚
1676 625 1928 659 contumaciam

13 662 17 702 l
98 661 189 697 suam
200 661 389 709 prosequuti
400 659 473 697 sunt
482 682 491 697 ‚
514 660 583 705 qub
596 664 700 708 magis
712 662 822 697 testata
833 661 906 696 effer
918 675 1035 697 eorum
1071 664 1225 708 prauitaS.
1246 660 1304 699 Illa
1316 665 1418 709 igitur
1427 665 1637 702 incredulitas
1650 679 1750 716 quam
1762 668 1803 703 ab
1825 672 1927 709 initio

0 558 10 746 l

0 738 5 777 l

98 710 328 759 prodiderunt,
341 708 410 744 illis
421 707 548 743 obstitit
559 712 743 754 quominus
754 709 938 747 fruerentur
950 711 1017 744 Dei
1026 708 1209 746 beneficio:
1223 711 1302 762 quia
1315 710 1418 745 Verbi
1429 723 1645 761 contemptus
1659 728 1714 750 eos
1726 717 1764 751 ad
1785 728 1928 765 peccan-

97 761 179 796 dum
193 757 317 805 semper
326 758 491 792 incitauit.
522 756 570 790 Ac
582 755 664 793 ficut
674 756 901 793 incredulitate
910 759 1055 806 primum
1067 756 1121 793 sua
1131 756 1326 793 mersti2'sunt
1344 769 1379 794 vt
1388 762 1501 807 requie
1512 760 1667 807 promissa
1686 765 1778 802 Deus
1790 779 1846 802 cos
1857 769 1928 816 pri-

97 818 199 844 uatet:
210 808 254 840 ita
265 806 427 852 quicquid
437 804 547 853 postea
557 816 746 852 peccarunt,
757 818 794 840 ex
807 807 926 841 eodem
940 805 1034 842 fonte
1048 808 1207 842 manauit.
1232 807 1335 841 Portb
1349 809 1504 854 quaeritur
1516 820 1556 843 an
1569 809 1678 846 Moses
1693 816 1726 847 δέ
1739 815 1853 850 Aaron
1862 838 1871 853 ‚
1887 823 1926 852 att

96 854 274 899 similes,in
284 853 353 888 hoc
361 865 499 889 numero
509 853 844 901 comprehendantur.
857 852 1059 902 Respondeo
1070 881 1080 896 ,
1114 854 1314 903 Apostolum
1323 853 1525 892 devniuerso
1537 860 1643 905 magis
1652 871 1797 909 ¹corpore
1821 864 1925 910 quam

96 905 135 939 de
157 901 291 949 singulis
305 901 462 936 membris
472 900 578 947 loqui.
590 903 729 936 Certum
741 903 784 936 est
795 902 984 950 complures
994 901 1086 938 fuiffe
1097 905 1172 951 pios
1193 905 1250 949 qui
1264 903 1316 937 vel
1326 906 1504 939 communi
1514 907 1685 953 impietate
1698 920 1769 947 non
1789 910 1924 949 fuerunt

91 951 272 999 impliciti,
284 948 336 984 vel
349 962 425 984 mox
435 948 648 997 resipuerunt.
666 949 767 984 Mosis
779 952 914 997 quidem
926 950 1025 986 semel
1036 951 1164 987 tanturn
1174 950 1328 986 concussa
1340 951 1404 989 fuit
1414 951 1509 994 fides,
1527 952 1626 1001 idque
1637 956 1678 990 ad
1698 969 1923 997 momentum.

91 1004 206 1048 Qare
217 1001 251 1034 in
261 997 366 1033 verbis
379 997 528 1046 Apostoli
539 998 582 1032 est
591 996 806 1044 synecdoche,
815 1002 910 1040 euius
920 999 994 1034 satis
1002 999 1156 1048 frequens
1167 1000 1210 1034 cst
1220 998 1294 1034 vsus
1307 1003 1439 1051 quoties
1449 1001 1488 1036 de
1499 1000 1611 1055 aliqua
1623 1002 1840 1043 multitudine
1865 1019 1923 1044 aut

85 1059 232 1099 corpote
240 1046 360 1097 populi
369 1047 507 1085 habetur
518 1042 635 1084 sermo.
951 1051 955 1054 ”
1069 1049 1073 1052 “

204 1175 207 1177 ,
268 1171 270 1174 .
916 1147 947 1181 C
963 1147 994 1180 A
1010 1147 1033 1180 P
1052 1148 1082 1180 V
1099 1148 1131 1181 T
1178 1149 1218 1181 ΙΙ
1232 1148 1286 1181 ΙΙ.

87 1214 359 1323 Tlme‘amus
370 1231 444 1274 ergo
461 1231 505 1257 ne
515 1217 894 1275 derelid'i'apremissione
906 1219 1104 1259 introeundi
1113 1223 1153 1259 in
1165 1222 1316 1275 requiem
1326 1223 1413 1270 eius,
1425 1223 1589 1265 videatur
1594 1220 1762 1280 quispiam
1770 1222 1919 1276 nfflrum

161 1333 165 1337 ι
188 1273 444 1332 effefrtstratus.

141 1346 167 1374 2-
223 1330 341 1381 Nobis
349 1333 442 1369 enim
451 1333 658 1370 annuntiata
668 1335 720 1372 eft
736 1331 903 1388 promissco
916 1332 1206 1387 quemadmodum
1217 1332 1257 1380 ἀ·
1268 1333 1350 1373 illis.
1378 1345 1418 1374 at
1423 1333 1496 1374 illis
1504 1331 1842 1393 nihilprofhitsermo
1853 1351 1918 1381 aaa

86 1387 194 1435 ditus,
203 1391 287 1443 quia
294 1387 443 1442 nonfuit
450 1400 524 1425 cum
524 1386 604 1440 fide
613 1390 812 1432 coniunc‘t‘us
820 1393 859 1427 in
869 1389 914 1426 iis
922 1392 982 1443 qui
993 1388 1184 1429 audierant.

133 1478 148 1501 1
197 1469 380 1509 Timeamus
389 1469 478 1515 ergo.)
528 1466 712 1503 Concludit
723 1468 909 1502 timendum
920 1467 980 1503 efle
990 1482 1031 1503 ne
1045 1471 1218 1516 priuentur
1230 1470 1327 1510 Iudaei
1337 1470 1375 1505 ad
1392 1483 1477 1517 quos
1490 1468 1613 1510 scribit,
1627 1470 1863 1508 bencdictione
1874 1472 1915 1509 fi—

84 1508 123 1551 bi
135 1515 257 1551 oblata.
267 1518 306 1550 Et
317 1518 438 1551 iterum
448 1517 540 1553 dicit,
550 1516 604 1551 Nc
617 1519 704 1567 quis,
719 1515 904 1566 significans
916 1515 1048 1552 fibihoc
1060 1517 1119 1551 effe
1129 1519 1165 1552 in
1175 1521 1291 1553 animo
1309 1545 1319 1560 ‚
1331 1531 1364 1553 vt
1377 1532 1495 1554 omnes
1509 1519 1548 1553 ad
1560 1532 1663 1556 vnum
1675 1522 1749 1554 Deo
1762 1522 1913 1557 adducat.

84 1565 370 1615 quemadmodum
380 1563 463 1599 boni
474 1564 610 1612 pastoris
621 1563 772 1599 officium
783 1565 826 1599 est
836 1588 847 1603 ,
881 1575 990 1599 totum
1001 1578 1135 1612 gregem
1151 1568 1297 1601 curando
1315 1570 1360 1606 ita
1370 1570 1539 1602 intentum
1553 1565 1613 1602 else
1625 1568 1762 1617 lingulis
1779 1569 1913 1609 ouibus,

84 1626 196 1662 nequa
206 1615 351 1648 omnino
361 1623 487 1661 pereat:
500 1612 571 1646 imb
585 1611 626 1646 fic
635 1626 698 1649 nos
708 1625 844 1660 quoque
852 1612 907 1647 alii
918 1626 992 1661 erga
1001 1614 1084 1648 alios
1096 1612 1235 1651 viciffim
1246 1613 1355 1650 affecti
1367 1614 1426 1651 effe
1437 1615 1595 1651 debemus
1607 1643 1617 1657 ‚
1637 1628 1672 1652 vt
1682 1615 1824 1664 'quisque
1834 1630 1914 1665 pro-

79 1662 184 1700 ximis
193 1662 329 1710 perinde
340 1661 378 1696 ac
390 1660 447 1695 fibi
458 1662 581 1694 timeat.
600 1661 766 1696 Caeterum
777 1661 832 1696 hic
842 1661 941 1697 nobis
970 1664 1226 1699 commendatur
1236 1667 1359 1709 timot,
1373 1676 1443 1699 non
1455 1667 1513 1710 qui
1524 1662 1598 1699 fidei
1610 1666 1843 1709 certitudinem
1857 1679 1913 1711 ex-

81 1712 200 1750 cutiat,
212 1709 265 1747 sed
274 1721 400 1744 tantam
411 1710 550 1744 incutiat
559 1707 804 1747 solicitudinem
815 1724 856 1745 ne
884 1709 986 1744 secuti
998 1721 1201 1758 torpeamus.
1220 1713 1440 1751 Metuendum
1453 1724 1533 1759 ergo
1550 1734 1561 1749 2.
1579 1726 1650 1752 non
1661 1712 1738 1761 quia
1749 1716 1911 1761 trepidare

80 1771 138 1795 aut
149 1757 295 1794 diffidere
303 1770 366 1792 nos
377 1767 529 1806 oporteat
539 1756 627 1804 quasi
637 1760 782 1797 incertos
794 1758 833 1793 de
842 1760 943 1803 exitu.
972 1757 1076 1799 sedne
1086 1760 1150 1793 Dei
1161 1761 1271 1809 gratiae
1281 1754 1434 1797 desimus.
1452 1760 1572 1807 Qum
1582 1761 1664 1796 dic'it
1677 1788 1687 1803 ‚
1697 1763 1738 1795 N
1739 1774 1754 1795 e
1768 1761 1912 1805 destitua-

78 1805 148 1843 'mur
156 1807 260 1841 rebbla
267 1807 464 1856 promissione,
479 1803 639 1852 significat
650 1809 820 1844 nemiuem
838 1807 969 1841 destitui
983 1805 1043 1841 nisi
1054 1809 1113 1855 qui
1123 1809 1261 1854 gratiam
1274 1806 1460 1855 respuendo
1471 1838 1482 1852 ,
1503 1810 1596 1856 prior
1608 1807 1637 1843 se
1648 1810 1667 1844 ὲ
1715 1809 1912 1848 romiffione

77 1855 289 1895 abdicauerit.
300 1855 393 1889 Adeb
406 1857 497 1889 enim
507 1857 525 1891 a
533 1856 732 1902 poenitentia
743 1853 969 1890 benefaciendi
977 1853 1064 1888 abest
1073 1856 1216 1897 Deus,vt
1225 1853 1280 1890 sua
1289 1857 1378 1891 dona
1387 1859 1602 1891 continenter
1611 1822 1838 1907 p'rbstkss‘quatm,
1851 1859 1910 1894 nili

76 1916 186 1953 quum
197 1906 266 1938 eius
276 1904 489 1946 vocationem
501 1904 762 1937 contemnimus.
782 1901 914 1936 lllatiua
923 1902 1083 1950 particula
1095 1901 1254 1951 fignificat
1280 1930 1290 1947 ‚
1299 1904 1442 1940 aliorum
1455 1903 1546 1953 lapsu
1559 1919 1621 1950 iios
1633 1907 1672 1940 ad
1682 1906 1908 1947 humilitatem

79 1956 115 1993 ἃ
125 1951 336 2000 vigilantiam
348 1952 479 1985 erudiri.
497 1950 780 1997 quemadmodum
793 1955 826 1985 &
837 1950 958 1989 Paulus
970 1950 1120 1998 loquitur
1131 1975 1142 1991 ,
1152 1953 1205 1986 Isti
1217 1963 1274 2001 pei·
1284 1953 1551 1991 incredulitatem
1562 1966 1773 1994 corruerunt:
1807 1967 1842 1992 tu
1855 1969 1907 1991 er-

75 2013 123 2054 go
133 1999 206 2036 noli
216 1999 391 2049 superbire,
403 2000 455 2034 sed
466 2001 558 2033 time.

125 2059 143 2082 2
195 2048 299 2083 Nobis
312 2049 424 2089 enim.)
474 2047 617 2082 Eandem
631 2045 690 2081 effe
701 2048 887 2085 doctrinam
899 2047 1058 2082 admonet
1068 2059 1132 2094 qua
1141 2047 1241 2082 hodie
1252 2061 1313 2087 nos
1325 2048 1364 2082 ad
1375 2047 1406 2082 se
1420 2050 1510 2084 Deus
1523 2052 1692 2090 inuitat‚&
1706 2063 1806 2100 quam
1817 2051 1903 2094 olim

71 2096 223 2133 Patribus
240 2097 427 2135 destinauit.
453 2096 624 2142 Qorsum
637 2095 703 2130 hoc
713 2096 833 2130 dicitur
844 2102 853 2128 Ξ
865 2106 898 2129 vt
910 2093 1048 2134 sciamus
1059 2095 1169 2132 nihilo
1185 2096 1259 2145 plus
1275 2096 1373 2132 nobis
1383 2097 1592 2146 profuturam
1602 2101 1666 2134 Dei
1684 2103 1901 2136 vocationem

73 2146 175 2193 quarn
188 2145 253 2180 illis
264 2143 401 2192 profuit,
415 2143 476 2182 nisi
487 2156 557 2178 earn
572 2142 635 2178 fide
647 2155 748 2182 ratam
760 2143 928 2183 faciamus.
942 2144 992 2179 Est
1005 2146 1106 2191 igitur
1120 2144 1185 2180 hoc
1201 2158 1259 2194 per
1268 2146 1407 2180 modum
1420 2145 1640 2183 conceffionis
1652 2149 1813 2187 additum,
1823 2150 1900 2185 No-

69 2192 122 2229 bis
136 2194 271 2241 quidem
282 2191 502 2239 Euangelium
514 2194 671 2240 proponi:
684 2190 735 2226 sed
747 2202 788 2232 ne
798 2191 911 2230 frustra
923 2191 1117 2238 gloriemur,
1129 2206 1208 2227 mox
1217 2196 1340 2243 excipit
1352 2194 1541 2230 incredulos
1560 2208 1644 2243 quos
1655 2208 1823 2232 tantorum
1835 2195 1900 2232 boss·

70 2254 195 2278 norum
207 2243 461 2290 participatione
472 2242 563 2275 Deus
574 2240 657 2274 olim
668 2241 822 2288 dignatus
836 2241 890 2279 est,
904 2240 1036 2274 nullum
1048 2241 1125 2275 inde
1135 2253 1246 2276 tamen
1257 2241 1403 2277 fruetum
1416 2241 1550 2278 senfiss‘e.
1573 2244 1716 2280 Proinde
1729 2259 1791 2281 nos
1809 2259 1898 2293 quo·-

71 2302 138 2342 que
150 2301 294 2338 expertes
302 2288 372 2329 fore
381 2288 640 2329 benedictionis,
653 2288 711 2322 nili
721 2287 784 2323 fide
793 2301 864 2323 eam
875 2291 1084 2336 recipiamus.
1093 2289 1172 2328 Ideo
1183 2291 1388 2325 auditionem
1399 2290 1541 2326 secundi)
1551 2296 1669 2340 repetit
1679 2317 1688 2332 ‚
1703 2304 1737 2328 vt
1747 2294 1885 2333 sciamus

71 2339 222 2372 auditum
233 2336 293 2376 esse
301 2337 457 2375 inutilem
481 2361 492 2376 ,
502 2335 627 2377 etiamsi
641 2337 786 2372 Verbum
797 2338 837 2371 ad
848 2350 910 2375 nos
921 2337 1081 2384 dirigatur
1089 2361 1099 2377 ,
1121 2338 1181 2372 nisi
1192 2337 1271 2373 fides
1281 2339 1420 2373 accedat.
1441 2339 1607 2375 Caeterum
1620 2341 1675 2376 hic
1692 2341 1896 2382 obseruanda

71 2387 117 2420 est
128 2385 243 2421 relatio
254 2389 338 2421 inter
351 2385 495 2421 Verbum
511 2390 544 2420 &
557 2384 668 2426 fidem,
678 2398 750 2432 quae
760 2385 833 2422 talis
843 2386 885 2419 est
896 2397 929 2419 vt
941 2384 1019 2420 fides
1028 2386 1046 2420 ὲ
1058 2386 1168 2421 Verbo
1179 2385 1315 2435 separari
1326 2400 1466 2434 nequeat
1478 2398 1486 2422 t
1508 2389 1655 2424 Verbum
1667 2402 1775 2426 autem
1789 2392 1806 2425 ὲ
1831 2390 1894 2433 fide

69 2432 252 2481 separatum
264 2433 349 2474 nihil
359 2433 516 2479 conferat.
543 2435 624 2469 Non
636 2434 728 2483 qubd
739 2433 838 2468 Verbi
849 2432 994 2468 efficacia
1019 2433 1145 2472 anobis
1160 2432 1309 2483 pendeat.
1331 2449 1440 2485 neque
1450 2439 1539 2471 enim
1554 2436 1575 2472 si
1587 2449 1677 2472 totus
1688 2440 1831 2474 mundus
1855 2439 1894 2475 fit
1919 2469 1943 2495 R

68 2483 221 2520 mendax,
237 2484 311 2517 ideo
322 2494 417 2519 verax
428 2483 488 2517 effe
500 2482 620 2519 definet
631 2485 688 2529 qui
710 2484 845 2517 mentiti
855 2495 925 2519 non
937 2482 1055 2530 potest.
1066 2481 1119 2517 sed
1130 2486 1198 2518 vim
1213 2483 1303 2518 suam
1318 2497 1389 2518 non
1401 2484 1495 2520 aliter
1507 2485 1630 2532 profert
1642 2487 1790 2528 Verbum
1814 2501 1890 2537 erga
1946 2476 1957 2493 ⁰
1969 2474 2053 2498 ¹³⁸⁰

66 2531 247 2577 nonquam
258 2530 314 2566 vbi
325 2529 403 2565 fides
414 2530 539 2566 aditum
549 2529 638 2566 facit.
651 2531 702 2569 Est
712 2533 803 2565 enim
817 2533 971 2578 potentia
979 2532 1043 2569 Dei
1054 2532 1089 2565 in
1099 2529 1247 2573 salutem,
1258 2532 1308 2566 sed
1319 2532 1536 2568 credentibus.
1548 2537 1588 2568 In
1601 2548 1640 2569 eo
1651 2535 1816 2571 reuelatur
1824 2538 1890 2573 Dei

66 2579 200 2620 iustitia,
213 2577 264 2613 sed
274 2592 312 2616 ex
323 2577 384 2613 fide
394 2581 428 2615 in
440 2578 550 2616 fidem,
564 2583 609 2614 lta
619 2577 655 2615 fit
668 2589 703 2613 vt
714 2578 874 2627 perpetui)
889 2577 925 2613 fit
937 2577 1051 2614 efficax
1060 2580 1208 2615 Verbum
1225 2582 1289 2615 Dei
1303 2584 1336 2615 δε
1349 2579 1484 2616 salutare
1493 2582 1701 2623 hominibus,
1721 2583 1746 2618 st
1759 2597 1797 2624 ex
1808 2583 1837 2619 se
1848 2598 1891 2620 ae-

69 2627 218 2662 {timetur
227 2640 264 2662 ac
275 2625 328 2662 sua
338 2639 464 2662 natura:
476 2626 526 2661 sed
536 2628 661 2663 fructus
673 2641 742 2663 non
753 2626 908 2662 sentiatur
919 2626 978 2661 nisi
991 2627 1009 2660 ὲ
1018 2628 1238 2669 credentibus.
1252 2630 1357 2676 Qod
1369 2631 1407 2663 ad
1418 2633 1507 2678 prius
1519 2631 1706 2667 membrum
1717 2635 1889 2673 attinetff-

65 2673 102 2710 bi
111 2675 177 2710 dixi
192 2672 320 2710 nullam
333 2675 478 2731 amplius
493 2674 552 2710 effe
565 2675 663 2710 fidem
673 2675 728 2709 vbi
739 2676 824 2710 deest
832 2675 992 2709 Verbum:
1005 2679 1039 2715 ὃς
1049 2677 1179 2723 quitale
1188 2676 1373 2712 diuortium
1385 2677 1488 2712 facere
1499 2690 1638 2714 conatur
1659 2706 1670 2722 ‚
1683 2679 1781 2715 fidem
1793 2694 1890 2729 ptor-

65 2719 118 2759 sus
129 2726 318 2772 extinguere
329 2723 540 2771 redigereque
552 2727 586 2758 in
597 2722 755 2759 nihilum:
764 2736 812 2758 res
823 2725 866 2758 est
877 2722 1049 2759 obseruatu
1061 2726 1171 2773 digna.
1198 2726 1288 2761 Nam
1300 2726 1380 2761 hinc
1390 2737 1522 2776 apparet
1532 2726 1631 2762 fidem
1645 2727 1705 2763 effi:
1715 2742 1786 2764 non
1798 2729 1888 2778 poffe

64 2769 127 2812 nifi
138 2774 173 2806 in
185 2771 262 2807 filiis
271 2774 348 2812 Dei,
361 2772 482 2818 quibus
493 2770 569 2806 solis
580 2770 714 2809 offertut
724 2773 914 2820 adoptionis
924 2770 1108 2819 promiffio.
1118 2773 1263 2818 Qualem
1275 2777 1365 2812 enirn
1377 2773 1476 2809 fidem
1487 2774 1645 2815 haberent
1655 2777 1793 2818 diaboli,
1810 2780 1887 2825 qui-

63 2817 127 2854 bus
136 2819 227 2856 nulla
237 2819 318 2855 salus
332 2824 541 2867 promittitur
553 2824 568 2853 ἒ
583 2819 714 2867 qualem
727 2823 824 2855 etiam
836 2833 954 2855 omnes
964 2823 1061 2868 impii
1072 2821 1284 2868 q'uiVetbum
1298 2825 1465 2870 ignorant?
1483 2825 1569 2872 Ergo
1583 2823 1682 2866 fidem
1693 2825 1819 2875 semper
1826 2838 1886 2877 prr}

68 2868 182 2903 cedere
190 2869 285 2904 debet
294 2870 436 2903 auditus:
453 2873 487 2902 δε
500 2869 635 2915 quidem
645 2879 680 2901 vt
691 2866 830 2903 sciamus
839 2870 949 2903 Deum
963 2867 1071 2915 loqui,
1085 2883 1155 2905 non
1171 2872 1338 2905 homines.
1684 2874 1687 2877 ⁴

120 2931 134 2965 3
197 2917 412 2973 Ingredimur
417 2922 509 2956 enim
520 2920 558 2957 in
567 2921 641 2956 etus
650 2920 802 2971 requiem
806 2918 984 2973 postquam
994 2917 1211 2959 credidimus:
1214 2918 1301 2974 ficut
1307 2919 1415 2966 dixit,
1429 2927 1547 2976 ltaque
1556 2924 1669 2962 iuraui
1680 2924 1782 2962 inira
1791 2936 1882 2970 mea,
1909 2930 2082 2972 mestun.

61 2971 90 3031 {i
98 2971 285 3014 introibunt
291 2976 331 3013 in
339 2976 491 3026 requiem
500 2987 624 3012 meam:
635 2973 768 3028 tametsi
771 2972 921 3030 operibus
934 2970 955 3011 ἆ
964 2977 1129 3014 creatione
1138 2975 1261 3016 mundi
1261 2974 1438 3031 petfie‘iis.
1639 3017 1642 3020 ,

118 3043 146 3076 4
202 3032 310 3075 Dixtt
318 3032 410 3067 enim
422 3029 544 3068 alicubi
545 3030 593 3085 fic
602 3029 681 3070 do
692 3028 930 3085 dlvfipeimo
940 3058 951 3075 ‚
978 3036 1022 3067 Et
1029 3033 1199 3084 requieuit
1211 3039 1306 3073 Deus
1313 3032 1458 3091 septimo
1467 3032 1562 3083 dig)
1572 3032 1614 3072 ab
1624 3033 1780 3075 omnibus
1802 3048 1863 3092 ope
1871 3060 1880 3067 -
1907 3055 2031 3083 ειμι.

62 3081 236 3136 'ihm-stus·-
1020 3116 1023 3130 Ι
1039 3112 1041 3114 .
1905 3093 2061 3131 Deu.5.b.14

132 3153 150 3192 5
206 3147 250 3178 Et
256 3142 294 3180 in
305 3137 367 3178 hoc
374 3140 516 3190 rursum,
531 3145 564 3181 Si
572 3139 766 3181 introibunt
774 3144 812 3180 in
822 3145 974 3196 requiem
983 3151 1107 3181 meam.

118 3205 141 3236 6
182 3195 338 3250 Qando
346 3198 449 3252 igitur
455 3197 624 3252 reliquum
632 3200 674 3247 fit
681 3208 723 3234 vt
734 3197 876 3252 quidam
885 3195 1124 3253 ingrediantur
1131 3202 1170 3242 in
1178 3196 1298 3256 ipfhm,
1311 3198 1352 3247 ὠ
1362 3196 1583 3256 quibusprt'us
1593 3200 1879 3264 exangelizatum

53 3250 139 3307 fhit,
151 3263 220 3290 non
228 3254 403 3289 intrarunt
404 3263 537 3305 propter
543 3251 814 3298 incredulitatem
824 3267 832 3288 ε

118 3322 144 3359 7
200 3306 343 3360 Rmfiam
351 3308 522 3360 quendam
528 3310 673 3364 praefim't
679 3307 770 3348 diem
783 3307 985 3350 hodiernum
994 3314 1034 3351 in
1043 3309 1168 3350 Dauid
1173 3310 1290 3351 dicens
1293 3315 1373 3366 post
1382 3320 1518 3351 tantum
1524 3316 1877 3371 temporir(quemad·

53 3363 202 3411 modum
207 3363 340 3405 elidum
351 3364 420 3412 eff)
431 3369 469 3403 H
470 3363 545 3404 odie
541 3363 577 3419 fi
581 3378 701 3408 vocem
709 3367 779 3406 eius
791 3364 986 3417 audieritis,
997 3380 1042 3412 ne
1049 3364 1222 3409 obduretis
1227 3367 1326 3413 corda
1334 3366 1454 3421 vestra:
1593 3371 1600 3379 ”

1934 1939 1982 1969 Ro.
1995 1947 2049 1972 ns.
2056 1944 2103 1974 202

1608 3399 1610 3402 -
1901 3373 2060 3417 wrm-z

1536 3424 1595 3460 Bb.
1644 3428 1707 3474 iiij.
