<?xml version="1.0" encoding="UTF-8"?>
<!DOCTYPE html PUBLIC "-//W3C//DTD XHTML 1.0 Transitional//EN"
    "http://www.w3.org/TR/xhtml1/DTD/xhtml1-transitional.dtd">
<html xmlns="http://www.w3.org/1999/xhtml" xml:lang="en" lang="en">
 <head>
  <title>
</title>
<meta http-equiv="Content-Type" content="text/html;charset=utf-8" />
  <meta name='ocr-system' content='tesseract 3.04.00' />
  <meta name='ocr-capabilities' content='ocr_page ocr_carea ocr_par ocr_line ocrx_word'/>
</head>
<body>
  <div class='ocr_page' id='page_1' title='image "./commentariiomnes00calv/commentariiomnes00calv_0385.png"; bbox 0 0 2268 3705; ppageno 0'>
   <div class='ocr_carea' id='block_1_1' title="bbox 497 53 1906 142">
    <p class='ocr_par' dir='ltr' id='par_1_1' title="bbox 497 53 1906 142">
     <span class='ocr_line' id='line_1_1' title="bbox 497 53 1906 142; baseline -0.001 -12"><span class='ocrx_word' id='word_1_1' title='bbox 497 53 1553 132; x_wconf 70' lang='lat' dir='ltr'>ADEPHEs1oscAP·1111.</span> <span class='ocrx_word' id='word_1_2' title='bbox 1841 96 1906 142; x_wconf 69' lang='lat'>³57</span> 
     </span>
    </p>
   </div>
   <div class='ocr_carea' id='block_1_2' title="bbox 9 148 2056 2816">
    <p class='ocr_par' dir='ltr' id='par_1_2' title="bbox 9 148 1895 632">
     <span class='ocr_line' id='line_1_2' title="bbox 71 148 1895 210; baseline -0.003 -13"><span class='ocrx_word' id='word_1_3' title='bbox 71 164 147 210; x_wconf 77' lang='lat' dir='ltr'>quis</span> <span class='ocrx_word' id='word_1_4' title='bbox 157 158 338 209; x_wconf 79' lang='lat' dir='ltr'>praecipiet,</span> <span class='ocrx_word' id='word_1_5' title='bbox 347 151 408 189; x_wconf 85' lang='lat' dir='ltr'>nisi</span> <span class='ocrx_word' id='word_1_6' title='bbox 417 150 664 187; x_wconf 89' lang='lat' dir='ltr'>mansuefecerit</span> <span class='ocrx_word' id='word_1_7' title='bbox 674 152 806 185; x_wconf 84' lang='lat' dir='ltr'>animos</span> <span class='ocrx_word' id='word_1_8' title='bbox 818 152 851 184; x_wconf 83' lang='lat'>&amp;</span> <span class='ocrx_word' id='word_1_9' title='bbox 863 148 1020 184; x_wconf 82' lang='lat' dir='ltr'>ferociam</span> <span class='ocrx_word' id='word_1_10' title='bbox 1031 153 1218 188; x_wconf 83' lang='lat' dir='ltr'>correxerit:</span> <span class='ocrx_word' id='word_1_11' title='bbox 1229 150 1342 187; x_wconf 76' lang='lat' dir='ltr'>frustra</span> <span class='ocrx_word' id='word_1_12' title='bbox 1351 152 1391 186; x_wconf 87' lang='lat' dir='ltr'>de</span> <span class='ocrx_word' id='word_1_13' title='bbox 1409 152 1662 190; x_wconf 82' lang='lat' dir='ltr'>mansuetudine</span> <span class='ocrx_word' id='word_1_14' title='bbox 1671 158 1895 195; x_wconf 74' lang='lat' dir='ltr'>concionabi-</span> 
     </span>
     <span class='ocr_line' id='line_1_3' title="bbox 69 197 1895 256; baseline 0.001 -15"><span class='ocrx_word' id='word_1_15' title='bbox 69 223 125 256; x_wconf 56' lang='lat' dir='ltr'>tur</span> <span class='ocrx_word' id='word_1_16' title='bbox 134 234 144 248; x_wconf 88' lang='lat'>,</span> <span class='ocrx_word' id='word_1_17' title='bbox 164 207 224 245; x_wconf 82' lang='lat' dir='ltr'>nisi</span> <span class='ocrx_word' id='word_1_18' title='bbox 234 206 273 240; x_wconf 86' lang='lat' dir='ltr'>ab</span> <span class='ocrx_word' id='word_1_19' title='bbox 284 201 472 240; x_wconf 81' lang='lat' dir='ltr'>humilitate</span> <span class='ocrx_word' id='word_1_20' title='bbox 491 197 662 247; x_wconf 78' lang='lat' dir='ltr'>sumpserit</span> <span class='ocrx_word' id='word_1_21' title='bbox 671 198 854 233; x_wconf 76' lang='lat' dir='ltr'>exordium.</span> <span class='ocrx_word' id='word_1_22' title='bbox 878 198 984 246; x_wconf 82' lang='lat' dir='ltr'>Qod</span> <span class='ocrx_word' id='word_1_23' title='bbox 995 199 1080 235; x_wconf 82' lang='lat' dir='ltr'>dicit·</span> <span class='ocrx_word' id='word_1_24' title='bbox 1094 202 1132 236; x_wconf 83' lang='lat' dir='ltr'>In</span> <span class='ocrx_word' id='word_1_25' title='bbox 1142 200 1303 243; x_wconf 62' lang='lat' dir='ltr'>electionq,</span> <span class='ocrx_word' id='word_1_26' title='bbox 1316 198 1477 247; x_wconf 83' lang='lat' dir='ltr'>significat</span> <span class='ocrx_word' id='word_1_27' title='bbox 1485 204 1577 248; x_wconf 90' lang='lat' dir='ltr'>quod</span> <span class='ocrx_word' id='word_1_28' title='bbox 1600 203 1679 238; x_wconf 88' lang='lat' dir='ltr'>alibi</span> <span class='ocrx_word' id='word_1_29' title='bbox 1689 206 1768 240; x_wconf 90' lang='lat' dir='ltr'>dicit</span> <span class='ocrx_word' id='word_1_30' title='bbox 1779 231 1790 247; x_wconf 93' lang='lat'>,</span> <span class='ocrx_word' id='word_1_31' title='bbox 1807 208 1895 246; x_wconf 75' lang='lat' dir='ltr'>hanc</span> 
     </span>
     <span class='ocr_line' id='line_1_4' title="bbox 9 245 1895 306; baseline -0.002 -12"><span class='ocrx_word' id='word_1_32' title='bbox 9 289 13 302; x_wconf 74' lang='grc'><em>,</em></span> <span class='ocrx_word' id='word_1_33' title='bbox 66 259 128 294; x_wconf 82' lang='lat' dir='ltr'>eise</span> <span class='ocrx_word' id='word_1_34' title='bbox 136 258 305 306; x_wconf 74' lang='lat' dir='ltr'>propriam</span> <span class='ocrx_word' id='word_1_35' title='bbox 315 251 484 285; x_wconf 87' lang='lat' dir='ltr'>charitatis</span> <span class='ocrx_word' id='word_1_36' title='bbox 495 259 647 283; x_wconf 83' lang='lat' dir='ltr'>naturam</span> <span class='ocrx_word' id='word_1_37' title='bbox 661 258 714 288; x_wconf 75' lang='lat' dir='ltr'>,vt</span> <span class='ocrx_word' id='word_1_38' title='bbox 725 245 761 280; x_wconf 85' lang='lat' dir='ltr'>sit</span> <span class='ocrx_word' id='word_1_39' title='bbox 772 247 910 293; x_wconf 88' lang='lat' dir='ltr'>patiens.</span> <span class='ocrx_word' id='word_1_40' title='bbox 921 258 1000 294; x_wconf 83' lang='lat' dir='ltr'>ergo</span> <span class='ocrx_word' id='word_1_41' title='bbox 1011 245 1069 281; x_wconf 86' lang='lat' dir='ltr'>vbi</span> <span class='ocrx_word' id='word_1_42' title='bbox 1079 247 1231 294; x_wconf 79' lang='lat' dir='ltr'>regnabit</span> <span class='ocrx_word' id='word_1_43' title='bbox 1240 260 1276 282; x_wconf 83' lang='lat' dir='ltr'>ac</span> <span class='ocrx_word' id='word_1_44' title='bbox 1286 247 1412 296; x_wconf 86' lang='lat' dir='ltr'>vigebit</span> <span class='ocrx_word' id='word_1_45' title='bbox 1421 248 1561 283; x_wconf 76' lang='lat' dir='ltr'>charitas</span> <span class='ocrx_word' id='word_1_46' title='bbox 1573 272 1584 286; x_wconf 81' lang='lat'><em>‚</em></span> <span class='ocrx_word' id='word_1_47' title='bbox 1596 253 1700 286; x_wconf 86' lang='lat' dir='ltr'>multa</span> <span class='ocrx_word' id='word_1_48' title='bbox 1709 253 1764 288; x_wconf 75' lang='lat' dir='ltr'>alii</span> <span class='ocrx_word' id='word_1_49' title='bbox 1775 258 1810 290; x_wconf 92' lang='lat' dir='ltr'>in</span> <span class='ocrx_word' id='word_1_50' title='bbox 1821 256 1895 294; x_wconf 84' lang='lat' dir='ltr'>aliis</span> 
     </span>
     <span class='ocr_line' id='line_1_5' title="bbox 10 295 1894 346; baseline -0.003 -4"><span class='ocrx_word' id='word_1_51' title='bbox 10 309 13 315; x_wconf 71' lang='grc'><strong><em>’</em></strong></span> <span class='ocrx_word' id='word_1_52' title='bbox 65 306 219 343; x_wconf 73' lang='lat' dir='ltr'>fetemus.</span> <span class='ocrx_word' id='word_1_53' title='bbox 247 297 410 336; x_wconf 71' lang='lat' dir='ltr'>Caeteriim</span> <span class='ocrx_word' id='word_1_54' title='bbox 421 309 492 333; x_wconf 85' lang='lat' dir='ltr'>non</span> <span class='ocrx_word' id='word_1_55' title='bbox 505 295 675 330; x_wconf 77' lang='lat' dir='ltr'>immerito</span> <span class='ocrx_word' id='word_1_56' title='bbox 695 295 911 329; x_wconf 83' lang='lat' dir='ltr'>commendat</span> <span class='ocrx_word' id='word_1_57' title='bbox 923 297 1119 342; x_wconf 79' lang='lat' dir='ltr'>patientiam</span> <span class='ocrx_word' id='word_1_58' title='bbox 1130 321 1141 336; x_wconf 93' lang='lat'>‚</span> <span class='ocrx_word' id='word_1_59' title='bbox 1151 307 1185 333; x_wconf 88' lang='lat' dir='ltr'>vt</span> <span class='ocrx_word' id='word_1_60' title='bbox 1197 308 1327 336; x_wconf 78' lang='lat' dir='ltr'>mancat</span> <span class='ocrx_word' id='word_1_61' title='bbox 1337 298 1444 330; x_wconf 85' lang='lat' dir='ltr'>vnitas</span> <span class='ocrx_word' id='word_1_62' title='bbox 1455 296 1597 344; x_wconf 84' lang='lat' dir='ltr'>spiritus.</span> <span class='ocrx_word' id='word_1_63' title='bbox 1625 301 1790 346; x_wconf 77' lang='lat' dir='ltr'>Qotidie</span> <span class='ocrx_word' id='word_1_64' title='bbox 1802 309 1894 341; x_wconf 75' lang='lat' dir='ltr'>enim</span> 
     </span>
     <span class='ocr_line' id='line_1_6' title="bbox 66 340 1892 393; baseline -0.003 -2"><span class='ocrx_word' id='word_1_65' title='bbox 66 355 221 391; x_wconf 75' lang='lat' dir='ltr'>accidunt</span> <span class='ocrx_word' id='word_1_66' title='bbox 232 353 406 384; x_wconf 87' lang='lat' dir='ltr'>innumera</span> <span class='ocrx_word' id='word_1_67' title='bbox 417 341 618 380; x_wconf 84' lang='lat' dir='ltr'>offendicula</span> <span class='ocrx_word' id='word_1_68' title='bbox 626 370 638 385; x_wconf 84' lang='lat'><em>,</em></span> <span class='ocrx_word' id='word_1_69' title='bbox 665 355 737 393; x_wconf 85' lang='lat' dir='ltr'>quae</span> <span class='ocrx_word' id='word_1_70' title='bbox 747 340 871 381; x_wconf 77' lang='lat' dir='ltr'>diffidia</span> <span class='ocrx_word' id='word_1_71' title='bbox 881 344 966 379; x_wconf 79' lang='lat' dir='ltr'>inter</span> <span class='ocrx_word' id='word_1_72' title='bbox 984 355 1047 378; x_wconf 88' lang='lat' dir='ltr'>nos</span> <span class='ocrx_word' id='word_1_73' title='bbox 1058 347 1196 379; x_wconf 84' lang='lat' dir='ltr'>excitare</span> <span class='ocrx_word' id='word_1_74' title='bbox 1207 343 1335 391; x_wconf 77' lang='lat' dir='ltr'>possent</span> <span class='ocrx_word' id='word_1_75' title='bbox 1346 368 1356 383; x_wconf 94' lang='lat'>,</span> <span class='ocrx_word' id='word_1_76' title='bbox 1374 344 1549 393; x_wconf 86' lang='lat' dir='ltr'>praesertim</span> <span class='ocrx_word' id='word_1_77' title='bbox 1560 348 1595 380; x_wconf 92' lang='lat' dir='ltr'>in</span> <span class='ocrx_word' id='word_1_78' title='bbox 1608 358 1697 382; x_wconf 87' lang='lat' dir='ltr'>tanta</span> <span class='ocrx_word' id='word_1_79' title='bbox 1716 351 1892 387; x_wconf 70' lang='lat' dir='ltr'>morosita-</span> 
     </span>
     <span class='ocr_line' id='line_1_7' title="bbox 65 391 1890 451; baseline -0.001 -18"><span class='ocrx_word' id='word_1_80' title='bbox 65 414 100 440; x_wconf 73' lang='lat' dir='ltr'>te</span> <span class='ocrx_word' id='word_1_81' title='bbox 109 410 232 449; x_wconf 80' lang='lat' dir='ltr'>quanta</span> <span class='ocrx_word' id='word_1_82' title='bbox 249 395 375 431; x_wconf 83' lang='lat' dir='ltr'>laborat</span> <span class='ocrx_word' id='word_1_83' title='bbox 384 394 573 429; x_wconf 82' lang='lat' dir='ltr'>humanum</span> <span class='ocrx_word' id='word_1_84' title='bbox 584 393 771 439; x_wconf 82' lang='lat' dir='ltr'>ingenium.</span> <span class='ocrx_word' id='word_1_85' title='bbox 820 393 984 425; x_wconf 75' lang='lat' dir='ltr'>vnicmm</span> <span class='ocrx_word' id='word_1_86' title='bbox 994 391 1121 439; x_wconf 61' lang='lat' dir='ltr'>spiritus</span> <span class='ocrx_word' id='word_1_87' title='bbox 1130 393 1268 439; x_wconf 83' lang='lat' dir='ltr'>quidam</span> <span class='ocrx_word' id='word_1_88' title='bbox 1284 405 1344 441; x_wconf 86' lang='lat' dir='ltr'>pro</span> <span class='ocrx_word' id='word_1_89' title='bbox 1355 392 1516 451; x_wconf 82' lang='lat' dir='ltr'>spirituali</span> <span class='ocrx_word' id='word_1_90' title='bbox 1535 396 1705 441; x_wconf 81' lang='lat' dir='ltr'>accipiunt</span> <span class='ocrx_word' id='word_1_91' title='bbox 1718 419 1728 435; x_wconf 85' lang='lat'>,</span> <span class='ocrx_word' id='word_1_92' title='bbox 1743 409 1842 443; x_wconf 84' lang='lat' dir='ltr'>quam</span> <span class='ocrx_word' id='word_1_93' title='bbox 1855 403 1890 435; x_wconf 82' lang='lat' dir='ltr'>in</span> 
     </span>
     <span class='ocr_line' id='line_1_8' title="bbox 67 436 1890 492; baseline -0.002 -8"><span class='ocrx_word' id='word_1_94' title='bbox 67 451 167 489; x_wconf 80' lang='lat' dir='ltr'>nobis</span> <span class='ocrx_word' id='word_1_95' title='bbox 178 445 277 482; x_wconf 87' lang='lat' dir='ltr'>efficit</span> <span class='ocrx_word' id='word_1_96' title='bbox 286 445 349 477; x_wconf 89' lang='lat' dir='ltr'>Dei</span> <span class='ocrx_word' id='word_1_97' title='bbox 359 443 512 490; x_wconf 84' lang='lat' dir='ltr'>Spiritus.</span> <span class='ocrx_word' id='word_1_98' title='bbox 524 444 558 474; x_wconf 68' lang='grc' dir='ltr'>ὅς</span> <span class='ocrx_word' id='word_1_99' title='bbox 569 440 655 475; x_wconf 69' lang='lat' dir='ltr'>certe</span> <span class='ocrx_word' id='word_1_100' title='bbox 667 441 693 473; x_wconf 91' lang='lat' dir='ltr'>is</span> <span class='ocrx_word' id='word_1_101' title='bbox 706 440 749 473; x_wconf 89' lang='lat' dir='ltr'>est</span> <span class='ocrx_word' id='word_1_102' title='bbox 759 436 846 474; x_wconf 83' lang='lat' dir='ltr'>solus</span> <span class='ocrx_word' id='word_1_103' title='bbox 854 441 914 485; x_wconf 80' lang='lat' dir='ltr'>qui</span> <span class='ocrx_word' id='word_1_104' title='bbox 925 451 988 474; x_wconf 83' lang='lat' dir='ltr'>nos</span> <span class='ocrx_word' id='word_1_105' title='bbox 998 439 1102 475; x_wconf 85' lang='lat' dir='ltr'>reddit</span> <span class='ocrx_word' id='word_1_106' title='bbox 1112 443 1297 480; x_wconf 86' lang='lat' dir='ltr'>vnanimes,</span> <span class='ocrx_word' id='word_1_107' title='bbox 1307 442 1455 489; x_wconf 78' lang='lat' dir='ltr'>adeoque</span> <span class='ocrx_word' id='word_1_108' title='bbox 1465 439 1542 475; x_wconf 79' lang='lat' dir='ltr'>facit</span> <span class='ocrx_word' id='word_1_109' title='bbox 1552 455 1668 477; x_wconf 88' lang='lat' dir='ltr'>vnum.</span> <span class='ocrx_word' id='word_1_110' title='bbox 1679 442 1729 478; x_wconf 85' lang='lat' dir='ltr'>sed</span> <span class='ocrx_word' id='word_1_111' title='bbox 1739 457 1801 492; x_wconf 87' lang='lat' dir='ltr'>ego</span> <span class='ocrx_word' id='word_1_112' title='bbox 1813 447 1890 481; x_wconf 85' lang='lat' dir='ltr'>sim-</span> 
     </span>
     <span class='ocr_line' id='line_1_9' title="bbox 65 485 1892 550; baseline 0.004 -29"><span class='ocrx_word' id='word_1_113' title='bbox 65 499 187 550; x_wconf 51' lang='lat' dir='ltr'>plicius</span> <span class='ocrx_word' id='word_1_114' title='bbox 207 497 406 539; x_wconf 79' lang='lat' dir='ltr'>interpretor</span> <span class='ocrx_word' id='word_1_115' title='bbox 418 490 458 523; x_wconf 90' lang='lat' dir='ltr'>de</span> <span class='ocrx_word' id='word_1_116' title='bbox 468 490 660 523; x_wconf 85' lang='lat' dir='ltr'>animorum</span> <span class='ocrx_word' id='word_1_117' title='bbox 670 487 861 540; x_wconf 25' lang='lat' dir='ltr'>concord-ia.</span> <span class='ocrx_word' id='word_1_118' title='bbox 886 485 1051 534; x_wconf 86' lang='lat' dir='ltr'>Colligari</span> <span class='ocrx_word' id='word_1_119' title='bbox 1070 489 1230 522; x_wconf 84' lang='lat' dir='ltr'>vnitatcm</span> <span class='ocrx_word' id='word_1_120' title='bbox 1241 490 1337 523; x_wconf 87' lang='lat' dir='ltr'>docet</span> <span class='ocrx_word' id='word_1_121' title='bbox 1355 492 1446 523; x_wconf 82' lang='lat' dir='ltr'>Pacis</span> <span class='ocrx_word' id='word_1_122' title='bbox 1456 492 1576 523; x_wconf 66' lang='lat' dir='ltr'>vinculo</span> <span class='ocrx_word' id='word_1_123' title='bbox 1586 513 1595 528; x_wconf 85' lang='lat'>,</span> <span class='ocrx_word' id='word_1_124' title='bbox 1618 502 1792 539; x_wconf 84' lang='lat' dir='ltr'>propterea</span> <span class='ocrx_word' id='word_1_125' title='bbox 1799 495 1892 541; x_wconf 72' lang='lat' dir='ltr'>qubd</span> 
     </span>
     <span class='ocr_line' id='line_1_10' title="bbox 65 533 1890 587; baseline -0.004 -4"><span class='ocrx_word' id='word_1_126' title='bbox 65 559 104 583; x_wconf 80' lang='lat' dir='ltr'>ex</span> <span class='ocrx_word' id='word_1_127' title='bbox 113 539 388 580; x_wconf 83' lang='lat' dir='ltr'>contentionibus</span> <span class='ocrx_word' id='word_1_128' title='bbox 408 535 584 576; x_wconf 79' lang='lat' dir='ltr'>nascuntur</span> <span class='ocrx_word' id='word_1_129' title='bbox 595 535 661 571; x_wconf 68' lang='lat' dir='ltr'>fere</span> <span class='ocrx_word' id='word_1_130' title='bbox 673 536 749 571; x_wconf 82' lang='lat' dir='ltr'>odia</span> <span class='ocrx_word' id='word_1_131' title='bbox 758 539 792 570; x_wconf 69' lang='grc' dir='ltr'>ὃς</span> <span class='ocrx_word' id='word_1_132' title='bbox 802 533 992 575; x_wconf 76' lang='lat' dir='ltr'>simultates.</span> <span class='ocrx_word' id='word_1_133' title='bbox 1014 533 1145 575; x_wconf 74' lang='lat' dir='ltr'>Placide</span> <span class='ocrx_word' id='word_1_134' title='bbox 1154 548 1233 587; x_wconf 78' lang='lat' dir='ltr'>ergo</span> <span class='ocrx_word' id='word_1_135' title='bbox 1247 538 1431 574; x_wconf 85' lang='lat' dir='ltr'>viuendum</span> <span class='ocrx_word' id='word_1_136' title='bbox 1440 564 1452 578; x_wconf 86' lang='lat'><em>,</em></span> <span class='ocrx_word' id='word_1_137' title='bbox 1461 549 1496 575; x_wconf 86' lang='lat' dir='ltr'>vt</span> <span class='ocrx_word' id='word_1_138' title='bbox 1508 550 1639 580; x_wconf 80' lang='lat' dir='ltr'>maneat</span> <span class='ocrx_word' id='word_1_139' title='bbox 1655 541 1742 576; x_wconf 77' lang='lat' dir='ltr'>in&#39;ter</span> <span class='ocrx_word' id='word_1_140' title='bbox 1752 555 1814 579; x_wconf 81' lang='lat' dir='ltr'>nos</span> <span class='ocrx_word' id='word_1_141' title='bbox 1832 542 1890 578; x_wconf 87' lang='lat' dir='ltr'>be-</span> 
     </span>
     <span class='ocr_line' id='line_1_11' title="bbox 63 591 269 632; baseline -0.015 -3"><span class='ocrx_word' id='word_1_142' title='bbox 63 591 269 632; x_wconf 82' lang='lat' dir='ltr'>neuolentia.</span> 
     </span>
    </p>

    <p class='ocr_par' dir='ltr' id='par_1_3' title="bbox 58 630 1889 1218">
     <span class='ocr_line' id='line_1_12' title="bbox 110 630 1889 687; baseline -0.002 -14"><span class='ocrx_word' id='word_1_143' title='bbox 110 652 137 687; x_wconf 85' lang='lat'>4</span> <span class='ocrx_word' id='word_1_144' title='bbox 187 641 292 674; x_wconf 83' lang='lat' dir='ltr'>Vnum</span> <span class='ocrx_word' id='word_1_145' title='bbox 301 639 427 684; x_wconf 75' lang='lat' dir='ltr'>corpus.)</span> <span class='ocrx_word' id='word_1_146' title='bbox 489 632 622 670; x_wconf 81' lang='lat' dir='ltr'>Clarius</span> <span class='ocrx_word' id='word_1_147' title='bbox 632 634 786 681; x_wconf 84' lang='lat' dir='ltr'>exprimit</span> <span class='ocrx_word' id='word_1_148' title='bbox 796 631 897 679; x_wconf 69' lang='lat' dir='ltr'>quam</span> <span class='ocrx_word' id='word_1_149' title='bbox 908 630 1052 681; x_wconf 56' lang='lat' dir='ltr'>perfecta</span> <span class='ocrx_word' id='word_1_150' title='bbox 1061 630 1121 666; x_wconf 83' lang='lat' dir='ltr'>esse</span> <span class='ocrx_word' id='word_1_151' title='bbox 1130 631 1246 668; x_wconf 85' lang='lat' dir='ltr'>debeat</span> <span class='ocrx_word' id='word_1_152' title='bbox 1256 634 1362 668; x_wconf 84' lang='lat' dir='ltr'>vnitas</span> <span class='ocrx_word' id='word_1_153' title='bbox 1373 633 1641 673; x_wconf 81' lang='lat' dir='ltr'>Christianorum</span> <span class='ocrx_word' id='word_1_154' title='bbox 1652 651 1660 671; x_wconf 73' lang='grc' dir='ltr'><strong>ε</strong></span> <span class='ocrx_word' id='word_1_155' title='bbox 1683 649 1805 686; x_wconf 83' lang='lat' dir='ltr'>nempe</span> <span class='ocrx_word' id='word_1_156' title='bbox 1815 651 1889 685; x_wconf 65' lang='lat' dir='ltr'>qux</span> 
     </span>
     <span class='ocr_line' id='line_1_13' title="bbox 61 679 1887 736; baseline -0.002 -11"><span class='ocrx_word' id='word_1_157' title='bbox 61 691 160 726; x_wconf 89' lang='lat' dir='ltr'>omni</span> <span class='ocrx_word' id='word_1_158' title='bbox 171 701 208 722; x_wconf 88' lang='lat' dir='ltr'>ex</span> <span class='ocrx_word' id='word_1_159' title='bbox 215 698 306 736; x_wconf 82' lang='lat' dir='ltr'>parte</span> <span class='ocrx_word' id='word_1_160' title='bbox 315 685 397 720; x_wconf 74' lang='lat' dir='ltr'>adeo</span> <span class='ocrx_word' id='word_1_161' title='bbox 408 682 525 724; x_wconf 82' lang='lat' dir='ltr'>valeat,</span> <span class='ocrx_word' id='word_1_162' title='bbox 534 693 569 715; x_wconf 90' lang='lat' dir='ltr'>vt</span> <span class='ocrx_word' id='word_1_163' title='bbox 579 683 614 716; x_wconf 90' lang='lat' dir='ltr'>in</span> <span class='ocrx_word' id='word_1_164' title='bbox 626 693 730 715; x_wconf 86' lang='lat' dir='ltr'>vnum</span> <span class='ocrx_word' id='word_1_165' title='bbox 740 692 861 729; x_wconf 82' lang='lat' dir='ltr'>corpus</span> <span class='ocrx_word' id='word_1_166' title='bbox 872 684 906 716; x_wconf 85' lang='lat'>&amp;</span> <span class='ocrx_word' id='word_1_167' title='bbox 919 693 1020 717; x_wconf 89' lang='lat' dir='ltr'>vnam</span> <span class='ocrx_word' id='word_1_168' title='bbox 1030 683 1178 715; x_wconf 85' lang='lat' dir='ltr'>animam</span> <span class='ocrx_word' id='word_1_169' title='bbox 1199 679 1430 716; x_wconf 82' lang='lat' dir='ltr'>coalescamus.</span> <span class='ocrx_word' id='word_1_170' title='bbox 1442 683 1563 728; x_wconf 85' lang='lat' dir='ltr'>quibus</span> <span class='ocrx_word' id='word_1_171' title='bbox 1576 684 1681 720; x_wconf 83' lang='lat' dir='ltr'>verbis</span> <span class='ocrx_word' id='word_1_172' title='bbox 1691 697 1803 722; x_wconf 84' lang='lat' dir='ltr'>toturn</span> <span class='ocrx_word' id='word_1_173' title='bbox 1821 686 1887 722; x_wconf 86' lang='lat' dir='ltr'>ho-</span> 
     </span>
     <span class='ocr_line' id='line_1_14' title="bbox 61 731 1880 783; baseline -0.002 -10"><span class='ocrx_word' id='word_1_174' title='bbox 61 741 191 774; x_wconf 83' lang='lat' dir='ltr'>minem</span> <span class='ocrx_word' id='word_1_175' title='bbox 200 735 354 783; x_wconf 74' lang='lat' dir='ltr'>designat:</span> <span class='ocrx_word' id='word_1_176' title='bbox 365 731 454 781; x_wconf 85' lang='lat' dir='ltr'>quasi</span> <span class='ocrx_word' id='word_1_177' title='bbox 463 733 595 768; x_wconf 85' lang='lat' dir='ltr'>diceret,</span> <span class='ocrx_word' id='word_1_178' title='bbox 606 742 668 763; x_wconf 86' lang='lat' dir='ltr'>nos</span> <span class='ocrx_word' id='word_1_179' title='bbox 679 731 809 776; x_wconf 87' lang='lat' dir='ltr'>penitus</span> <span class='ocrx_word' id='word_1_180' title='bbox 820 740 960 776; x_wconf 84' lang='lat' dir='ltr'>corpore</span> <span class='ocrx_word' id='word_1_181' title='bbox 973 733 1008 764; x_wconf 74' lang='grc' dir='ltr'>δε</span> <span class='ocrx_word' id='word_1_182' title='bbox 1019 731 1141 766; x_wconf 85' lang='lat' dir='ltr'>anima,</span> <span class='ocrx_word' id='word_1_183' title='bbox 1153 741 1223 764; x_wconf 86' lang='lat' dir='ltr'>non</span> <span class='ocrx_word' id='word_1_184' title='bbox 1235 741 1271 763; x_wconf 84' lang='lat' dir='ltr'>ex</span> <span class='ocrx_word' id='word_1_185' title='bbox 1283 740 1372 776; x_wconf 80' lang='lat' dir='ltr'>parte</span> <span class='ocrx_word' id='word_1_186' title='bbox 1381 731 1551 772; x_wconf 79' lang='lat' dir='ltr'>duntaxat,</span> <span class='ocrx_word' id='word_1_187' title='bbox 1560 733 1676 768; x_wconf 82' lang='lat' dir='ltr'>debere</span> <span class='ocrx_word' id='word_1_188' title='bbox 1686 733 1746 768; x_wconf 79' lang='lat' dir='ltr'>ess&#39;e</span> <span class='ocrx_word' id='word_1_189' title='bbox 1755 737 1880 770; x_wconf 89' lang='lat' dir='ltr'>vnitos.</span> 
     </span>
     <span class='ocr_line' id='line_1_15' title="bbox 58 776 1887 831; baseline 0.001 -15"><span class='ocrx_word' id='word_1_190' title='bbox 58 789 100 823; x_wconf 73' lang='lat' dir='ltr'>Et</span> <span class='ocrx_word' id='word_1_191' title='bbox 111 785 219 822; x_wconf 65' lang='lat' dir='ltr'>valido</span> <span class='ocrx_word' id='word_1_192' title='bbox 228 792 427 831; x_wconf 67' lang='lat' dir='ltr'>argumento</span> <span class='ocrx_word' id='word_1_193' title='bbox 436 781 503 820; x_wconf 77' lang='lat' dir='ltr'>hoc</span> <span class='ocrx_word' id='word_1_194' title='bbox 512 776 782 826; x_wconf 85' lang='lat' dir='ltr'>confirmat‚quia</span> <span class='ocrx_word' id='word_1_195' title='bbox 791 778 827 812; x_wconf 89' lang='lat' dir='ltr'>in</span> <span class='ocrx_word' id='word_1_196' title='bbox 836 789 936 812; x_wconf 83' lang='lat' dir='ltr'>vnam</span> <span class='ocrx_word' id='word_1_197' title='bbox 947 776 1168 813; x_wconf 88' lang='lat' dir='ltr'>haereditatem</span> <span class='ocrx_word' id='word_1_198' title='bbox 1179 780 1212 811; x_wconf 84' lang='lat'>&amp;</span> <span class='ocrx_word' id='word_1_199' title='bbox 1225 790 1325 812; x_wconf 85' lang='lat' dir='ltr'>vnam</span> <span class='ocrx_word' id='word_1_200' title='bbox 1337 779 1440 812; x_wconf 86' lang='lat' dir='ltr'>vitam</span> <span class='ocrx_word' id='word_1_201' title='bbox 1450 783 1558 815; x_wconf 87' lang='lat' dir='ltr'>vocati</span> <span class='ocrx_word' id='word_1_202' title='bbox 1570 780 1668 818; x_wconf 80' lang='lat' dir='ltr'>simus</span> <span class='ocrx_word' id='word_1_203' title='bbox 1679 784 1887 819; x_wconf 84' lang='lat' dir='ltr'>omnes.inde</span> 
     </span>
     <span class='ocr_line' id='line_1_16' title="bbox 61 824 1886 879; baseline 0.005 -23"><span class='ocrx_word' id='word_1_204' title='bbox 61 837 153 871; x_wconf 63' lang='lat' dir='ltr'>enim</span> <span class='ocrx_word' id='word_1_205' title='bbox 165 832 425 879; x_wconf 66' lang='lat' dir='ltr'>sequitur,poti:i</span> <span class='ocrx_word' id='word_1_206' title='bbox 433 840 497 866; x_wconf 82' lang='lat' dir='ltr'>nos</span> <span class='ocrx_word' id='word_1_207' title='bbox 505 829 573 862; x_wconf 88' lang='lat' dir='ltr'>vita</span> <span class='ocrx_word' id='word_1_208' title='bbox 582 836 700 862; x_wconf 84' lang='lat' dir='ltr'>aeterna</span> <span class='ocrx_word' id='word_1_209' title='bbox 711 825 803 860; x_wconf 88' lang='lat' dir='ltr'>aliter</span> <span class='ocrx_word' id='word_1_210' title='bbox 811 838 883 860; x_wconf 90' lang='lat' dir='ltr'>non</span> <span class='ocrx_word' id='word_1_211' title='bbox 894 824 1100 872; x_wconf 74' lang='lat' dir='ltr'>posse,quam</span> <span class='ocrx_word' id='word_1_212' title='bbox 1111 824 1134 859; x_wconf 83' lang='lat' dir='ltr'>si</span> <span class='ocrx_word' id='word_1_213' title='bbox 1145 827 1231 861; x_wconf 82' lang='lat' dir='ltr'>inter</span> <span class='ocrx_word' id='word_1_214' title='bbox 1241 838 1302 861; x_wconf 89' lang='lat' dir='ltr'>nos</span> <span class='ocrx_word' id='word_1_215' title='bbox 1313 828 1466 862; x_wconf 76' lang='lat' dir='ltr'>vitiamus</span> <span class='ocrx_word' id='word_1_216' title='bbox 1477 830 1650 864; x_wconf 87' lang='lat' dir='ltr'>vnanimes</span> <span class='ocrx_word' id='word_1_217' title='bbox 1662 833 1696 864; x_wconf 88' lang='lat' dir='ltr'>in</span> <span class='ocrx_word' id='word_1_218' title='bbox 1706 831 1772 865; x_wconf 85' lang='lat' dir='ltr'>hoc</span> <span class='ocrx_word' id='word_1_219' title='bbox 1783 844 1886 866; x_wconf 82' lang='lat' dir='ltr'>mun—</span> 
     </span>
     <span class='ocr_line' id='line_1_17' title="bbox 61 871 1884 919; baseline -0.003 0"><span class='ocrx_word' id='word_1_220' title='bbox 61 883 208 919; x_wconf 73' lang='lat' dir='ltr'>do-Nam</span> <span class='ocrx_word' id='word_1_221' title='bbox 218 881 294 915; x_wconf 87' lang='lat' dir='ltr'>ideo</span> <span class='ocrx_word' id='word_1_222' title='bbox 304 878 400 914; x_wconf 84' lang='lat' dir='ltr'>simul</span> <span class='ocrx_word' id='word_1_223' title='bbox 409 888 528 912; x_wconf 89' lang='lat' dir='ltr'>omnes</span> <span class='ocrx_word' id='word_1_224' title='bbox 536 876 627 909; x_wconf 91' lang='lat' dir='ltr'>Deus</span> <span class='ocrx_word' id='word_1_225' title='bbox 638 885 793 918; x_wconf 56' lang='lat' dir='ltr'>vnayoce</span> <span class='ocrx_word' id='word_1_226' title='bbox 803 875 974 910; x_wconf 85' lang='lat' dir='ltr'>inuitat,vr</span> <span class='ocrx_word' id='word_1_227' title='bbox 985 873 1102 908; x_wconf 85' lang='lat' dir='ltr'>eodem</span> <span class='ocrx_word' id='word_1_228' title='bbox 1111 871 1187 908; x_wconf 88' lang='lat' dir='ltr'>fidei</span> <span class='ocrx_word' id='word_1_229' title='bbox 1197 872 1357 909; x_wconf 86' lang='lat' dir='ltr'>consensu</span> <span class='ocrx_word' id='word_1_230' title='bbox 1367 877 1452 910; x_wconf 89' lang='lat' dir='ltr'>inter</span> <span class='ocrx_word' id='word_1_231' title='bbox 1461 876 1491 910; x_wconf 86' lang='lat' dir='ltr'>se</span> <span class='ocrx_word' id='word_1_232' title='bbox 1501 878 1723 917; x_wconf 75' lang='lat' dir='ltr'>vniti,mutuo</span> <span class='ocrx_word' id='word_1_233' title='bbox 1733 879 1789 913; x_wconf 90' lang='lat' dir='ltr'>alii</span> <span class='ocrx_word' id='word_1_234' title='bbox 1800 879 1884 915; x_wconf 81' lang='lat' dir='ltr'>alios</span> 
     </span>
     <span class='ocr_line' id='line_1_18' title="bbox 60 921 1882 973; baseline -0.002 -6"><span class='ocrx_word' id='word_1_235' title='bbox 60 934 174 967; x_wconf 87' lang='lat' dir='ltr'>iuuare</span> <span class='ocrx_word' id='word_1_236' title='bbox 185 929 342 964; x_wconf 81' lang='lat' dir='ltr'>studeant.</span> <span class='ocrx_word' id='word_1_237' title='bbox 353 927 388 961; x_wconf 86' lang='lat' dir='ltr'>O</span> <span class='ocrx_word' id='word_1_238' title='bbox 399 925 422 961; x_wconf 87' lang='lat' dir='ltr'>si</span> <span class='ocrx_word' id='word_1_239' title='bbox 436 926 556 960; x_wconf 86' lang='lat' dir='ltr'>animis</span> <span class='ocrx_word' id='word_1_240' title='bbox 565 923 684 960; x_wconf 80' lang='lat' dir='ltr'>nostris</span> <span class='ocrx_word' id='word_1_241' title='bbox 695 921 844 957; x_wconf 77' lang='lat' dir='ltr'>insideret</span> <span class='ocrx_word' id='word_1_242' title='bbox 856 922 926 956; x_wconf 78' lang='lat' dir='ltr'>haec</span> <span class='ocrx_word' id='word_1_243' title='bbox 936 923 1112 969; x_wconf 80' lang='lat' dir='ltr'>cogitatio,</span> <span class='ocrx_word' id='word_1_244' title='bbox 1124 922 1209 958; x_wconf 86' lang='lat' dir='ltr'>hanc</span> <span class='ocrx_word' id='word_1_245' title='bbox 1221 923 1344 970; x_wconf 79' lang='lat' dir='ltr'>Legem</span> <span class='ocrx_word' id='word_1_246' title='bbox 1356 923 1454 958; x_wconf 87' lang='lat' dir='ltr'>nobis</span> <span class='ocrx_word' id='word_1_247' title='bbox 1465 922 1524 959; x_wconf 83' lang='lat' dir='ltr'>esse</span> <span class='ocrx_word' id='word_1_248' title='bbox 1532 924 1733 973; x_wconf 72' lang='lat' dir='ltr'>propositam</span> <span class='ocrx_word' id='word_1_249' title='bbox 1744 951 1754 964; x_wconf 87' lang='lat'><em>‚</em></span> <span class='ocrx_word' id='word_1_250' title='bbox 1765 939 1798 961; x_wconf 89' lang='lat' dir='ltr'>vt</span> <span class='ocrx_word' id='word_1_251' title='bbox 1810 941 1882 963; x_wconf 85' lang='lat' dir='ltr'>non</span> 
     </span>
     <span class='ocr_line' id='line_1_19' title="bbox 61 968 1885 1027; baseline -0.003 -13"><span class='ocrx_word' id='word_1_252' title='bbox 61 981 167 1027; x_wconf 84' lang='lat' dir='ltr'>magis</span> <span class='ocrx_word' id='word_1_253' title='bbox 178 975 325 1013; x_wconf 85' lang='lat' dir='ltr'>diffidere</span> <span class='ocrx_word' id='word_1_254' title='bbox 335 979 421 1011; x_wconf 88' lang='lat' dir='ltr'>inter</span> <span class='ocrx_word' id='word_1_255' title='bbox 431 971 461 1008; x_wconf 88' lang='lat' dir='ltr'>se</span> <span class='ocrx_word' id='word_1_256' title='bbox 472 968 594 1020; x_wconf 81' lang='lat' dir='ltr'>possint</span> <span class='ocrx_word' id='word_1_257' title='bbox 605 969 666 1012; x_wconf 81' lang='lat' dir='ltr'>filii</span> <span class='ocrx_word' id='word_1_258' title='bbox 677 971 756 1011; x_wconf 87' lang='lat' dir='ltr'>Dei,</span> <span class='ocrx_word' id='word_1_259' title='bbox 767 971 868 1017; x_wconf 72' lang='lat' dir='ltr'>quam</span> <span class='ocrx_word' id='word_1_260' title='bbox 879 981 1021 1018; x_wconf 82' lang='lat' dir='ltr'>regnum</span> <span class='ocrx_word' id='word_1_261' title='bbox 1031 970 1188 1008; x_wconf 82' lang='lat' dir='ltr'>caelotum</span> <span class='ocrx_word' id='word_1_262' title='bbox 1199 972 1303 1006; x_wconf 83' lang='lat' dir='ltr'>diuidi</span> <span class='ocrx_word' id='word_1_263' title='bbox 1317 975 1322 1003; x_wconf 70' lang='grc' dir='ltr'><em>ἲ</em></span> <span class='ocrx_word' id='word_1_264' title='bbox 1336 983 1462 1018; x_wconf 79' lang='lat' dir='ltr'>quanto</span> <span class='ocrx_word' id='word_1_265' title='bbox 1474 975 1509 1007; x_wconf 89' lang='lat' dir='ltr'>in</span> <span class='ocrx_word' id='word_1_266' title='bbox 1519 972 1657 1010; x_wconf 84' lang='lat' dir='ltr'>colenda</span> <span class='ocrx_word' id='word_1_267' title='bbox 1677 973 1817 1010; x_wconf 82' lang='lat' dir='ltr'>fraterna</span> <span class='ocrx_word' id='word_1_268' title='bbox 1827 976 1885 1011; x_wconf 91' lang='lat' dir='ltr'>be-</span> 
     </span>
     <span class='ocr_line' id='line_1_20' title="bbox 59 1016 1880 1069; baseline -0.003 -7"><span class='ocrx_word' id='word_1_269' title='bbox 59 1026 254 1065; x_wconf 88' lang='lat' dir='ltr'>neuolentia</span> <span class='ocrx_word' id='word_1_270' title='bbox 264 1022 400 1061; x_wconf 81' lang='lat' dir='ltr'>essemus</span> <span class='ocrx_word' id='word_1_271' title='bbox 410 1024 572 1058; x_wconf 83' lang='lat' dir='ltr'>cautiores</span> <span class='ocrx_word' id='word_1_272' title='bbox 583 1022 596 1051; x_wconf 88' lang='lat'>?</span> <span class='ocrx_word' id='word_1_273' title='bbox 605 1029 734 1066; x_wconf 90' lang='lat' dir='ltr'>quanto</span> <span class='ocrx_word' id='word_1_274' title='bbox 745 1017 845 1053; x_wconf 87' lang='lat' dir='ltr'>nobis</span> <span class='ocrx_word' id='word_1_275' title='bbox 853 1018 984 1052; x_wconf 86' lang='lat' dir='ltr'>horrori</span> <span class='ocrx_word' id='word_1_276' title='bbox 995 1016 1094 1057; x_wconf 81' lang='lat' dir='ltr'>essent</span> <span class='ocrx_word' id='word_1_277' title='bbox 1103 1031 1221 1057; x_wconf 88' lang='lat' dir='ltr'>omnes</span> <span class='ocrx_word' id='word_1_278' title='bbox 1231 1018 1409 1055; x_wconf 75' lang='lat' dir='ltr'>simultates</span> <span class='ocrx_word' id='word_1_279' title='bbox 1419 1044 1431 1058; x_wconf 78' lang='lat'><em>,</em></span> <span class='ocrx_word' id='word_1_280' title='bbox 1440 1019 1462 1054; x_wconf 86' lang='lat' dir='ltr'>si</span> <span class='ocrx_word' id='word_1_281' title='bbox 1474 1033 1698 1069; x_wconf 85' lang='lat' dir='ltr'>reputaremus</span> <span class='ocrx_word' id='word_1_282' title='bbox 1706 1048 1716 1062; x_wconf 89' lang='lat'><em>,</em></span> <span class='ocrx_word' id='word_1_283' title='bbox 1731 1034 1765 1056; x_wconf 92' lang='lat' dir='ltr'>vr</span> <span class='ocrx_word' id='word_1_284' title='bbox 1775 1025 1880 1062; x_wconf 87' lang='lat' dir='ltr'>decer,</span> 
     </span>
     <span class='ocr_line' id='line_1_21' title="bbox 59 1065 1881 1118; baseline -0.003 -7"><span class='ocrx_word' id='word_1_285' title='bbox 59 1089 116 1112; x_wconf 86' lang='lat' dir='ltr'>eos</span> <span class='ocrx_word' id='word_1_286' title='bbox 126 1086 244 1110; x_wconf 86' lang='lat' dir='ltr'>ornnes</span> <span class='ocrx_word' id='word_1_287' title='bbox 255 1071 286 1108; x_wconf 91' lang='lat' dir='ltr'>se</span> <span class='ocrx_word' id='word_1_288' title='bbox 294 1072 436 1107; x_wconf 86' lang='lat' dir='ltr'>alienate</span> <span class='ocrx_word' id='word_1_289' title='bbox 446 1072 464 1104; x_wconf 72' lang='lat' dir='ltr'>a</span> <span class='ocrx_word' id='word_1_290' title='bbox 472 1081 576 1118; x_wconf 78' lang='lat' dir='ltr'>regno</span> <span class='ocrx_word' id='word_1_291' title='bbox 585 1069 651 1101; x_wconf 89' lang='lat' dir='ltr'>Dei</span> <span class='ocrx_word' id='word_1_292' title='bbox 660 1069 720 1118; x_wconf 81' lang='lat' dir='ltr'>qui</span> <span class='ocrx_word' id='word_1_293' title='bbox 729 1068 747 1101; x_wconf 67' lang='lat' dir='ltr'>a</span> <span class='ocrx_word' id='word_1_294' title='bbox 756 1065 909 1102; x_wconf 88' lang='lat' dir='ltr'>fratribus</span> <span class='ocrx_word' id='word_1_295' title='bbox 919 1065 949 1100; x_wconf 87' lang='lat' dir='ltr'>se</span> <span class='ocrx_word' id='word_1_296' title='bbox 958 1065 1168 1114; x_wconf 85' lang='lat' dir='ltr'>disiungunt?</span> <span class='ocrx_word' id='word_1_297' title='bbox 1179 1069 1239 1103; x_wconf 89' lang='lat' dir='ltr'>Sed</span> <span class='ocrx_word' id='word_1_298' title='bbox 1249 1065 1358 1102; x_wconf 89' lang='lat' dir='ltr'>nescio</span> <span class='ocrx_word' id='word_1_299' title='bbox 1369 1068 1429 1115; x_wconf 80' lang='lat' dir='ltr'>qui</span> <span class='ocrx_word' id='word_1_300' title='bbox 1441 1067 1476 1104; x_wconf 89' lang='lat' dir='ltr'>fir</span> <span class='ocrx_word' id='word_1_301' title='bbox 1487 1083 1504 1103; x_wconf 83' lang='lat' dir='ltr'>v</span> <span class='ocrx_word' id='word_1_302' title='bbox 1511 1081 1522 1102; x_wconf 88' lang='lat' dir='ltr'>t</span> <span class='ocrx_word' id='word_1_303' title='bbox 1533 1068 1639 1105; x_wconf 70' lang='lat' dir='ltr'>secure</span> <span class='ocrx_word' id='word_1_304' title='bbox 1652 1083 1715 1112; x_wconf 78' lang='lat' dir='ltr'>nos</span> <span class='ocrx_word' id='word_1_305' title='bbox 1724 1070 1784 1104; x_wconf 78' lang='lat' dir='ltr'>esse</span> <span class='ocrx_word' id='word_1_306' title='bbox 1793 1069 1881 1105; x_wconf 74' lang='lat' dir='ltr'>filios</span> 
     </span>
     <span class='ocr_line' id='line_1_22' title="bbox 58 1113 1886 1171; baseline -0.002 -12"><span class='ocrx_word' id='word_1_307' title='bbox 58 1127 123 1163; x_wconf 91' lang='lat' dir='ltr'>Dei</span> <span class='ocrx_word' id='word_1_308' title='bbox 136 1123 331 1171; x_wconf 80' lang='lat' dir='ltr'>gloriemur,</span> <span class='ocrx_word' id='word_1_309' title='bbox 341 1130 462 1154; x_wconf 85' lang='lat' dir='ltr'>muruae</span> <span class='ocrx_word' id='word_1_310' title='bbox 474 1119 559 1152; x_wconf 86' lang='lat' dir='ltr'>inter</span> <span class='ocrx_word' id='word_1_311' title='bbox 570 1129 632 1150; x_wconf 90' lang='lat' dir='ltr'>nos</span> <span class='ocrx_word' id='word_1_312' title='bbox 642 1113 851 1152; x_wconf 77' lang='lat' dir='ltr'>fraternitatis</span> <span class='ocrx_word' id='word_1_313' title='bbox 862 1113 970 1149; x_wconf 88' lang='lat' dir='ltr'>obliti.</span> <span class='ocrx_word' id='word_1_314' title='bbox 982 1114 1155 1149; x_wconf 88' lang='lat' dir='ltr'>Discamus</span> <span class='ocrx_word' id='word_1_315' title='bbox 1167 1118 1278 1164; x_wconf 79' lang='lat' dir='ltr'>itaque</span> <span class='ocrx_word' id='word_1_316' title='bbox 1289 1128 1325 1150; x_wconf 83' lang='lat' dir='ltr'>ex</span> <span class='ocrx_word' id='word_1_317' title='bbox 1335 1116 1450 1155; x_wconf 80' lang='lat' dir='ltr'>Paulo,</span> <span class='ocrx_word' id='word_1_318' title='bbox 1460 1116 1602 1158; x_wconf 84' lang='lat' dir='ltr'>eiusdem</span> <span class='ocrx_word' id='word_1_319' title='bbox 1613 1119 1807 1155; x_wconf 83' lang='lat' dir='ltr'>haereditatis</span> <span class='ocrx_word' id='word_1_320' title='bbox 1820 1122 1886 1156; x_wconf 76' lang='lat' dir='ltr'>mi-</span> 
     </span>
     <span class='ocr_line' id='line_1_23' title="bbox 59 1161 1154 1218; baseline -0.007 -13"><span class='ocrx_word' id='word_1_321' title='bbox 59 1174 154 1211; x_wconf 77' lang='lat' dir='ltr'>nime</span> <span class='ocrx_word' id='word_1_322' title='bbox 167 1168 227 1205; x_wconf 88' lang='lat' dir='ltr'>esse</span> <span class='ocrx_word' id='word_1_323' title='bbox 237 1181 383 1218; x_wconf 82' lang='lat' dir='ltr'>capaces,</span> <span class='ocrx_word' id='word_1_324' title='bbox 396 1165 455 1202; x_wconf 87' lang='lat' dir='ltr'>nisi</span> <span class='ocrx_word' id='word_1_325' title='bbox 467 1168 528 1213; x_wconf 87' lang='lat' dir='ltr'>qui</span> <span class='ocrx_word' id='word_1_326' title='bbox 538 1176 644 1198; x_wconf 87' lang='lat' dir='ltr'>vnum</span> <span class='ocrx_word' id='word_1_327' title='bbox 654 1175 775 1212; x_wconf 82' lang='lat' dir='ltr'>corpus</span> <span class='ocrx_word' id='word_1_328' title='bbox 783 1161 857 1197; x_wconf 89' lang='lat' dir='ltr'>sunt</span> <span class='ocrx_word' id='word_1_329' title='bbox 870 1166 904 1197; x_wconf 86' lang='lat'>&amp;</span> <span class='ocrx_word' id='word_1_330' title='bbox 917 1175 1002 1197; x_wconf 89' lang='lat' dir='ltr'>vnus</span> <span class='ocrx_word' id='word_1_331' title='bbox 1013 1161 1154 1210; x_wconf 82' lang='lat' dir='ltr'>spiritus.</span> 
     </span>
    </p>

    <p class='ocr_par' dir='ltr' id='par_1_4' title="bbox 51 1209 1884 2084">
     <span class='ocr_line' id='line_1_24' title="bbox 106 1209 1883 1267; baseline -0.002 -13"><span class='ocrx_word' id='word_1_332' title='bbox 106 1232 122 1267; x_wconf 82' lang='lat'>5</span> <span class='ocrx_word' id='word_1_333' title='bbox 173 1221 266 1254; x_wconf 83' lang='lat' dir='ltr'>Vnus</span> <span class='ocrx_word' id='word_1_334' title='bbox 273 1218 455 1258; x_wconf 61' lang='lat' dir='ltr'>Dominus.)</span> <span class='ocrx_word' id='word_1_335' title='bbox 494 1215 606 1248; x_wconf 86' lang='lat' dir='ltr'>Priore</span> <span class='ocrx_word' id='word_1_336' title='bbox 617 1212 656 1247; x_wconf 90' lang='lat' dir='ltr'>ad</span> <span class='ocrx_word' id='word_1_337' title='bbox 671 1211 827 1247; x_wconf 79' lang='lat' dir='ltr'>Corinth.</span> <span class='ocrx_word' id='word_1_338' title='bbox 840 1222 882 1243; x_wconf 78' lang='grc' dir='ltr'>η.</span> <span class='ocrx_word' id='word_1_339' title='bbox 901 1221 960 1255; x_wconf 81' lang='lat' dir='ltr'>a.5‚</span> <span class='ocrx_word' id='word_1_340' title='bbox 970 1209 1162 1258; x_wconf 88' lang='lat' dir='ltr'>simpliciter</span> <span class='ocrx_word' id='word_1_341' title='bbox 1170 1210 1231 1246; x_wconf 82' lang='lat' dir='ltr'>hac</span> <span class='ocrx_word' id='word_1_342' title='bbox 1243 1224 1326 1251; x_wconf 87' lang='lat' dir='ltr'>voce</span> <span class='ocrx_word' id='word_1_343' title='bbox 1335 1214 1478 1248; x_wconf 85' lang='lat' dir='ltr'>Domini</span> <span class='ocrx_word' id='word_1_344' title='bbox 1491 1240 1500 1254; x_wconf 94' lang='lat'>‚</span> <span class='ocrx_word' id='word_1_345' title='bbox 1511 1215 1691 1263; x_wconf 85' lang='lat' dir='ltr'>imperium</span> <span class='ocrx_word' id='word_1_346' title='bbox 1703 1218 1767 1253; x_wconf 91' lang='lat' dir='ltr'>Dei</span> <span class='ocrx_word' id='word_1_347' title='bbox 1778 1227 1883 1262; x_wconf 60' lang='lat' dir='ltr'>nota‘:</span> 
     </span>
     <span class='ocr_line' id='line_1_25' title="bbox 57 1257 1882 1316; baseline -0.002 -17"><span class='ocrx_word' id='word_1_348' title='bbox 57 1268 115 1309; x_wconf 67' lang='lat' dir='ltr'>hic</span> <span class='ocrx_word' id='word_1_349' title='bbox 125 1267 216 1306; x_wconf 70' lang='lat' dir='ltr'>veto,</span> <span class='ocrx_word' id='word_1_350' title='bbox 229 1270 308 1316; x_wconf 82' lang='lat' dir='ltr'>quia</span> <span class='ocrx_word' id='word_1_351' title='bbox 319 1264 419 1313; x_wconf 78' lang='lat' dir='ltr'>paulo</span> <span class='ocrx_word' id='word_1_352' title='bbox 433 1262 507 1311; x_wconf 79' lang='lat' dir='ltr'>post</span> <span class='ocrx_word' id='word_1_353' title='bbox 517 1261 556 1295; x_wconf 91' lang='lat' dir='ltr'>de</span> <span class='ocrx_word' id='word_1_354' title='bbox 566 1262 659 1298; x_wconf 86' lang='lat' dir='ltr'>Patre</span> <span class='ocrx_word' id='word_1_355' title='bbox 667 1261 871 1295; x_wconf 82' lang='lat' dir='ltr'>nominatim</span> <span class='ocrx_word' id='word_1_356' title='bbox 881 1257 1037 1304; x_wconf 86' lang='lat' dir='ltr'>loquetur</span> <span class='ocrx_word' id='word_1_357' title='bbox 1047 1286 1056 1296; x_wconf 87' lang='lat'><em>,</em></span> <span class='ocrx_word' id='word_1_358' title='bbox 1067 1260 1200 1306; x_wconf 71' lang='lat' dir='ltr'>proprie</span> <span class='ocrx_word' id='word_1_359' title='bbox 1211 1260 1382 1297; x_wconf 83' lang='lat' dir='ltr'>Christum</span> <span class='ocrx_word' id='word_1_360' title='bbox 1393 1261 1551 1309; x_wconf 78' lang='lat' dir='ltr'>intelligit</span> <span class='ocrx_word' id='word_1_361' title='bbox 1561 1286 1571 1300; x_wconf 91' lang='lat'>,</span> <span class='ocrx_word' id='word_1_362' title='bbox 1583 1266 1642 1310; x_wconf 89' lang='lat' dir='ltr'>qui</span> <span class='ocrx_word' id='word_1_363' title='bbox 1656 1265 1828 1300; x_wconf 66' lang='lat' dir='ltr'>ordinatus</span> <span class='ocrx_word' id='word_1_364' title='bbox 1839 1267 1882 1300; x_wconf 83' lang='lat' dir='ltr'>est</span> 
     </span>
     <span class='ocr_line' id='line_1_26' title="bbox 57 1305 1883 1361; baseline -0.003 -7"><span class='ocrx_word' id='word_1_365' title='bbox 57 1318 159 1354; x_wconf 85' lang='lat' dir='ltr'>nobis</span> <span class='ocrx_word' id='word_1_366' title='bbox 168 1319 186 1352; x_wconf 76' lang='lat' dir='ltr'>a</span> <span class='ocrx_word' id='word_1_367' title='bbox 195 1317 288 1350; x_wconf 84' lang='lat' dir='ltr'>Patre</span> <span class='ocrx_word' id='word_1_368' title='bbox 296 1316 478 1349; x_wconf 83' lang='lat' dir='ltr'>Dominus.</span> <span class='ocrx_word' id='word_1_369' title='bbox 498 1323 570 1345; x_wconf 87' lang='lat' dir='ltr'>non</span> <span class='ocrx_word' id='word_1_370' title='bbox 581 1306 751 1357; x_wconf 75' lang='lat' dir='ltr'>possumus</span> <span class='ocrx_word' id='word_1_371' title='bbox 761 1319 872 1342; x_wconf 89' lang='lat' dir='ltr'>autem</span> <span class='ocrx_word' id='word_1_372' title='bbox 882 1305 974 1350; x_wconf 86' lang='lat' dir='ltr'>illius</span> <span class='ocrx_word' id='word_1_373' title='bbox 991 1307 1146 1343; x_wconf 88' lang='lat' dir='ltr'>dominio</span> <span class='ocrx_word' id='word_1_374' title='bbox 1156 1305 1275 1341; x_wconf 79' lang='lat' dir='ltr'>subesse</span> <span class='ocrx_word' id='word_1_375' title='bbox 1295 1308 1355 1342; x_wconf 81' lang='lat' dir='ltr'>nili</span> <span class='ocrx_word' id='word_1_376' title='bbox 1366 1312 1549 1346; x_wconf 82' lang='lat' dir='ltr'>vnanimes.</span> <span class='ocrx_word' id='word_1_377' title='bbox 1570 1312 1715 1357; x_wconf 76' lang='lat' dir='ltr'>Quoties</span> <span class='ocrx_word' id='word_1_378' title='bbox 1727 1313 1781 1347; x_wconf 80' lang='lat' dir='ltr'>hic</span> <span class='ocrx_word' id='word_1_379' title='bbox 1800 1313 1883 1361; x_wconf 83' lang='lat' dir='ltr'>legis</span> 
     </span>
     <span class='ocr_line' id='line_1_27' title="bbox 56 1353 1880 1410; baseline -0.003 -8"><span class='ocrx_word' id='word_1_380' title='bbox 56 1363 262 1402; x_wconf 82' lang='lat' dir='ltr'>vocabulum</span> <span class='ocrx_word' id='word_1_381' title='bbox 275 1365 369 1398; x_wconf 85' lang='lat' dir='ltr'>Vnus</span> <span class='ocrx_word' id='word_1_382' title='bbox 381 1387 391 1401; x_wconf 88' lang='lat'>,</span> <span class='ocrx_word' id='word_1_383' title='bbox 411 1357 562 1405; x_wconf 78' lang='lat' dir='ltr'>intellige</span> <span class='ocrx_word' id='word_1_384' title='bbox 570 1356 757 1405; x_wconf 72' lang='lat' dir='ltr'>emphatice</span> <span class='ocrx_word' id='word_1_385' title='bbox 797 1353 929 1389; x_wconf 81' lang='lat' dir='ltr'>ofitum.</span> <span class='ocrx_word' id='word_1_386' title='bbox 948 1353 1009 1392; x_wconf 80' lang='lat' dir='ltr'>acii</span> <span class='ocrx_word' id='word_1_387' title='bbox 1019 1355 1140 1389; x_wconf 87' lang='lat' dir='ltr'>diceret</span> <span class='ocrx_word' id='word_1_388' title='bbox 1150 1378 1160 1392; x_wconf 89' lang='lat'><em>‚</em></span> <span class='ocrx_word' id='word_1_389' title='bbox 1174 1356 1257 1389; x_wconf 84' lang='lat' dir='ltr'>Non</span> <span class='ocrx_word' id='word_1_390' title='bbox 1268 1355 1374 1404; x_wconf 84' lang='lat' dir='ltr'>potest</span> <span class='ocrx_word' id='word_1_391' title='bbox 1383 1358 1488 1391; x_wconf 89' lang='lat' dir='ltr'>diuidi</span> <span class='ocrx_word' id='word_1_392' title='bbox 1498 1359 1648 1394; x_wconf 86' lang='lat' dir='ltr'>Christus</span> <span class='ocrx_word' id='word_1_393' title='bbox 1661 1384 1671 1399; x_wconf 82' lang='lat'>‚</span> <span class='ocrx_word' id='word_1_394' title='bbox 1690 1374 1760 1396; x_wconf 89' lang='lat' dir='ltr'>non</span> <span class='ocrx_word' id='word_1_395' title='bbox 1773 1362 1880 1410; x_wconf 82' lang='lat' dir='ltr'>potest</span> 
     </span>
     <span class='ocr_line' id='line_1_28' title="bbox 58 1401 1881 1455; baseline 0 -11"><span class='ocrx_word' id='word_1_396' title='bbox 58 1413 163 1450; x_wconf 77' lang='lat' dir='ltr'>scindi</span> <span class='ocrx_word' id='word_1_397' title='bbox 173 1412 271 1448; x_wconf 84' lang='lat' dir='ltr'>fides:</span> <span class='ocrx_word' id='word_1_398' title='bbox 286 1424 358 1445; x_wconf 89' lang='lat' dir='ltr'>non</span> <span class='ocrx_word' id='word_1_399' title='bbox 369 1408 443 1444; x_wconf 89' lang='lat' dir='ltr'>sunt</span> <span class='ocrx_word' id='word_1_400' title='bbox 453 1405 570 1442; x_wconf 87' lang='lat' dir='ltr'>diuersi</span> <span class='ocrx_word' id='word_1_401' title='bbox 578 1402 746 1452; x_wconf 85' lang='lat' dir='ltr'>Baptismi,</span> <span class='ocrx_word' id='word_1_402' title='bbox 772 1405 810 1437; x_wconf 92' lang='lat' dir='ltr'>ed</span> <span class='ocrx_word' id='word_1_403' title='bbox 822 1416 905 1438; x_wconf 78' lang='lat' dir='ltr'>viius</span> <span class='ocrx_word' id='word_1_404' title='bbox 915 1401 1074 1437; x_wconf 88' lang='lat' dir='ltr'>omuibus</span> <span class='ocrx_word' id='word_1_405' title='bbox 1083 1406 1276 1437; x_wconf 79' lang='lat' dir='ltr'>communis</span> <span class='ocrx_word' id='word_1_406' title='bbox 1286 1417 1294 1437; x_wconf 78' lang='lat' dir='ltr'>z</span> <span class='ocrx_word' id='word_1_407' title='bbox 1306 1417 1376 1439; x_wconf 89' lang='lat' dir='ltr'>non</span> <span class='ocrx_word' id='word_1_408' title='bbox 1387 1405 1492 1451; x_wconf 82' lang='lat' dir='ltr'>potest</span> <span class='ocrx_word' id='word_1_409' title='bbox 1499 1407 1589 1440; x_wconf 89' lang='lat' dir='ltr'>Deus</span> <span class='ocrx_word' id='word_1_410' title='bbox 1600 1410 1636 1442; x_wconf 88' lang='lat' dir='ltr'>in</span> <span class='ocrx_word' id='word_1_411' title='bbox 1648 1420 1754 1455; x_wconf 83' lang='lat' dir='ltr'>partes</span> <span class='ocrx_word' id='word_1_412' title='bbox 1775 1411 1881 1451; x_wconf 57' lang='lat' dir='ltr'>varias</span> 
     </span>
     <span class='ocr_line' id='line_1_29' title="bbox 55 1451 1884 1507; baseline -0.005 -8"><span class='ocrx_word' id='word_1_413' title='bbox 55 1462 200 1499; x_wconf 76' lang='lat' dir='ltr'>distrahi.</span> <span class='ocrx_word' id='word_1_414' title='bbox 217 1471 296 1507; x_wconf 77' lang='lat' dir='ltr'>ergo</span> <span class='ocrx_word' id='word_1_415' title='bbox 306 1461 470 1493; x_wconf 88' lang='lat' dir='ltr'>vnitatem</span> <span class='ocrx_word' id='word_1_416' title='bbox 479 1458 565 1489; x_wconf 89' lang='lat' dir='ltr'>inter</span> <span class='ocrx_word' id='word_1_417' title='bbox 575 1466 637 1488; x_wconf 86' lang='lat' dir='ltr'>nos</span> <span class='ocrx_word' id='word_1_418' title='bbox 648 1452 790 1487; x_wconf 58' lang='lat' dir='ltr'>sanctam</span> <span class='ocrx_word' id='word_1_419' title='bbox 801 1451 868 1486; x_wconf 89' lang='lat' dir='ltr'>coli</span> <span class='ocrx_word' id='word_1_420' title='bbox 877 1451 981 1489; x_wconf 89' lang='lat' dir='ltr'>decet,</span> <span class='ocrx_word' id='word_1_421' title='bbox 993 1463 1065 1498; x_wconf 79' lang='lat' dir='ltr'>quae</span> <span class='ocrx_word' id='word_1_422' title='bbox 1073 1462 1124 1485; x_wconf 91' lang='lat' dir='ltr'>tot</span> <span class='ocrx_word' id='word_1_423' title='bbox 1133 1451 1278 1486; x_wconf 88' lang='lat' dir='ltr'>vinculis</span> <span class='ocrx_word' id='word_1_424' title='bbox 1290 1453 1333 1487; x_wconf 89' lang='lat' dir='ltr'>est</span> <span class='ocrx_word' id='word_1_425' title='bbox 1343 1453 1509 1500; x_wconf 86' lang='lat' dir='ltr'>colligata.</span> <span class='ocrx_word' id='word_1_426' title='bbox 1521 1453 1613 1490; x_wconf 87' lang='lat' dir='ltr'>Nam</span> <span class='ocrx_word' id='word_1_427' title='bbox 1624 1460 1658 1490; x_wconf 70' lang='grc' dir='ltr'>δι</span> <span class='ocrx_word' id='word_1_428' title='bbox 1671 1454 1760 1494; x_wconf 85' lang='lat' dir='ltr'>fides,</span> <span class='ocrx_word' id='word_1_429' title='bbox 1773 1461 1808 1493; x_wconf 88' lang='lat'>&amp;</span> <span class='ocrx_word' id='word_1_430' title='bbox 1818 1459 1884 1492; x_wconf 52' lang='lat' dir='ltr'>Bam</span> 
     </span>
     <span class='ocr_line' id='line_1_30' title="bbox 56 1498 1881 1562; baseline -0.004 -16"><span class='ocrx_word' id='word_1_431' title='bbox 56 1509 190 1562; x_wconf 77' lang='lat' dir='ltr'>prisma,</span> <span class='ocrx_word' id='word_1_432' title='bbox 202 1512 236 1543; x_wconf 68' lang='grc' dir='ltr'>δε</span> <span class='ocrx_word' id='word_1_433' title='bbox 248 1509 342 1542; x_wconf 88' lang='lat' dir='ltr'>Deus</span> <span class='ocrx_word' id='word_1_434' title='bbox 352 1508 455 1542; x_wconf 76' lang='lat' dir='ltr'>Pater,</span> <span class='ocrx_word' id='word_1_435' title='bbox 471 1507 505 1541; x_wconf 86' lang='lat'>&amp;</span> <span class='ocrx_word' id='word_1_436' title='bbox 517 1502 666 1537; x_wconf 88' lang='lat' dir='ltr'>Christus</span> <span class='ocrx_word' id='word_1_437' title='bbox 677 1502 770 1534; x_wconf 89' lang='lat' dir='ltr'>vnire</span> <span class='ocrx_word' id='word_1_438' title='bbox 783 1512 846 1537; x_wconf 87' lang='lat' dir='ltr'>nos</span> <span class='ocrx_word' id='word_1_439' title='bbox 855 1498 988 1536; x_wconf 78' lang='lat' dir='ltr'>debent,</span> <span class='ocrx_word' id='word_1_440' title='bbox 999 1500 1042 1533; x_wconf 87' lang='lat' dir='ltr'>ita</span> <span class='ocrx_word' id='word_1_441' title='bbox 1056 1510 1092 1534; x_wconf 81' lang='lat' dir='ltr'>vt</span> <span class='ocrx_word' id='word_1_442' title='bbox 1100 1500 1352 1546; x_wconf 86' lang='lat' dir='ltr'>quodammodo</span> <span class='ocrx_word' id='word_1_443' title='bbox 1365 1503 1401 1535; x_wconf 90' lang='lat' dir='ltr'>in</span> <span class='ocrx_word' id='word_1_444' title='bbox 1412 1513 1516 1536; x_wconf 88' lang='lat' dir='ltr'>vnum</span> <span class='ocrx_word' id='word_1_445' title='bbox 1529 1502 1706 1538; x_wconf 87' lang='lat' dir='ltr'>hominem</span> <span class='ocrx_word' id='word_1_446' title='bbox 1719 1505 1881 1545; x_wconf 76' lang='lat' dir='ltr'>coalesca-</span> 
     </span>
     <span class='ocr_line' id='line_1_31' title="bbox 57 1548 1880 1601; baseline -0.004 -7"><span class='ocrx_word' id='word_1_447' title='bbox 57 1572 135 1596; x_wconf 86' lang='lat' dir='ltr'>mus</span> <span class='ocrx_word' id='word_1_448' title='bbox 144 1569 274 1593; x_wconf 88' lang='lat' dir='ltr'>omnes.</span> <span class='ocrx_word' id='word_1_449' title='bbox 286 1553 451 1590; x_wconf 70' lang='lat' dir='ltr'>Caeterum</span> <span class='ocrx_word' id='word_1_450' title='bbox 460 1552 529 1587; x_wconf 84' lang='lat' dir='ltr'>haec</span> <span class='ocrx_word' id='word_1_451' title='bbox 538 1551 655 1584; x_wconf 82' lang='lat' dir='ltr'>omnia</span> <span class='ocrx_word' id='word_1_452' title='bbox 670 1550 805 1587; x_wconf 84' lang='lat' dir='ltr'>vnitatis</span> <span class='ocrx_word' id='word_1_453' title='bbox 816 1558 1011 1596; x_wconf 80' lang='lat' dir='ltr'>argumenta</span> <span class='ocrx_word' id='word_1_454' title='bbox 1019 1548 1159 1595; x_wconf 85' lang='lat' dir='ltr'>expendi</span> <span class='ocrx_word' id='word_1_455' title='bbox 1172 1551 1277 1599; x_wconf 83' lang='lat' dir='ltr'>magis</span> <span class='ocrx_word' id='word_1_456' title='bbox 1287 1548 1407 1586; x_wconf 89' lang='lat' dir='ltr'>debent</span> <span class='ocrx_word' id='word_1_457' title='bbox 1417 1572 1428 1587; x_wconf 91' lang='lat'><em>,</em></span> <span class='ocrx_word' id='word_1_458' title='bbox 1439 1550 1541 1601; x_wconf 68' lang='lat' dir='ltr'>quam</span> <span class='ocrx_word' id='word_1_459' title='bbox 1554 1554 1695 1586; x_wconf 84' lang='lat' dir='ltr'>enarrari</span> <span class='ocrx_word' id='word_1_460' title='bbox 1708 1565 1840 1600; x_wconf 81' lang='lat' dir='ltr'>queant.</span> <span class='ocrx_word' id='word_1_461' title='bbox 1852 1556 1880 1588; x_wconf 86' lang='lat' dir='ltr'>i·</span> 
     </span>
     <span class='ocr_line' id='line_1_32' title="bbox 56 1594 1883 1652; baseline -0.004 -9"><span class='ocrx_word' id='word_1_462' title='bbox 56 1610 121 1643; x_wconf 88' lang='lat' dir='ltr'>deo</span> <span class='ocrx_word' id='word_1_463' title='bbox 129 1607 273 1641; x_wconf 88' lang='lat' dir='ltr'>breuiter</span> <span class='ocrx_word' id='word_1_464' title='bbox 283 1601 438 1652; x_wconf 87' lang='lat' dir='ltr'>Apostoli</span> <span class='ocrx_word' id='word_1_465' title='bbox 449 1608 597 1634; x_wconf 85' lang='lat' dir='ltr'>mentem</span> <span class='ocrx_word' id='word_1_466' title='bbox 607 1597 752 1631; x_wconf 88' lang='lat' dir='ltr'>indicare</span> <span class='ocrx_word' id='word_1_467' title='bbox 761 1595 847 1634; x_wconf 85' lang='lat' dir='ltr'>mihi</span> <span class='ocrx_word' id='word_1_468' title='bbox 856 1594 975 1632; x_wconf 84' lang='lat' dir='ltr'>sufficit</span> <span class='ocrx_word' id='word_1_469' title='bbox 986 1608 994 1629; x_wconf 90' lang='lat'>:</span> <span class='ocrx_word' id='word_1_470' title='bbox 1005 1595 1139 1644; x_wconf 85' lang='lat' dir='ltr'>plenam</span> <span class='ocrx_word' id='word_1_471' title='bbox 1149 1599 1383 1636; x_wconf 64' lang='lat' dir='ltr'>trattationem</span> <span class='ocrx_word' id='word_1_472' title='bbox 1393 1597 1616 1637; x_wconf 86' lang='lat' dir='ltr'>concionibus</span> <span class='ocrx_word' id='word_1_473' title='bbox 1625 1598 1790 1649; x_wconf 85' lang='lat' dir='ltr'>relinquo.</span> <span class='ocrx_word' id='word_1_474' title='bbox 1803 1602 1883 1635; x_wconf 89' lang='lat' dir='ltr'>Por-</span> 
     </span>
     <span class='ocr_line' id='line_1_33' title="bbox 56 1644 1883 1698; baseline -0.003 -10"><span class='ocrx_word' id='word_1_475' title='bbox 56 1657 95 1694; x_wconf 60' lang='grc' dir='ltr'>πὸ</span> <span class='ocrx_word' id='word_1_476' title='bbox 105 1657 214 1692; x_wconf 78' lang='lat' dir='ltr'>vnitas</span> <span class='ocrx_word' id='word_1_477' title='bbox 227 1652 302 1688; x_wconf 87' lang='lat' dir='ltr'>fidei</span> <span class='ocrx_word' id='word_1_478' title='bbox 312 1653 406 1686; x_wconf 86' lang='lat' dir='ltr'>cuius</span> <span class='ocrx_word' id='word_1_479' title='bbox 417 1647 584 1684; x_wconf 85' lang='lat' dir='ltr'>meminit,</span> <span class='ocrx_word' id='word_1_480' title='bbox 594 1644 635 1680; x_wconf 83' lang='lat' dir='ltr'>ab</span> <span class='ocrx_word' id='word_1_481' title='bbox 645 1646 742 1680; x_wconf 90' lang='lat' dir='ltr'>vnica</span> <span class='ocrx_word' id='word_1_482' title='bbox 755 1649 791 1682; x_wconf 63' lang='grc' dir='ltr'>ὃς</span> <span class='ocrx_word' id='word_1_483' title='bbox 799 1655 917 1683; x_wconf 81' lang='lat' dir='ltr'>aeterna</span> <span class='ocrx_word' id='word_1_484' title='bbox 926 1646 991 1680; x_wconf 88' lang='lat' dir='ltr'>Dei</span> <span class='ocrx_word' id='word_1_485' title='bbox 1000 1647 1136 1679; x_wconf 88' lang='lat' dir='ltr'>veritate</span> <span class='ocrx_word' id='word_1_486' title='bbox 1144 1646 1277 1694; x_wconf 74' lang='lat' dir='ltr'>pendet,</span> <span class='ocrx_word' id='word_1_487' title='bbox 1289 1648 1324 1680; x_wconf 89' lang='lat' dir='ltr'>in</span> <span class='ocrx_word' id='word_1_488' title='bbox 1335 1658 1400 1693; x_wconf 82' lang='lat' dir='ltr'>qua</span> <span class='ocrx_word' id='word_1_489' title='bbox 1409 1645 1545 1680; x_wconf 85' lang='lat' dir='ltr'>fundata</span> <span class='ocrx_word' id='word_1_490' title='bbox 1556 1647 1610 1682; x_wconf 83' lang='lat' dir='ltr'>est.</span> <span class='ocrx_word' id='word_1_491' title='bbox 1649 1650 1756 1683; x_wconf 81' lang='lat' dir='ltr'>Vnum</span> <span class='ocrx_word' id='word_1_492' title='bbox 1765 1647 1873 1698; x_wconf 77' lang='lat' dir='ltr'>baptis</span> <span class='ocrx_word' id='word_1_493' title='bbox 1867 1668 1883 1674; x_wconf 88' lang='lat'><em>-</em></span> 
     </span>
     <span class='ocr_line' id='line_1_34' title="bbox 56 1691 1880 1749; baseline -0.004 -10"><span class='ocrx_word' id='word_1_494' title='bbox 56 1717 119 1740; x_wconf 83' lang='lat' dir='ltr'>ma.</span> <span class='ocrx_word' id='word_1_495' title='bbox 143 1704 364 1749; x_wconf 78' lang='lat' dir='ltr'>Perperamex</span> <span class='ocrx_word' id='word_1_496' title='bbox 371 1697 437 1733; x_wconf 90' lang='lat' dir='ltr'>hoc</span> <span class='ocrx_word' id='word_1_497' title='bbox 446 1695 525 1730; x_wconf 91' lang='lat' dir='ltr'>loco</span> <span class='ocrx_word' id='word_1_498' title='bbox 534 1694 671 1741; x_wconf 83' lang='lat' dir='ltr'>quidam</span> <span class='ocrx_word' id='word_1_499' title='bbox 681 1693 860 1742; x_wconf 72' lang='lat' dir='ltr'>colligunt,</span> <span class='ocrx_word' id='word_1_500' title='bbox 872 1705 943 1727; x_wconf 86' lang='lat' dir='ltr'>non</span> <span class='ocrx_word' id='word_1_501' title='bbox 954 1693 1141 1729; x_wconf 86' lang='lat' dir='ltr'>iterandum</span> <span class='ocrx_word' id='word_1_502' title='bbox 1152 1691 1212 1727; x_wconf 85' lang='lat' dir='ltr'>effe</span> <span class='ocrx_word' id='word_1_503' title='bbox 1222 1692 1386 1741; x_wconf 82' lang='lat' dir='ltr'>Baptisma</span> <span class='ocrx_word' id='word_1_504' title='bbox 1396 1696 1482 1729; x_wconf 89' lang='lat' dir='ltr'>inter</span> <span class='ocrx_word' id='word_1_505' title='bbox 1491 1694 1712 1732; x_wconf 86' lang='lat' dir='ltr'>Christianos.</span> <span class='ocrx_word' id='word_1_506' title='bbox 1725 1710 1835 1745; x_wconf 88' lang='lat' dir='ltr'>neque</span> <span class='ocrx_word' id='word_1_507' title='bbox 1845 1711 1880 1732; x_wconf 92' lang='lat' dir='ltr'>e-</span> 
     </span>
     <span class='ocr_line' id='line_1_35' title="bbox 56 1741 1878 1795; baseline -0.004 -8"><span class='ocrx_word' id='word_1_508' title='bbox 56 1756 131 1792; x_wconf 80' lang='lat' dir='ltr'>nim</span> <span class='ocrx_word' id='word_1_509' title='bbox 141 1750 206 1786; x_wconf 83' lang='lat' dir='ltr'>hoc</span> <span class='ocrx_word' id='word_1_510' title='bbox 215 1748 288 1784; x_wconf 89' lang='lat' dir='ltr'>vult</span> <span class='ocrx_word' id='word_1_511' title='bbox 296 1744 490 1795; x_wconf 87' lang='lat' dir='ltr'>Apostolus:</span> <span class='ocrx_word' id='word_1_512' title='bbox 500 1741 651 1780; x_wconf 84' lang='lat' dir='ltr'>sedidem</span> <span class='ocrx_word' id='word_1_513' title='bbox 663 1741 723 1775; x_wconf 79' lang='lat' dir='ltr'>esse</span> <span class='ocrx_word' id='word_1_514' title='bbox 732 1741 891 1777; x_wconf 80' lang='lat' dir='ltr'>omnibus</span> <span class='ocrx_word' id='word_1_515' title='bbox 899 1753 1093 1779; x_wconf 86' lang='lat' dir='ltr'>commune.</span> <span class='ocrx_word' id='word_1_516' title='bbox 1104 1742 1246 1788; x_wconf 84' lang='lat' dir='ltr'>ideoque</span> <span class='ocrx_word' id='word_1_517' title='bbox 1256 1754 1313 1789; x_wconf 87' lang='lat' dir='ltr'>per</span> <span class='ocrx_word' id='word_1_518' title='bbox 1322 1741 1430 1790; x_wconf 88' lang='lat' dir='ltr'>ipsum</span> <span class='ocrx_word' id='word_1_519' title='bbox 1441 1745 1566 1777; x_wconf 87' lang='lat' dir='ltr'>initiari</span> <span class='ocrx_word' id='word_1_520' title='bbox 1575 1757 1638 1781; x_wconf 82' lang='lat' dir='ltr'>nos</span> <span class='ocrx_word' id='word_1_521' title='bbox 1649 1747 1685 1785; x_wconf 83' lang='lat' dir='ltr'>in</span> <span class='ocrx_word' id='word_1_522' title='bbox 1695 1758 1795 1784; x_wconf 79' lang='lat' dir='ltr'>vnam</span> <span class='ocrx_word' id='word_1_523' title='bbox 1805 1748 1878 1782; x_wconf 50' lang='lat' dir='ltr'>ania</span> 
     </span>
     <span class='ocr_line' id='line_1_36' title="bbox 55 1788 1877 1842; baseline -0.004 -7"><span class='ocrx_word' id='word_1_524' title='bbox 55 1812 148 1838; x_wconf 81' lang='lat' dir='ltr'>mam</span> <span class='ocrx_word' id='word_1_525' title='bbox 159 1802 194 1833; x_wconf 73' lang='grc' dir='ltr'>δε</span> <span class='ocrx_word' id='word_1_526' title='bbox 205 1808 312 1834; x_wconf 87' lang='lat' dir='ltr'>vnum</span> <span class='ocrx_word' id='word_1_527' title='bbox 319 1805 449 1842; x_wconf 86' lang='lat' dir='ltr'>corpus.</span> <span class='ocrx_word' id='word_1_528' title='bbox 461 1789 599 1842; x_wconf 61' lang='lat' dir='ltr'>defi</span> <span class='ocrx_word' id='word_1_529' title='bbox 608 1788 694 1825; x_wconf 83' lang='lat' dir='ltr'>valet</span> <span class='ocrx_word' id='word_1_530' title='bbox 703 1788 761 1824; x_wconf 88' lang='lat' dir='ltr'>illa</span> <span class='ocrx_word' id='word_1_531' title='bbox 770 1792 867 1831; x_wconf 73' lang='lat' dir='ltr'>ratio,</span> <span class='ocrx_word' id='word_1_532' title='bbox 878 1789 986 1823; x_wconf 77' lang='lat' dir='ltr'>multo</span> <span class='ocrx_word' id='word_1_533' title='bbox 995 1788 1136 1826; x_wconf 85' lang='lat' dir='ltr'>validior</span> <span class='ocrx_word' id='word_1_534' title='bbox 1148 1792 1209 1824; x_wconf 90' lang='lat' dir='ltr'>erit</span> <span class='ocrx_word' id='word_1_535' title='bbox 1220 1790 1297 1827; x_wconf 82' lang='lat' dir='ltr'>ista,</span> <span class='ocrx_word' id='word_1_536' title='bbox 1307 1791 1436 1830; x_wconf 77' lang='lat' dir='ltr'>Patrem</span> <span class='ocrx_word' id='word_1_537' title='bbox 1444 1814 1455 1829; x_wconf 91' lang='lat'><em>,</em></span> <span class='ocrx_word' id='word_1_538' title='bbox 1468 1795 1502 1826; x_wconf 85' lang='lat'>&amp;</span> <span class='ocrx_word' id='word_1_539' title='bbox 1513 1791 1636 1829; x_wconf 85' lang='lat' dir='ltr'>Filium</span> <span class='ocrx_word' id='word_1_540' title='bbox 1648 1819 1657 1831; x_wconf 89' lang='lat'><em>,</em></span> <span class='ocrx_word' id='word_1_541' title='bbox 1669 1797 1705 1828; x_wconf 73' lang='grc' dir='ltr'>δε</span> <span class='ocrx_word' id='word_1_542' title='bbox 1715 1795 1877 1841; x_wconf 88' lang='lat' dir='ltr'>Spiritum</span> 
     </span>
     <span class='ocr_line' id='line_1_37' title="bbox 51 1836 1874 1888; baseline -0.002 -9"><span class='ocrx_word' id='word_1_543' title='bbox 51 1850 204 1887; x_wconf 61' lang='lat' dir='ltr'>sana-um</span> <span class='ocrx_word' id='word_1_544' title='bbox 215 1869 225 1884; x_wconf 92' lang='lat'>‚</span> <span class='ocrx_word' id='word_1_545' title='bbox 236 1856 341 1881; x_wconf 87' lang='lat' dir='ltr'>vnum</span> <span class='ocrx_word' id='word_1_546' title='bbox 352 1844 466 1877; x_wconf 90' lang='lat' dir='ltr'>Deum</span> <span class='ocrx_word' id='word_1_547' title='bbox 478 1839 539 1875; x_wconf 81' lang='lat' dir='ltr'>effe</span> <span class='ocrx_word' id='word_1_548' title='bbox 550 1853 557 1873; x_wconf 89' lang='lat'><strong>:</strong></span> <span class='ocrx_word' id='word_1_549' title='bbox 576 1841 656 1888; x_wconf 82' lang='lat' dir='ltr'>quia</span> <span class='ocrx_word' id='word_1_550' title='bbox 664 1850 771 1872; x_wconf 85' lang='lat' dir='ltr'>vnum</span> <span class='ocrx_word' id='word_1_551' title='bbox 782 1838 825 1876; x_wconf 84' lang='lat' dir='ltr'>est</span> <span class='ocrx_word' id='word_1_552' title='bbox 835 1836 1017 1888; x_wconf 64' lang='lat' dir='ltr'>isa-prisma,</span> <span class='ocrx_word' id='word_1_553' title='bbox 1038 1838 1130 1885; x_wconf 91' lang='lat' dir='ltr'>quod</span> <span class='ocrx_word' id='word_1_554' title='bbox 1140 1840 1243 1873; x_wconf 84' lang='lat' dir='ltr'>trium</span> <span class='ocrx_word' id='word_1_555' title='bbox 1273 1842 1414 1874; x_wconf 88' lang='lat' dir='ltr'>nomine</span> <span class='ocrx_word' id='word_1_556' title='bbox 1424 1837 1640 1876; x_wconf 86' lang='lat' dir='ltr'>consecratur.</span> <span class='ocrx_word' id='word_1_557' title='bbox 1677 1843 1772 1888; x_wconf 78' lang='lat' dir='ltr'>Qid</span> <span class='ocrx_word' id='word_1_558' title='bbox 1781 1845 1874 1879; x_wconf 87' lang='lat' dir='ltr'>enim</span> 
     </span>
     <span class='ocr_line' id='line_1_38' title="bbox 53 1882 1873 1937; baseline -0.005 -5"><span class='ocrx_word' id='word_1_559' title='bbox 53 1896 224 1937; x_wconf 80' lang='lat' dir='ltr'>habebunt</span> <span class='ocrx_word' id='word_1_560' title='bbox 235 1893 287 1929; x_wconf 88' lang='lat' dir='ltr'>vel</span> <span class='ocrx_word' id='word_1_561' title='bbox 297 1892 443 1934; x_wconf 74' lang='lat' dir='ltr'>Arriani,</span> <span class='ocrx_word' id='word_1_562' title='bbox 454 1887 508 1923; x_wconf 87' lang='lat' dir='ltr'>vel</span> <span class='ocrx_word' id='word_1_563' title='bbox 520 1886 710 1924; x_wconf 83' lang='lat' dir='ltr'>Sabelliani,</span> <span class='ocrx_word' id='word_1_564' title='bbox 720 1886 812 1933; x_wconf 87' lang='lat' dir='ltr'>&#39;quod</span> <span class='ocrx_word' id='word_1_565' title='bbox 819 1882 1036 1934; x_wconf 74' lang='lat' dir='ltr'>respondeant</span> <span class='ocrx_word' id='word_1_566' title='bbox 1045 1886 1086 1920; x_wconf 87' lang='lat' dir='ltr'>ad</span> <span class='ocrx_word' id='word_1_567' title='bbox 1094 1887 1188 1921; x_wconf 86' lang='lat' dir='ltr'>istam</span> <span class='ocrx_word' id='word_1_568' title='bbox 1201 1886 1430 1923; x_wconf 71' lang='lat' dir='ltr'>obieastionem</span> <span class='ocrx_word' id='word_1_569' title='bbox 1441 1895 1450 1921; x_wconf 69' lang='grc' dir='ltr'><strong>ἒ</strong></span> <span class='ocrx_word' id='word_1_570' title='bbox 1462 1887 1649 1935; x_wconf 83' lang='lat' dir='ltr'>Baptismus</span> <span class='ocrx_word' id='word_1_571' title='bbox 1660 1901 1786 1925; x_wconf 85' lang='lat' dir='ltr'>tantam</span> <span class='ocrx_word' id='word_1_572' title='bbox 1804 1893 1873 1925; x_wconf 84' lang='lat' dir='ltr'>vim</span> 
     </span>
     <span class='ocr_line' id='line_1_39' title="bbox 52 1933 1874 1986; baseline -0.003 -7"><span class='ocrx_word' id='word_1_573' title='bbox 52 1944 153 1986; x_wconf 75' lang='lat' dir='ltr'>habet</span> <span class='ocrx_word' id='word_1_574' title='bbox 164 1955 197 1978; x_wconf 85' lang='lat' dir='ltr'>vt</span> <span class='ocrx_word' id='word_1_575' title='bbox 207 1957 269 1978; x_wconf 86' lang='lat' dir='ltr'>nos</span> <span class='ocrx_word' id='word_1_576' title='bbox 280 1952 385 1979; x_wconf 86' lang='lat' dir='ltr'>vnum</span> <span class='ocrx_word' id='word_1_577' title='bbox 395 1937 527 1973; x_wconf 71' lang='lat' dir='ltr'>efficiat.</span> <span class='ocrx_word' id='word_1_578' title='bbox 539 1939 574 1970; x_wconf 84' lang='lat' dir='ltr'>in</span> <span class='ocrx_word' id='word_1_579' title='bbox 583 1933 752 1983; x_wconf 86' lang='lat' dir='ltr'>Baptismo</span> <span class='ocrx_word' id='word_1_580' title='bbox 763 1945 873 1969; x_wconf 88' lang='lat' dir='ltr'>autem</span> <span class='ocrx_word' id='word_1_581' title='bbox 882 1936 1060 1969; x_wconf 88' lang='lat' dir='ltr'>inuocatur</span> <span class='ocrx_word' id='word_1_582' title='bbox 1071 1947 1197 1969; x_wconf 88' lang='lat' dir='ltr'>nomen</span> <span class='ocrx_word' id='word_1_583' title='bbox 1207 1936 1310 1970; x_wconf 86' lang='lat' dir='ltr'>Patris</span> <span class='ocrx_word' id='word_1_584' title='bbox 1318 1963 1329 1975; x_wconf 93' lang='lat'>,</span> <span class='ocrx_word' id='word_1_585' title='bbox 1340 1939 1374 1970; x_wconf 87' lang='lat'>&amp;</span> <span class='ocrx_word' id='word_1_586' title='bbox 1384 1935 1481 1974; x_wconf 82' lang='lat' dir='ltr'>Filii,</span> <span class='ocrx_word' id='word_1_587' title='bbox 1492 1940 1526 1971; x_wconf 83' lang='lat'>&amp;</span> <span class='ocrx_word' id='word_1_588' title='bbox 1537 1938 1677 1984; x_wconf 85' lang='lat' dir='ltr'>Spiritus</span> <span class='ocrx_word' id='word_1_589' title='bbox 1688 1936 1800 1974; x_wconf 69' lang='lat' dir='ltr'>saneki.</span> <span class='ocrx_word' id='word_1_590' title='bbox 1814 1952 1874 1973; x_wconf 83' lang='lat' dir='ltr'>ne—</span> 
     </span>
     <span class='ocr_line' id='line_1_40' title="bbox 51 1980 1872 2043; baseline 0 -22"><span class='ocrx_word' id='word_1_591' title='bbox 51 1992 222 2043; x_wconf 68' lang='lat' dir='ltr'>gabfintne</span> <span class='ocrx_word' id='word_1_592' title='bbox 232 2002 332 2027; x_wconf 72' lang='lat' dir='ltr'>Vnam</span> <span class='ocrx_word' id='word_1_593' title='bbox 347 1986 406 2026; x_wconf 82' lang='lat' dir='ltr'>effe</span> <span class='ocrx_word' id='word_1_594' title='bbox 416 1986 640 2022; x_wconf 87' lang='lat' dir='ltr'>Dininitatern</span> <span class='ocrx_word' id='word_1_595' title='bbox 651 1995 724 2033; x_wconf 83' lang='lat' dir='ltr'>quae</span> <span class='ocrx_word' id='word_1_596' title='bbox 734 1981 771 2021; x_wconf 84' lang='lat' dir='ltr'>fit</span> <span class='ocrx_word' id='word_1_597' title='bbox 780 1984 880 2023; x_wconf 79' lang='lat' dir='ltr'>huius</span> <span class='ocrx_word' id='word_1_598' title='bbox 890 1980 982 2018; x_wconf 82' lang='lat' dir='ltr'>sacrae</span> <span class='ocrx_word' id='word_1_599' title='bbox 992 1986 1027 2018; x_wconf 90' lang='lat'>&amp;</span> <span class='ocrx_word' id='word_1_600' title='bbox 1037 1983 1178 2028; x_wconf 85' lang='lat' dir='ltr'>mysticae</span> <span class='ocrx_word' id='word_1_601' title='bbox 1187 1985 1320 2019; x_wconf 84' lang='lat' dir='ltr'>vnitatis</span> <span class='ocrx_word' id='word_1_602' title='bbox 1330 1982 1583 2023; x_wconf 79' lang='lat' dir='ltr'>fundamentum</span> <span class='ocrx_word' id='word_1_603' title='bbox 1594 1987 1607 2018; x_wconf 65' lang='grc' dir='ltr'>ἓ</span> <span class='ocrx_word' id='word_1_604' title='bbox 1616 1986 1703 2032; x_wconf 82' lang='lat' dir='ltr'>Ergo</span> <span class='ocrx_word' id='word_1_605' title='bbox 1711 1985 1872 2024; x_wconf 76' lang='lat' dir='ltr'>fateamur</span> 
     </span>
     <span class='ocr_line' id='line_1_41' title="bbox 52 2030 1871 2084; baseline -0.005 -7"><span class='ocrx_word' id='word_1_606' title='bbox 52 2038 177 2080; x_wconf 76' lang='lat' dir='ltr'>necesse</span> <span class='ocrx_word' id='word_1_607' title='bbox 188 2039 246 2080; x_wconf 86' lang='lat' dir='ltr'>est,</span> <span class='ocrx_word' id='word_1_608' title='bbox 257 2052 295 2074; x_wconf 87' lang='lat' dir='ltr'>ex</span> <span class='ocrx_word' id='word_1_609' title='bbox 303 2033 459 2084; x_wconf 83' lang='lat' dir='ltr'>Baptismi</span> <span class='ocrx_word' id='word_1_610' title='bbox 471 2032 681 2067; x_wconf 81' lang='lat' dir='ltr'>institutione</span> <span class='ocrx_word' id='word_1_611' title='bbox 692 2031 823 2079; x_wconf 87' lang='lat' dir='ltr'>probari</span> <span class='ocrx_word' id='word_1_612' title='bbox 832 2043 895 2065; x_wconf 88' lang='lat' dir='ltr'>tres</span> <span class='ocrx_word' id='word_1_613' title='bbox 906 2030 1058 2078; x_wconf 80' lang='lat' dir='ltr'>personas</span> <span class='ocrx_word' id='word_1_614' title='bbox 1068 2036 1103 2065; x_wconf 85' lang='lat' dir='ltr'>in</span> <span class='ocrx_word' id='word_1_615' title='bbox 1115 2043 1178 2067; x_wconf 85' lang='lat' dir='ltr'>vna</span> <span class='ocrx_word' id='word_1_616' title='bbox 1185 2032 1250 2065; x_wconf 91' lang='lat' dir='ltr'>Dei</span> <span class='ocrx_word' id='word_1_617' title='bbox 1262 2031 1403 2067; x_wconf 70' lang='lat' dir='ltr'>essentia.</span> <span class='ocrx_word' id='word_1_618' title='bbox 1865 2053 1871 2058; x_wconf 80' lang='lat'>-</span> 
     </span>
    </p>

    <p class='ocr_par' dir='ltr' id='par_1_5' title="bbox 48 2078 2056 2763">
     <span class='ocr_line' id='line_1_42' title="bbox 103 2078 1885 2132; baseline -0.003 -12"><span class='ocrx_word' id='word_1_619' title='bbox 103 2093 126 2123; x_wconf 92' lang='lat'><em>6</em></span> <span class='ocrx_word' id='word_1_620' title='bbox 176 2091 267 2122; x_wconf 84' lang='lat' dir='ltr'>Vnus</span> <span class='ocrx_word' id='word_1_621' title='bbox 276 2089 364 2120; x_wconf 73' lang='lat' dir='ltr'>Deus</span> <span class='ocrx_word' id='word_1_622' title='bbox 373 2087 410 2122; x_wconf 65' lang='grc' dir='ltr'>ὠ·</span> <span class='ocrx_word' id='word_1_623' title='bbox 422 2084 536 2125; x_wconf 76' lang='lat' dir='ltr'>Pater.)</span> <span class='ocrx_word' id='word_1_624' title='bbox 575 2081 653 2114; x_wconf 88' lang='lat' dir='ltr'>Hoc</span> <span class='ocrx_word' id='word_1_625' title='bbox 662 2081 706 2114; x_wconf 87' lang='lat' dir='ltr'>est</span> <span class='ocrx_word' id='word_1_626' title='bbox 717 2082 919 2132; x_wconf 80' lang='lat' dir='ltr'>praecipuum</span> <span class='ocrx_word' id='word_1_627' title='bbox 930 2093 938 2113; x_wconf 87' lang='lat'><strong>:</strong></span> <span class='ocrx_word' id='word_1_628' title='bbox 949 2081 1028 2125; x_wconf 84' lang='lat' dir='ltr'>quia</span> <span class='ocrx_word' id='word_1_629' title='bbox 1037 2079 1113 2113; x_wconf 90' lang='lat' dir='ltr'>inde</span> <span class='ocrx_word' id='word_1_630' title='bbox 1124 2090 1260 2114; x_wconf 82' lang='lat' dir='ltr'>manant</span> <span class='ocrx_word' id='word_1_631' title='bbox 1278 2079 1406 2127; x_wconf 78' lang='lat' dir='ltr'>reliqua</span> <span class='ocrx_word' id='word_1_632' title='bbox 1414 2083 1541 2119; x_wconf 82' lang='lat' dir='ltr'>omnia.</span> <span class='ocrx_word' id='word_1_633' title='bbox 1553 2080 1649 2115; x_wconf 85' lang='lat' dir='ltr'>Vnde</span> <span class='ocrx_word' id='word_1_634' title='bbox 1660 2082 1751 2116; x_wconf 84' lang='lat' dir='ltr'>enirn</span> <span class='ocrx_word' id='word_1_635' title='bbox 1772 2079 1850 2117; x_wconf 79' lang='lat' dir='ltr'>sides</span> <span class='ocrx_word' id='word_1_636' title='bbox 1859 2078 1885 2115; x_wconf 56' lang='lat'>‘2&#39;</span> 
     </span>
     <span class='ocr_line' id='line_1_43' title="bbox 51 2126 1869 2185; baseline -0.005 -11"><span class='ocrx_word' id='word_1_637' title='bbox 51 2139 140 2174; x_wconf 83' lang='lat' dir='ltr'>vnde</span> <span class='ocrx_word' id='word_1_638' title='bbox 150 2134 347 2185; x_wconf 75' lang='lat' dir='ltr'>Baptismus?</span> <span class='ocrx_word' id='word_1_639' title='bbox 359 2131 444 2166; x_wconf 87' lang='lat' dir='ltr'>vnde</span> <span class='ocrx_word' id='word_1_640' title='bbox 455 2127 580 2164; x_wconf 87' lang='lat' dir='ltr'>Christi</span> <span class='ocrx_word' id='word_1_641' title='bbox 591 2130 691 2162; x_wconf 87' lang='lat' dir='ltr'>etiam</span> <span class='ocrx_word' id='word_1_642' title='bbox 701 2128 893 2166; x_wconf 59' lang='lat' dir='ltr'>dominium</span> <span class='ocrx_word' id='word_1_643' title='bbox 905 2153 915 2167; x_wconf 96' lang='lat'><em>,</em></span> <span class='ocrx_word' id='word_1_644' title='bbox 940 2129 1034 2161; x_wconf 91' lang='lat' dir='ltr'>cuius</span> <span class='ocrx_word' id='word_1_645' title='bbox 1043 2126 1194 2174; x_wconf 83' lang='lat' dir='ltr'>auspiciis</span> <span class='ocrx_word' id='word_1_646' title='bbox 1205 2127 1404 2175; x_wconf 85' lang='lat' dir='ltr'>copulamur</span> <span class='ocrx_word' id='word_1_647' title='bbox 1412 2151 1422 2166; x_wconf 90' lang='lat'><em>‚</em></span> <span class='ocrx_word' id='word_1_648' title='bbox 1432 2128 1492 2163; x_wconf 81' lang='lat' dir='ltr'>nifi</span> <span class='ocrx_word' id='word_1_649' title='bbox 1503 2132 1582 2175; x_wconf 85' lang='lat' dir='ltr'>quia</span> <span class='ocrx_word' id='word_1_650' title='bbox 1589 2130 1680 2164; x_wconf 90' lang='lat' dir='ltr'>Deus</span> <span class='ocrx_word' id='word_1_651' title='bbox 1690 2131 1782 2163; x_wconf 87' lang='lat' dir='ltr'>Pater</span> <span class='ocrx_word' id='word_1_652' title='bbox 1792 2128 1821 2166; x_wconf 89' lang='lat' dir='ltr'>se</span> <span class='ocrx_word' id='word_1_653' title='bbox 1833 2134 1869 2165; x_wconf 84' lang='lat' dir='ltr'>in</span> 
     </span>
     <span class='ocr_line' id='line_1_44' title="bbox 54 2173 1869 2226; baseline -0.006 -6"><span class='ocrx_word' id='word_1_654' title='bbox 54 2199 118 2224; x_wconf 85' lang='lat' dir='ltr'>nos</span> <span class='ocrx_word' id='word_1_655' title='bbox 129 2182 382 2224; x_wconf 82' lang='lat' dir='ltr'>diffundens‚his</span> <span class='ocrx_word' id='word_1_656' title='bbox 392 2190 527 2226; x_wconf 88' lang='lat' dir='ltr'>quoque</span> <span class='ocrx_word' id='word_1_657' title='bbox 539 2177 655 2214; x_wconf 81' lang='lat' dir='ltr'>mediis</span> <span class='ocrx_word' id='word_1_658' title='bbox 665 2173 805 2210; x_wconf 87' lang='lat' dir='ltr'>viciffim</span> <span class='ocrx_word' id='word_1_659' title='bbox 816 2188 879 2210; x_wconf 85' lang='lat' dir='ltr'>nos</span> <span class='ocrx_word' id='word_1_660' title='bbox 891 2173 968 2208; x_wconf 86' lang='lat' dir='ltr'>adse</span> <span class='ocrx_word' id='word_1_661' title='bbox 979 2173 1109 2225; x_wconf 83' lang='lat' dir='ltr'>colligit</span> <span class='ocrx_word' id='word_1_662' title='bbox 1121 2183 1130 2208; x_wconf 73' lang='grc' dir='ltr'><strong>ἒ</strong></span> <span class='ocrx_word' id='word_1_663' title='bbox 1142 2177 1224 2210; x_wconf 86' lang='lat' dir='ltr'>Duae</span> <span class='ocrx_word' id='word_1_664' title='bbox 1234 2176 1412 2223; x_wconf 76' lang='lat' dir='ltr'>particulae‚</span> <span class='ocrx_word' id='word_1_665' title='bbox 1422 2175 1598 2217; x_wconf 50' lang='lat' dir='ltr'>mimirum,</span> <span class='ocrx_word' id='word_1_666' title='bbox 1608 2192 1631 2222; x_wconf 50' lang='grc' dir='ltr'>ιε,</span> <span class='ocrx_word' id='word_1_667' title='bbox 1641 2176 1697 2210; x_wconf 60' lang='grc' dir='ltr'>«Γιοῖ</span> <span class='ocrx_word' id='word_1_668' title='bbox 1704 2174 1826 2216; x_wconf 65' lang='lat' dir='ltr'>miv-mv,</span> <span class='ocrx_word' id='word_1_669' title='bbox 1837 2179 1869 2212; x_wconf 68' lang='lat' dir='ltr'>ti</span> 
     </span>
     <span class='ocr_line' id='line_1_45' title="bbox 51 2221 1869 2279; baseline -0.004 -11"><span class='ocrx_word' id='word_1_670' title='bbox 51 2247 171 2272; x_wconf 86' lang='lat' dir='ltr'>neutro</span> <span class='ocrx_word' id='word_1_671' title='bbox 182 2234 283 2279; x_wconf 80' lang='lat' dir='ltr'>quam</span> <span class='ocrx_word' id='word_1_672' title='bbox 296 2228 478 2267; x_wconf 84' lang='lat' dir='ltr'>masculino</span> <span class='ocrx_word' id='word_1_673' title='bbox 489 2237 607 2272; x_wconf 80' lang='lat' dir='ltr'>genere</span> <span class='ocrx_word' id='word_1_674' title='bbox 616 2222 750 2271; x_wconf 81' lang='lat' dir='ltr'>possunt</span> <span class='ocrx_word' id='word_1_675' title='bbox 758 2225 873 2271; x_wconf 82' lang='lat' dir='ltr'>accipi.</span> <span class='ocrx_word' id='word_1_676' title='bbox 884 2221 1181 2271; x_wconf 82' lang='lat' dir='ltr'>&amp;vterquesensus</span> <span class='ocrx_word' id='word_1_677' title='bbox 1192 2236 1263 2259; x_wconf 89' lang='lat' dir='ltr'>non</span> <span class='ocrx_word' id='word_1_678' title='bbox 1273 2223 1359 2262; x_wconf 71' lang='lat' dir='ltr'>male</span> <span class='ocrx_word' id='word_1_679' title='bbox 1370 2225 1551 2273; x_wconf 84' lang='lat' dir='ltr'>quadrabit.</span> <span class='ocrx_word' id='word_1_680' title='bbox 1573 2227 1645 2260; x_wconf 72' lang='lat' dir='ltr'>imo</span> <span class='ocrx_word' id='word_1_681' title='bbox 1655 2229 1782 2262; x_wconf 79' lang='lat' dir='ltr'>vrrouis</span> <span class='ocrx_word' id='word_1_682' title='bbox 1793 2239 1869 2261; x_wconf 85' lang='lat' dir='ltr'>mo-</span> 
     </span>
     <span class='ocr_line' id='line_1_46' title="bbox 53 2270 1893 2322; baseline -0.002 -10"><span class='ocrx_word' id='word_1_683' title='bbox 53 2283 99 2316; x_wconf 79' lang='lat' dir='ltr'>do</span> <span class='ocrx_word' id='word_1_684' title='bbox 109 2280 287 2318; x_wconf 73' lang='lat' dir='ltr'>ttansfetas‚</span> <span class='ocrx_word' id='word_1_685' title='bbox 302 2280 389 2312; x_wconf 87' lang='lat' dir='ltr'>idem</span> <span class='ocrx_word' id='word_1_686' title='bbox 400 2277 460 2309; x_wconf 88' lang='lat' dir='ltr'>crit</span> <span class='ocrx_word' id='word_1_687' title='bbox 470 2271 587 2308; x_wconf 70' lang='lat' dir='ltr'>sensus.</span> <span class='ocrx_word' id='word_1_688' title='bbox 597 2271 742 2306; x_wconf 79' lang='lat' dir='ltr'>Tametsi</span> <span class='ocrx_word' id='word_1_689' title='bbox 752 2275 843 2306; x_wconf 86' lang='lat' dir='ltr'>enirn</span> <span class='ocrx_word' id='word_1_690' title='bbox 852 2273 943 2305; x_wconf 86' lang='lat' dir='ltr'>Deus</span> <span class='ocrx_word' id='word_1_691' title='bbox 956 2270 1010 2305; x_wconf 86' lang='lat' dir='ltr'>sua</span> <span class='ocrx_word' id='word_1_692' title='bbox 1021 2273 1141 2306; x_wconf 83' lang='lat' dir='ltr'>virtute</span> <span class='ocrx_word' id='word_1_693' title='bbox 1151 2271 1283 2307; x_wconf 87' lang='lat' dir='ltr'>sustinet</span> <span class='ocrx_word' id='word_1_694' title='bbox 1292 2270 1450 2320; x_wconf 83' lang='lat' dir='ltr'>foue&#39;tque</span> <span class='ocrx_word' id='word_1_695' title='bbox 1460 2277 1576 2309; x_wconf 82' lang='lat' dir='ltr'>onmia</span> <span class='ocrx_word' id='word_1_696' title='bbox 1588 2278 1623 2312; x_wconf 70' lang='grc' dir='ltr'>ὅ(</span> <span class='ocrx_word' id='word_1_697' title='bbox 1633 2276 1728 2322; x_wconf 68' lang='lat' dir='ltr'>regin,</span> <span class='ocrx_word' id='word_1_698' title='bbox 1739 2288 1809 2310; x_wconf 91' lang='lat' dir='ltr'>non</span> <span class='ocrx_word' id='word_1_699' title='bbox 1820 2285 1871 2309; x_wconf 87' lang='lat' dir='ltr'>ta·</span> <span class='ocrx_word' id='word_1_700' title='bbox 1881 2275 1893 2278; x_wconf 51' lang='lat'><em>⁴</em></span> 
     </span>
     <span class='ocr_line' id='line_1_47' title="bbox 55 2317 1868 2370; baseline -0.006 -4"><span class='ocrx_word' id='word_1_701' title='bbox 55 2343 136 2366; x_wconf 86' lang='lat' dir='ltr'>men</span> <span class='ocrx_word' id='word_1_702' title='bbox 146 2329 201 2364; x_wconf 83' lang='lat' dir='ltr'>hic</span> <span class='ocrx_word' id='word_1_703' title='bbox 212 2326 332 2364; x_wconf 83' lang='lat' dir='ltr'>Paulus</span> <span class='ocrx_word' id='word_1_704' title='bbox 342 2326 380 2360; x_wconf 92' lang='lat' dir='ltr'>de</span> <span class='ocrx_word' id='word_1_705' title='bbox 390 2323 446 2358; x_wconf 85' lang='lat' dir='ltr'>illa</span> <span class='ocrx_word' id='word_1_706' title='bbox 458 2319 631 2357; x_wconf 87' lang='lat' dir='ltr'>vniuersali</span> <span class='ocrx_word' id='word_1_707' title='bbox 641 2319 883 2367; x_wconf 82' lang='lat' dir='ltr'>gubernatione</span> <span class='ocrx_word' id='word_1_708' title='bbox 891 2318 1054 2366; x_wconf 88' lang='lat' dir='ltr'>loquitur,</span> <span class='ocrx_word' id='word_1_709' title='bbox 1067 2318 1122 2354; x_wconf 86' lang='lat' dir='ltr'>sed</span> <span class='ocrx_word' id='word_1_710' title='bbox 1132 2320 1171 2354; x_wconf 87' lang='lat' dir='ltr'>de</span> <span class='ocrx_word' id='word_1_711' title='bbox 1184 2317 1346 2368; x_wconf 88' lang='lat' dir='ltr'>spirituali</span> <span class='ocrx_word' id='word_1_712' title='bbox 1357 2321 1485 2357; x_wconf 72' lang='lat' dir='ltr'>tantum</span> <span class='ocrx_word' id='word_1_713' title='bbox 1497 2346 1506 2361; x_wconf 83' lang='lat'>‚</span> <span class='ocrx_word' id='word_1_714' title='bbox 1517 2335 1589 2370; x_wconf 82' lang='lat' dir='ltr'>quae</span> <span class='ocrx_word' id='word_1_715' title='bbox 1598 2324 1637 2357; x_wconf 88' lang='lat' dir='ltr'>ad</span> <span class='ocrx_word' id='word_1_716' title='bbox 1647 2321 1785 2357; x_wconf 69' lang='lat' dir='ltr'>Ecclefii</span> <span class='ocrx_word' id='word_1_717' title='bbox 1793 2335 1868 2370; x_wconf 88' lang='lat' dir='ltr'>per-</span> 
     </span>
     <span class='ocr_line' id='line_1_48' title="bbox 53 2365 1870 2424; baseline -0.004 -12"><span class='ocrx_word' id='word_1_718' title='bbox 53 2382 153 2417; x_wconf 78' lang='lat' dir='ltr'>tinet,</span> <span class='ocrx_word' id='word_1_719' title='bbox 162 2380 252 2412; x_wconf 89' lang='lat' dir='ltr'>Deus</span> <span class='ocrx_word' id='word_1_720' title='bbox 261 2377 351 2410; x_wconf 87' lang='lat' dir='ltr'>enim</span> <span class='ocrx_word' id='word_1_721' title='bbox 361 2374 483 2424; x_wconf 87' lang='lat' dir='ltr'>Spiritu</span> <span class='ocrx_word' id='word_1_722' title='bbox 492 2367 762 2406; x_wconf 63' lang='lat' dir='ltr'>sanctificationis</span> <span class='ocrx_word' id='word_1_723' title='bbox 770 2365 905 2407; x_wconf 81' lang='lat' dir='ltr'>diffusus</span> <span class='ocrx_word' id='word_1_724' title='bbox 917 2366 960 2401; x_wconf 86' lang='lat' dir='ltr'>est</span> <span class='ocrx_word' id='word_1_725' title='bbox 968 2379 1025 2415; x_wconf 86' lang='lat' dir='ltr'>per</span> <span class='ocrx_word' id='word_1_726' title='bbox 1034 2369 1150 2403; x_wconf 71' lang='lat' dir='ltr'>omnia</span> <span class='ocrx_word' id='word_1_727' title='bbox 1159 2367 1304 2408; x_wconf 81' lang='lat' dir='ltr'>Ecclesiae</span> <span class='ocrx_word' id='word_1_728' title='bbox 1315 2370 1462 2405; x_wconf 87' lang='lat' dir='ltr'>membra</span> <span class='ocrx_word' id='word_1_729' title='bbox 1472 2398 1482 2411; x_wconf 89' lang='lat'><em>‚</em></span> <span class='ocrx_word' id='word_1_730' title='bbox 1497 2375 1533 2406; x_wconf 70' lang='lat' dir='ltr'>Sc</span> <span class='ocrx_word' id='word_1_731' title='bbox 1544 2373 1658 2406; x_wconf 86' lang='lat' dir='ltr'>omnia</span> <span class='ocrx_word' id='word_1_732' title='bbox 1669 2371 1870 2418; x_wconf 65' lang='lat' dir='ltr'>complecti-</span> 
     </span>
     <span class='ocr_line' id='line_1_49' title="bbox 52 2414 1868 2472; baseline -0.002 -14"><span class='ocrx_word' id='word_1_733' title='bbox 52 2438 108 2461; x_wconf 82' lang='lat' dir='ltr'>tut</span> <span class='ocrx_word' id='word_1_734' title='bbox 118 2426 179 2461; x_wconf 84' lang='lat' dir='ltr'>suo</span> <span class='ocrx_word' id='word_1_735' title='bbox 190 2426 345 2472; x_wconf 88' lang='lat' dir='ltr'>irnperio,</span> <span class='ocrx_word' id='word_1_736' title='bbox 357 2425 390 2456; x_wconf 71' lang='grc' dir='ltr'>δε</span> <span class='ocrx_word' id='word_1_737' title='bbox 402 2423 437 2454; x_wconf 92' lang='lat' dir='ltr'>in</span> <span class='ocrx_word' id='word_1_738' title='bbox 447 2417 605 2454; x_wconf 86' lang='lat' dir='ltr'>omnibus</span> <span class='ocrx_word' id='word_1_739' title='bbox 614 2415 752 2452; x_wconf 82' lang='lat' dir='ltr'>habitat.</span> <span class='ocrx_word' id='word_1_740' title='bbox 762 2418 853 2453; x_wconf 87' lang='lat' dir='ltr'>Deus</span> <span class='ocrx_word' id='word_1_741' title='bbox 863 2426 974 2450; x_wconf 85' lang='lat' dir='ltr'>autem</span> <span class='ocrx_word' id='word_1_742' title='bbox 987 2429 1058 2450; x_wconf 88' lang='lat' dir='ltr'>non</span> <span class='ocrx_word' id='word_1_743' title='bbox 1073 2414 1199 2451; x_wconf 83' lang='lat' dir='ltr'>diffidet</span> <span class='ocrx_word' id='word_1_744' title='bbox 1212 2415 1278 2465; x_wconf 86' lang='lat' dir='ltr'>ipse</span> <span class='ocrx_word' id='word_1_745' title='bbox 1288 2416 1406 2455; x_wconf 79' lang='lat' dir='ltr'>secum.</span> <span class='ocrx_word' id='word_1_746' title='bbox 1425 2432 1503 2466; x_wconf 84' lang='lat' dir='ltr'>ergo</span> <span class='ocrx_word' id='word_1_747' title='bbox 1515 2419 1637 2457; x_wconf 76' lang='lat' dir='ltr'>necesse</span> <span class='ocrx_word' id='word_1_748' title='bbox 1647 2420 1691 2454; x_wconf 90' lang='lat' dir='ltr'>est</span> <span class='ocrx_word' id='word_1_749' title='bbox 1712 2430 1747 2454; x_wconf 87' lang='lat' dir='ltr'>vt</span> <span class='ocrx_word' id='word_1_750' title='bbox 1757 2432 1821 2460; x_wconf 76' lang='lat' dir='ltr'>nos</span> <span class='ocrx_word' id='word_1_751' title='bbox 1831 2420 1868 2454; x_wconf 86' lang='lat' dir='ltr'>in</span> 
     </span>
     <span class='ocr_line' id='line_1_50' title="bbox 49 2463 2056 2519; baseline -0.004 -9"><span class='ocrx_word' id='word_1_752' title='bbox 49 2487 161 2510; x_wconf 81' lang='lat' dir='ltr'>vnum</span> <span class='ocrx_word' id='word_1_753' title='bbox 171 2474 344 2508; x_wconf 83' lang='lat' dir='ltr'>coadunet.</span> <span class='ocrx_word' id='word_1_754' title='bbox 355 2471 394 2502; x_wconf 88' lang='lat' dir='ltr'>de</span> <span class='ocrx_word' id='word_1_755' title='bbox 403 2480 469 2515; x_wconf 83' lang='lat' dir='ltr'>qua</span> <span class='ocrx_word' id='word_1_756' title='bbox 479 2465 639 2514; x_wconf 79' lang='lat' dir='ltr'>spirituali</span> <span class='ocrx_word' id='word_1_757' title='bbox 649 2468 774 2500; x_wconf 86' lang='lat' dir='ltr'>vnitare</span> <span class='ocrx_word' id='word_1_758' title='bbox 784 2466 939 2515; x_wconf 73' lang='lat' dir='ltr'>meminit</span> <span class='ocrx_word' id='word_1_759' title='bbox 950 2463 1111 2502; x_wconf 85' lang='lat' dir='ltr'>Christus,</span> <span class='ocrx_word' id='word_1_760' title='bbox 1120 2467 1214 2504; x_wconf 81' lang='lat' dir='ltr'>Ioan.</span> <span class='ocrx_word' id='word_1_761' title='bbox 1238 2475 1286 2509; x_wconf 79' lang='lat'>17.</span> <span class='ocrx_word' id='word_1_762' title='bbox 1296 2465 1329 2500; x_wconf 86' lang='lat' dir='ltr'>b.</span> <span class='ocrx_word' id='word_1_763' title='bbox 1337 2477 1374 2500; x_wconf 91' lang='lat'>11.</span> <span class='ocrx_word' id='word_1_764' title='bbox 1391 2466 1476 2504; x_wconf 88' lang='lat' dir='ltr'>Illud</span> <span class='ocrx_word' id='word_1_765' title='bbox 1487 2468 1620 2514; x_wconf 84' lang='lat' dir='ltr'>quidem</span> <span class='ocrx_word' id='word_1_766' title='bbox 1632 2479 1746 2502; x_wconf 89' lang='lat' dir='ltr'>verum</span> <span class='ocrx_word' id='word_1_767' title='bbox 1757 2468 1802 2501; x_wconf 87' lang='lat' dir='ltr'>est</span> <span class='ocrx_word' id='word_1_768' title='bbox 1811 2480 1869 2515; x_wconf 82' lang='lat' dir='ltr'>ge·</span> <span class='ocrx_word' id='word_1_769' title='bbox 1885 2478 2056 2519; x_wconf 47' lang='lat' dir='ltr'>diffidasti&amp;</span> 
     </span>
     <span class='ocr_line' id='line_1_51' title="bbox 48 2512 2044 2561; baseline -0.005 -2"><span class='ocrx_word' id='word_1_770' title='bbox 48 2523 205 2559; x_wconf 81' lang='lat' dir='ltr'>neralirer</span> <span class='ocrx_word' id='word_1_771' title='bbox 213 2522 253 2556; x_wconf 91' lang='lat' dir='ltr'>de</span> <span class='ocrx_word' id='word_1_772' title='bbox 262 2517 421 2556; x_wconf 85' lang='lat' dir='ltr'>omnibus</span> <span class='ocrx_word' id='word_1_773' title='bbox 431 2528 502 2550; x_wconf 90' lang='lat' dir='ltr'>non</span> <span class='ocrx_word' id='word_1_774' title='bbox 513 2512 710 2549; x_wconf 86' lang='lat' dir='ltr'>hominibus</span> <span class='ocrx_word' id='word_1_775' title='bbox 720 2513 926 2552; x_wconf 72' lang='lat' dir='ltr'>tantum21ed</span> <span class='ocrx_word' id='word_1_776' title='bbox 937 2514 1035 2546; x_wconf 87' lang='lat' dir='ltr'>etiam</span> <span class='ocrx_word' id='word_1_777' title='bbox 1045 2515 1199 2551; x_wconf 75' lang='lat' dir='ltr'>creaturis</span> <span class='ocrx_word' id='word_1_778' title='bbox 1208 2536 1219 2550; x_wconf 84' lang='lat'>‚</span> <span class='ocrx_word' id='word_1_779' title='bbox 1230 2515 1268 2548; x_wconf 89' lang='lat' dir='ltr'>In</span> <span class='ocrx_word' id='word_1_780' title='bbox 1279 2512 1350 2561; x_wconf 87' lang='lat' dir='ltr'>ipso</span> <span class='ocrx_word' id='word_1_781' title='bbox 1361 2513 1391 2549; x_wconf 88' lang='lat' dir='ltr'>su</span> <span class='ocrx_word' id='word_1_782' title='bbox 1398 2528 1483 2553; x_wconf 83' lang='lat' dir='ltr'>mus,</span> <span class='ocrx_word' id='word_1_783' title='bbox 1493 2520 1528 2550; x_wconf 68' lang='grc' dir='ltr'>ὅ(</span> <span class='ocrx_word' id='word_1_784' title='bbox 1540 2528 1728 2555; x_wconf 81' lang='lat' dir='ltr'>monemur,</span> <span class='ocrx_word' id='word_1_785' title='bbox 1736 2519 1769 2550; x_wconf 73' lang='grc' dir='ltr'>δε</span> <span class='ocrx_word' id='word_1_786' title='bbox 1781 2518 1869 2550; x_wconf 85' lang='lat' dir='ltr'>viui-</span> <span class='ocrx_word' id='word_1_787' title='bbox 1884 2521 2044 2557; x_wconf 73' lang='lat' dir='ltr'>lere.=3.b.r3.</span> 
     </span>
     <span class='ocr_line' id='line_1_52' title="bbox 51 2559 1873 2616; baseline -0.004 -10"><span class='ocrx_word' id='word_1_788' title='bbox 51 2584 139 2608; x_wconf 83' lang='lat' dir='ltr'>mus.</span> <span class='ocrx_word' id='word_1_789' title='bbox 149 2574 236 2606; x_wconf 83' lang='lat' dir='ltr'>Item</span> <span class='ocrx_word' id='word_1_790' title='bbox 246 2596 256 2610; x_wconf 93' lang='lat'>‚</span> <span class='ocrx_word' id='word_1_791' title='bbox 267 2570 338 2616; x_wconf 85' lang='lat' dir='ltr'>Ego</span> <span class='ocrx_word' id='word_1_792' title='bbox 348 2566 464 2601; x_wconf 85' lang='lat' dir='ltr'>omnia</span> <span class='ocrx_word' id='word_1_793' title='bbox 473 2563 610 2610; x_wconf 84' lang='lat' dir='ltr'>impleo.</span> <span class='ocrx_word' id='word_1_794' title='bbox 627 2562 741 2596; x_wconf 73' lang='lat' dir='ltr'>verum</span> <span class='ocrx_word' id='word_1_795' title='bbox 751 2561 892 2610; x_wconf 89' lang='lat' dir='ltr'>expendi</span> <span class='ocrx_word' id='word_1_796' title='bbox 901 2559 996 2600; x_wconf 89' lang='lat' dir='ltr'>debet</span> <span class='ocrx_word' id='word_1_797' title='bbox 1003 2561 1103 2595; x_wconf 81' lang='lat' dir='ltr'>huius</span> <span class='ocrx_word' id='word_1_798' title='bbox 1114 2560 1181 2595; x_wconf 91' lang='lat' dir='ltr'>loci</span> <span class='ocrx_word' id='word_1_799' title='bbox 1190 2562 1432 2599; x_wconf 79' lang='lat' dir='ltr'>circunstantia.</span> <span class='ocrx_word' id='word_1_800' title='bbox 1449 2565 1582 2599; x_wconf 72' lang='lat' dir='ltr'>Txaciat</span> <span class='ocrx_word' id='word_1_801' title='bbox 1594 2566 1684 2600; x_wconf 89' lang='lat' dir='ltr'>enim</span> <span class='ocrx_word' id='word_1_802' title='bbox 1703 2563 1822 2598; x_wconf 82' lang='lat' dir='ltr'>Paulus</span> <span class='ocrx_word' id='word_1_803' title='bbox 1833 2563 1873 2598; x_wconf 89' lang='lat' dir='ltr'>de</span> 
     </span>
     <span class='ocr_line' id='line_1_53' title="bbox 49 2607 1873 2659; baseline -0.004 -4"><span class='ocrx_word' id='word_1_804' title='bbox 49 2631 167 2655; x_wconf 85' lang='lat' dir='ltr'>mutua</span> <span class='ocrx_word' id='word_1_805' title='bbox 182 2617 331 2653; x_wconf 85' lang='lat' dir='ltr'>fidelium</span> <span class='ocrx_word' id='word_1_806' title='bbox 342 2617 428 2651; x_wconf 79' lang='lat' dir='ltr'>inter</span> <span class='ocrx_word' id='word_1_807' title='bbox 437 2611 466 2646; x_wconf 90' lang='lat' dir='ltr'>se</span> <span class='ocrx_word' id='word_1_808' title='bbox 475 2612 814 2655; x_wconf 66' lang='lat' dir='ltr'>coniunstione‚quae</span> <span class='ocrx_word' id='word_1_809' title='bbox 825 2607 912 2645; x_wconf 89' lang='lat' dir='ltr'>nihil</span> <span class='ocrx_word' id='word_1_810' title='bbox 923 2621 1107 2644; x_wconf 84' lang='lat' dir='ltr'>commune</span> <span class='ocrx_word' id='word_1_811' title='bbox 1118 2608 1214 2646; x_wconf 77' lang='lat' dir='ltr'>babet</span> <span class='ocrx_word' id='word_1_812' title='bbox 1227 2610 1278 2645; x_wconf 88' lang='lat' dir='ltr'>vel</span> <span class='ocrx_word' id='word_1_813' title='bbox 1286 2622 1363 2645; x_wconf 88' lang='lat' dir='ltr'>cum</span> <span class='ocrx_word' id='word_1_814' title='bbox 1376 2613 1489 2659; x_wconf 87' lang='lat' dir='ltr'>impiis</span> <span class='ocrx_word' id='word_1_815' title='bbox 1503 2635 1513 2649; x_wconf 88' lang='lat'>‚</span> <span class='ocrx_word' id='word_1_816' title='bbox 1533 2611 1583 2647; x_wconf 74' lang='lat' dir='ltr'>vel</span> <span class='ocrx_word' id='word_1_817' title='bbox 1595 2624 1673 2647; x_wconf 85' lang='lat' dir='ltr'>cum</span> <span class='ocrx_word' id='word_1_818' title='bbox 1683 2612 1788 2649; x_wconf 86' lang='lat' dir='ltr'>brutis</span> <span class='ocrx_word' id='word_1_819' title='bbox 1799 2615 1873 2647; x_wconf 89' lang='lat' dir='ltr'>ani-</span> 
     </span>
     <span class='ocr_line' id='line_1_54' title="bbox 53 2656 1872 2709; baseline -0.004 -6"><span class='ocrx_word' id='word_1_820' title='bbox 53 2668 210 2704; x_wconf 80' lang='lat' dir='ltr'>malibus.</span> <span class='ocrx_word' id='word_1_821' title='bbox 229 2667 362 2701; x_wconf 81' lang='lat' dir='ltr'>Adeam</span> <span class='ocrx_word' id='word_1_822' title='bbox 375 2674 453 2709; x_wconf 83' lang='lat' dir='ltr'>ergo</span> <span class='ocrx_word' id='word_1_823' title='bbox 465 2658 671 2706; x_wconf 69' lang='lat' dir='ltr'>restringitur</span> <span class='ocrx_word' id='word_1_824' title='bbox 680 2658 771 2704; x_wconf 91' lang='lat' dir='ltr'>quod</span> <span class='ocrx_word' id='word_1_825' title='bbox 789 2658 871 2697; x_wconf 76' lang='lat' dir='ltr'>dicit</span> <span class='ocrx_word' id='word_1_826' title='bbox 881 2657 920 2691; x_wconf 89' lang='lat' dir='ltr'>de</span> <span class='ocrx_word' id='word_1_827' title='bbox 930 2660 1074 2706; x_wconf 87' lang='lat' dir='ltr'>imperio</span> <span class='ocrx_word' id='word_1_828' title='bbox 1091 2661 1125 2692; x_wconf 64' lang='grc' dir='ltr'>ὃ(</span> <span class='ocrx_word' id='word_1_829' title='bbox 1135 2656 1303 2705; x_wconf 84' lang='lat' dir='ltr'>praesentia</span> <span class='ocrx_word' id='word_1_830' title='bbox 1317 2661 1392 2693; x_wconf 88' lang='lat' dir='ltr'>Dei.</span> <span class='ocrx_word' id='word_1_831' title='bbox 1405 2672 1470 2707; x_wconf 85' lang='lat' dir='ltr'>qua</span> <span class='ocrx_word' id='word_1_832' title='bbox 1490 2662 1588 2694; x_wconf 84' lang='lat' dir='ltr'>etiarn</span> <span class='ocrx_word' id='word_1_833' title='bbox 1599 2663 1728 2701; x_wconf 87' lang='lat' dir='ltr'>ratione</span> <span class='ocrx_word' id='word_1_834' title='bbox 1745 2671 1872 2698; x_wconf 77' lang='lat' dir='ltr'>nomen</span> 
     </span>
     <span class='ocr_line' id='line_1_55' title="bbox 49 2704 1060 2763; baseline -0.013 -11"><span class='ocrx_word' id='word_1_835' title='bbox 49 2716 156 2752; x_wconf 73' lang='lat' dir='ltr'>Patris</span> <span class='ocrx_word' id='word_1_836' title='bbox 167 2712 331 2763; x_wconf 87' lang='lat' dir='ltr'>apposuit,</span> <span class='ocrx_word' id='word_1_837' title='bbox 343 2711 433 2758; x_wconf 83' lang='lat' dir='ltr'>quod</span> <span class='ocrx_word' id='word_1_838' title='bbox 443 2706 576 2743; x_wconf 87' lang='lat' dir='ltr'>nonnisi</span> <span class='ocrx_word' id='word_1_839' title='bbox 587 2706 710 2741; x_wconf 81' lang='lat' dir='ltr'>Christi</span> <span class='ocrx_word' id='word_1_840' title='bbox 721 2704 878 2741; x_wconf 84' lang='lat' dir='ltr'>membris</span> <span class='ocrx_word' id='word_1_841' title='bbox 887 2708 1060 2753; x_wconf 87' lang='lat' dir='ltr'>competit.</span> 
     </span>
    </p>

    <p class='ocr_par' dir='ltr' id='par_1_6' title="bbox 105 2751 1685 2816">
     <span class='ocr_line' id='line_1_56' title="bbox 105 2751 1685 2816; baseline 0.001 -21"><span class='ocrx_word' id='word_1_842' title='bbox 105 2779 136 2816; x_wconf 89' lang='lat'><strong>7</strong></span> <span class='ocrx_word' id='word_1_843' title='bbox 197 2763 388 2814; x_wconf 69' lang='lat' dir='ltr'>Vnicuique</span> <span class='ocrx_word' id='word_1_844' title='bbox 396 2767 509 2798; x_wconf 78' lang='lat' dir='ltr'>antem</span> <span class='ocrx_word' id='word_1_845' title='bbox 517 2755 661 2808; x_wconf 78' lang='lat' dir='ltr'>nostrum</span> <span class='ocrx_word' id='word_1_846' title='bbox 671 2752 753 2792; x_wconf 78' lang='lat' dir='ltr'>data</span> <span class='ocrx_word' id='word_1_847' title='bbox 763 2751 1122 2809; x_wconf 72' lang='lat' dir='ltr'>estgratia,ftcuna¹um</span> <span class='ocrx_word' id='word_1_848' title='bbox 1130 2751 1321 2805; x_wconf 71' lang='lat' dir='ltr'>mensiaram</span> <span class='ocrx_word' id='word_1_849' title='bbox 1341 2756 1538 2797; x_wconf 75' lang='lat' dir='ltr'>donatianis</span> <span class='ocrx_word' id='word_1_850' title='bbox 1549 2755 1685 2810; x_wconf 77' lang='lat' dir='ltr'>Chrtsti.</span> 
     </span>
    </p>
   </div>
   <div class='ocr_carea' id='block_1_3' title="bbox 109 2807 2057 2873">
    <p class='ocr_par' dir='ltr' id='par_1_7' title="bbox 109 2807 2057 2873">
     <span class='ocr_line' id='line_1_57' title="bbox 109 2807 2057 2873; baseline 0.003 -19"><span class='ocrx_word' id='word_1_851' title='bbox 109 2822 132 2858; x_wconf 80' lang='lat'>8</span> <span class='ocrx_word' id='word_1_852' title='bbox 186 2826 360 2873; x_wconf 82' lang='lat' dir='ltr'>Propterea</span> <span class='ocrx_word' id='word_1_853' title='bbox 371 2814 474 2859; x_wconf 80' lang='lat' dir='ltr'>dicit,</span> <span class='ocrx_word' id='word_1_854' title='bbox 494 2815 676 2866; x_wconf 62' lang='lat' dir='ltr'>Postquam</span> <span class='ocrx_word' id='word_1_855' title='bbox 690 2807 841 2861; x_wconf 75' lang='lat' dir='ltr'>afimdit</span> <span class='ocrx_word' id='word_1_856' title='bbox 847 2813 886 2848; x_wconf 76' lang='lat' dir='ltr'>in</span> <span class='ocrx_word' id='word_1_857' title='bbox 895 2811 1003 2851; x_wconf 81' lang='lat' dir='ltr'>altum</span> <span class='ocrx_word' id='word_1_858' title='bbox 1014 2841 1026 2857; x_wconf 94' lang='lat'><em>‚</em></span> <span class='ocrx_word' id='word_1_859' title='bbox 1049 2812 1214 2866; x_wconf 76' lang='lat' dir='ltr'>captiuam</span> <span class='ocrx_word' id='word_1_860' title='bbox 1225 2810 1330 2850; x_wconf 82' lang='lat' dir='ltr'>duxit</span> <span class='ocrx_word' id='word_1_861' title='bbox 1353 2815 1582 2868; x_wconf 81' lang='lat' dir='ltr'>captiuitatem</span> <span class='ocrx_word' id='word_1_862' title='bbox 1592 2844 1604 2861; x_wconf 85' lang='lat'><em>‚</em></span> <span class='ocrx_word' id='word_1_863' title='bbox 1623 2814 1664 2867; x_wconf 48' lang='grc' dir='ltr'>ὠ*</span> <span class='ocrx_word' id='word_1_864' title='bbox 1674 2813 1772 2856; x_wconf 62' lang='lat' dir='ltr'>dedit</span> <span class='ocrx_word' id='word_1_865' title='bbox 1782 2811 1872 2854; x_wconf 79' lang='lat' dir='ltr'>dona</span> <span class='ocrx_word' id='word_1_866' title='bbox 1887 2829 2057 2867; x_wconf 54' lang='lat' dir='ltr'>pſszsesav.</span> 
     </span>
    </p>
   </div>
   <div class='ocr_carea' id='block_1_4' title="bbox 52 2873 1874 2981">
    <p class='ocr_par' dir='ltr' id='par_1_8' title="bbox 52 2873 1874 2981">
     <span class='ocr_line' id='line_1_58' title="bbox 52 2873 1874 2981; baseline -0.003 -13"><span class='ocrx_word' id='word_1_867' title='bbox 52 2873 310 2979; x_wconf 48' lang='lat' dir='ltr'>hosmgnabtffiud</span> <span class='ocrx_word' id='word_1_868' title='bbox 325 2936 437 2967; x_wconf 85' lang='lat' dir='ltr'>autem</span> <span class='ocrx_word' id='word_1_869' title='bbox 453 2921 645 2979; x_wconf 64' lang='lat' dir='ltr'>eAscendit</span> <span class='ocrx_word' id='word_1_870' title='bbox 658 2953 670 2970; x_wconf 90' lang='lat'>‚</span> <span class='ocrx_word' id='word_1_871' title='bbox 691 2920 776 2979; x_wconf 79' lang='lat' dir='ltr'>quid</span> <span class='ocrx_word' id='word_1_872' title='bbox 785 2924 838 2961; x_wconf 68' lang='lat' dir='ltr'>ert</span> <span class='ocrx_word' id='word_1_873' title='bbox 852 2933 866 2955; x_wconf 84' lang='lat'>··</span> <span class='ocrx_word' id='word_1_874' title='bbox 888 2920 955 2978; x_wconf 79' lang='lat' dir='ltr'>nisi</span> <span class='ocrx_word' id='word_1_875' title='bbox 972 2919 1067 2977; x_wconf 71' lang='lat' dir='ltr'>qubd</span> <span class='ocrx_word' id='word_1_876' title='bbox 1072 2925 1176 2962; x_wconf 84' lang='lat' dir='ltr'>etiam</span> <span class='ocrx_word' id='word_1_877' title='bbox 1207 2920 1426 2976; x_wconf 72' lang='lat' dir='ltr'>deflenderat</span> <span class='ocrx_word' id='word_1_878' title='bbox 1435 2928 1530 2981; x_wconf 76' lang='lat' dir='ltr'>prius</span> <span class='ocrx_word' id='word_1_879' title='bbox 1547 2927 1585 2966; x_wconf 76' lang='lat' dir='ltr'>in</span> <span class='ocrx_word' id='word_1_880' title='bbox 1602 2924 1774 2979; x_wconf 80' lang='lat' dir='ltr'>inferiores</span> <span class='ocrx_word' id='word_1_881' title='bbox 1791 2936 1874 2980; x_wconf 78' lang='lat' dir='ltr'>par-</span> 
     </span>
    </p>
   </div>
   <div class='ocr_carea' id='block_1_5' title="bbox 50 2988 1877 3335">
    <p class='ocr_par' dir='ltr' id='par_1_9' title="bbox 54 2988 1634 3094">
     <span class='ocr_line' id='line_1_59' title="bbox 54 2988 839 3026; baseline -0.003 0"><span class='ocrx_word' id='word_1_882' title='bbox 54 2996 110 3026; x_wconf 80' lang='lat' dir='ltr'>tes</span> <span class='ocrx_word' id='word_1_883' title='bbox 117 2988 233 3025; x_wconf 73' lang='lat' dir='ltr'>terra?</span> <span class='ocrx_word' id='word_1_884' title='bbox 833 3019 839 3024; x_wconf 94' lang='lat'>.</span> 
     </span>
     <span class='ocr_line' id='line_1_60' title="bbox 112 3032 1634 3094; baseline -0.002 -15"><span class='ocrx_word' id='word_1_885' title='bbox 112 3055 153 3080; x_wconf 93' lang='lat'>10</span> <span class='ocrx_word' id='word_1_886' title='bbox 200 3042 278 3094; x_wconf 76' lang='lat' dir='ltr'>Qi</span> <span class='ocrx_word' id='word_1_887' title='bbox 286 3036 467 3093; x_wconf 55' lang='lat' dir='ltr'>deflenda,</span> <span class='ocrx_word' id='word_1_888' title='bbox 476 3032 542 3092; x_wconf 81' lang='lat' dir='ltr'>ipse</span> <span class='ocrx_word' id='word_1_889' title='bbox 549 3034 702 3087; x_wconf 78' lang='lat' dir='ltr'>estetiam</span> <span class='ocrx_word' id='word_1_890' title='bbox 711 3038 772 3090; x_wconf 84' lang='lat' dir='ltr'>qui</span> <span class='ocrx_word' id='word_1_891' title='bbox 783 3032 1037 3089; x_wconf 59' lang='lat' dir='ltr'>aseenditfitper</span> <span class='ocrx_word' id='word_1_892' title='bbox 1045 3049 1161 3076; x_wconf 81' lang='lat' dir='ltr'>omncs</span> <span class='ocrx_word' id='word_1_893' title='bbox 1173 3034 1264 3074; x_wconf 71' lang='lat' dir='ltr'>caelos</span> <span class='ocrx_word' id='word_1_894' title='bbox 1273 3065 1283 3082; x_wconf 90' lang='lat'><em>‚</em></span> <span class='ocrx_word' id='word_1_895' title='bbox 1297 3045 1342 3073; x_wconf 79' lang='lat' dir='ltr'>vt</span> <span class='ocrx_word' id='word_1_896' title='bbox 1348 3036 1501 3092; x_wconf 80' lang='lat' dir='ltr'>impleret</span> <span class='ocrx_word' id='word_1_897' title='bbox 1506 3039 1634 3076; x_wconf 73' lang='lat' dir='ltr'>omnia.</span> 
     </span>
    </p>

    <p class='ocr_par' dir='ltr' id='par_1_10' title="bbox 50 3089 1877 3335">
     <span class='ocr_line' id='line_1_61' title="bbox 100 3089 1875 3141; baseline -0.002 -13"><span class='ocrx_word' id='word_1_898' title='bbox 100 3107 124 3141; x_wconf 87' lang='lat'><strong>7</strong></span> <span class='ocrx_word' id='word_1_899' title='bbox 159 3097 355 3141; x_wconf 83' lang='lat' dir='ltr'>Vmcuique.)</span> <span class='ocrx_word' id='word_1_900' title='bbox 404 3093 508 3128; x_wconf 88' lang='lat' dir='ltr'>Nunc</span> <span class='ocrx_word' id='word_1_901' title='bbox 523 3092 661 3126; x_wconf 83' lang='lat' dir='ltr'>modum</span> <span class='ocrx_word' id='word_1_902' title='bbox 670 3089 821 3124; x_wconf 82' lang='lat' dir='ltr'>describit</span> <span class='ocrx_word' id='word_1_903' title='bbox 831 3102 900 3136; x_wconf 87' lang='lat' dir='ltr'>quo</span> <span class='ocrx_word' id='word_1_904' title='bbox 911 3092 1000 3123; x_wconf 84' lang='lat' dir='ltr'>Deus</span> <span class='ocrx_word' id='word_1_905' title='bbox 1013 3102 1164 3125; x_wconf 86' lang='lat' dir='ltr'>mutuam</span> <span class='ocrx_word' id='word_1_906' title='bbox 1175 3093 1331 3125; x_wconf 80' lang='lat' dir='ltr'>internos</span> <span class='ocrx_word' id='word_1_907' title='bbox 1342 3095 1619 3129; x_wconf 64' lang='lat' dir='ltr'>coniunfflonem</span> <span class='ocrx_word' id='word_1_908' title='bbox 1632 3103 1740 3126; x_wconf 83' lang='lat' dir='ltr'>tuctur</span> <span class='ocrx_word' id='word_1_909' title='bbox 1750 3104 1787 3132; x_wconf 81' lang='lat' dir='ltr'>ac</span> <span class='ocrx_word' id='word_1_910' title='bbox 1798 3093 1875 3125; x_wconf 84' lang='lat' dir='ltr'>reti-</span> 
     </span>
     <span class='ocr_line' id='line_1_62' title="bbox 52 3136 1875 3190; baseline -0.004 -9"><span class='ocrx_word' id='word_1_911' title='bbox 52 3156 128 3181; x_wconf 68' lang='lat' dir='ltr'>net:</span> <span class='ocrx_word' id='word_1_912' title='bbox 141 3155 262 3190; x_wconf 84' lang='lat' dir='ltr'>nempe</span> <span class='ocrx_word' id='word_1_913' title='bbox 273 3143 352 3179; x_wconf 87' lang='lat' dir='ltr'>dum</span> <span class='ocrx_word' id='word_1_914' title='bbox 363 3144 532 3176; x_wconf 86' lang='lat' dir='ltr'>neminem</span> <span class='ocrx_word' id='word_1_915' title='bbox 541 3141 643 3173; x_wconf 83' lang='lat' dir='ltr'>donat</span> <span class='ocrx_word' id='word_1_916' title='bbox 654 3150 743 3173; x_wconf 87' lang='lat' dir='ltr'>tanta</span> <span class='ocrx_word' id='word_1_917' title='bbox 751 3136 1004 3184; x_wconf 61' lang='lat' dir='ltr'>perfeetionewt</span> <span class='ocrx_word' id='word_1_918' title='bbox 1019 3138 1078 3173; x_wconf 86' lang='lat' dir='ltr'>sibi</span> <span class='ocrx_word' id='word_1_919' title='bbox 1087 3137 1225 3175; x_wconf 78' lang='lat' dir='ltr'>sufficiat</span> <span class='ocrx_word' id='word_1_920' title='bbox 1235 3138 1301 3186; x_wconf 88' lang='lat' dir='ltr'>ipse</span> <span class='ocrx_word' id='word_1_921' title='bbox 1312 3142 1468 3186; x_wconf 84' lang='lat' dir='ltr'>priuatim</span> <span class='ocrx_word' id='word_1_922' title='bbox 1479 3151 1516 3173; x_wconf 85' lang='lat' dir='ltr'>ac</span> <span class='ocrx_word' id='word_1_923' title='bbox 1526 3137 1665 3173; x_wconf 79' lang='lat' dir='ltr'>scorsum</span> <span class='ocrx_word' id='word_1_924' title='bbox 1680 3139 1720 3174; x_wconf 81' lang='lat' dir='ltr'>ab</span> <span class='ocrx_word' id='word_1_925' title='bbox 1731 3139 1875 3179; x_wconf 82' lang='lat' dir='ltr'>aliis‚aut</span> 
     </span>
     <span class='ocr_line' id='line_1_63' title="bbox 54 3184 1877 3241; baseline -0.003 -13"><span class='ocrx_word' id='word_1_926' title='bbox 54 3192 162 3241; x_wconf 78' lang='lat' dir='ltr'>seipso</span> <span class='ocrx_word' id='word_1_927' title='bbox 172 3191 210 3226; x_wconf 80' lang='lat' dir='ltr'>sit</span> <span class='ocrx_word' id='word_1_928' title='bbox 223 3200 411 3226; x_wconf 85' lang='lat' dir='ltr'>contentus:</span> <span class='ocrx_word' id='word_1_929' title='bbox 425 3187 476 3222; x_wconf 87' lang='lat' dir='ltr'>sed</span> <span class='ocrx_word' id='word_1_930' title='bbox 485 3199 612 3224; x_wconf 79' lang='lat' dir='ltr'>certum</span> <span class='ocrx_word' id='word_1_931' title='bbox 624 3188 762 3221; x_wconf 86' lang='lat' dir='ltr'>modum</span> <span class='ocrx_word' id='word_1_932' title='bbox 772 3184 907 3232; x_wconf 80' lang='lat' dir='ltr'>singulis</span> <span class='ocrx_word' id='word_1_933' title='bbox 917 3188 1078 3234; x_wconf 85' lang='lat' dir='ltr'>impertit,</span> <span class='ocrx_word' id='word_1_934' title='bbox 1088 3198 1124 3222; x_wconf 92' lang='lat' dir='ltr'>vt</span> <span class='ocrx_word' id='word_1_935' title='bbox 1135 3186 1268 3222; x_wconf 84' lang='lat' dir='ltr'>nonnisi</span> <span class='ocrx_word' id='word_1_936' title='bbox 1281 3190 1367 3221; x_wconf 87' lang='lat' dir='ltr'>inter</span> <span class='ocrx_word' id='word_1_937' title='bbox 1375 3185 1404 3221; x_wconf 89' lang='lat' dir='ltr'>se</span> <span class='ocrx_word' id='word_1_938' title='bbox 1416 3188 1700 3221; x_wconf 81' lang='lat' dir='ltr'>communicando</span> <span class='ocrx_word' id='word_1_939' title='bbox 1711 3212 1720 3225; x_wconf 89' lang='lat'><em>‚</em></span> <span class='ocrx_word' id='word_1_940' title='bbox 1731 3187 1877 3224; x_wconf 84' lang='lat' dir='ltr'>habeant</span> 
     </span>
     <span class='ocr_line' id='line_1_64' title="bbox 52 3233 1876 3287; baseline -0.003 -11"><span class='ocrx_word' id='word_1_941' title='bbox 52 3251 221 3287; x_wconf 81' lang='lat' dir='ltr'>quantum</span> <span class='ocrx_word' id='word_1_942' title='bbox 232 3238 305 3272; x_wconf 88' lang='lat' dir='ltr'>satis</span> <span class='ocrx_word' id='word_1_943' title='bbox 316 3238 358 3270; x_wconf 84' lang='lat' dir='ltr'>est</span> <span class='ocrx_word' id='word_1_944' title='bbox 367 3237 406 3270; x_wconf 88' lang='lat' dir='ltr'>ad</span> <span class='ocrx_word' id='word_1_945' title='bbox 416 3236 513 3271; x_wconf 86' lang='lat' dir='ltr'>status</span> <span class='ocrx_word' id='word_1_946' title='bbox 524 3235 570 3270; x_wconf 90' lang='lat' dir='ltr'>sui</span> <span class='ocrx_word' id='word_1_947' title='bbox 585 3234 883 3270; x_wconf 88' lang='lat' dir='ltr'>conseruationem.</span> <span class='ocrx_word' id='word_1_948' title='bbox 896 3235 950 3268; x_wconf 91' lang='lat' dir='ltr'>De</span> <span class='ocrx_word' id='word_1_949' title='bbox 961 3238 1114 3269; x_wconf 82' lang='lat' dir='ltr'>varietate</span> <span class='ocrx_word' id='word_1_950' title='bbox 1124 3236 1294 3270; x_wconf 84' lang='lat' dir='ltr'>donorum</span> <span class='ocrx_word' id='word_1_951' title='bbox 1312 3233 1452 3282; x_wconf 81' lang='lat' dir='ltr'>disputat</span> <span class='ocrx_word' id='word_1_952' title='bbox 1461 3237 1558 3268; x_wconf 86' lang='lat' dir='ltr'>ctiam</span> <span class='ocrx_word' id='word_1_953' title='bbox 1572 3237 1690 3281; x_wconf 88' lang='lat' dir='ltr'>prioris</span> <span class='ocrx_word' id='word_1_954' title='bbox 1701 3236 1739 3269; x_wconf 83' lang='lat' dir='ltr'>ad</span> <span class='ocrx_word' id='word_1_955' title='bbox 1751 3236 1876 3270; x_wconf 79' lang='lat' dir='ltr'>Corin-</span> 
     </span>
     <span class='ocr_line' id='line_1_65' title="bbox 50 3280 1875 3335; baseline -0.003 -12"><span class='ocrx_word' id='word_1_956' title='bbox 50 3289 147 3323; x_wconf 61' lang='lat' dir='ltr'>”thios</span> <span class='ocrx_word' id='word_1_957' title='bbox 156 3289 262 3335; x_wconf 85' lang='lat' dir='ltr'>capite</span> <span class='ocrx_word' id='word_1_958' title='bbox 272 3296 382 3329; x_wconf 85' lang='lat' dir='ltr'>12.a.4‚</span> <span class='ocrx_word' id='word_1_959' title='bbox 392 3286 427 3317; x_wconf 89' lang='lat' dir='ltr'>in</span> <span class='ocrx_word' id='word_1_960' title='bbox 438 3284 579 3318; x_wconf 87' lang='lat' dir='ltr'>eundem</span> <span class='ocrx_word' id='word_1_961' title='bbox 591 3282 834 3331; x_wconf 87' lang='lat' dir='ltr'>propemodum</span> <span class='ocrx_word' id='word_1_962' title='bbox 845 3280 957 3316; x_wconf 83' lang='lat' dir='ltr'>finem.</span> <span class='ocrx_word' id='word_1_963' title='bbox 967 3296 1045 3318; x_wconf 88' lang='lat' dir='ltr'>nam</span> <span class='ocrx_word' id='word_1_964' title='bbox 1055 3282 1125 3317; x_wconf 90' lang='lat' dir='ltr'>illic</span> <span class='ocrx_word' id='word_1_965' title='bbox 1137 3284 1245 3321; x_wconf 85' lang='lat' dir='ltr'>docet,</span> <span class='ocrx_word' id='word_1_966' title='bbox 1258 3294 1388 3316; x_wconf 82' lang='lat' dir='ltr'>taurum</span> <span class='ocrx_word' id='word_1_967' title='bbox 1400 3280 1502 3316; x_wconf 76' lang='lat' dir='ltr'>abesse</span> <span class='ocrx_word' id='word_1_968' title='bbox 1514 3293 1548 3316; x_wconf 90' lang='lat' dir='ltr'>vt</span> <span class='ocrx_word' id='word_1_969' title='bbox 1560 3281 1631 3317; x_wconf 86' lang='lat' dir='ltr'>talis</span> <span class='ocrx_word' id='word_1_970' title='bbox 1642 3284 1695 3317; x_wconf 90' lang='lat' dir='ltr'>diu</span> <span class='ocrx_word' id='word_1_971' title='bbox 1701 3283 1807 3318; x_wconf 80' lang='lat' dir='ltr'>ersitas</span> <span class='ocrx_word' id='word_1_972' title='bbox 1817 3287 1875 3318; x_wconf 83' lang='lat' dir='ltr'>c6-</span> 
     </span>
    </p>
   </div>
   <div class='ocr_carea' id='block_1_6' title="bbox 56 3329 1877 3426">
    <p class='ocr_par' dir='ltr' id='par_1_11' title="bbox 56 3329 1877 3426">
     <span class='ocr_line' id='line_1_66' title="bbox 56 3329 1877 3380; baseline -0.004 -8"><span class='ocrx_word' id='word_1_973' title='bbox 56 3337 175 3374; x_wconf 66' lang='lat' dir='ltr'>cordiae</span> <span class='ocrx_word' id='word_1_974' title='bbox 187 3346 306 3372; x_wconf 85' lang='lat' dir='ltr'>noceat</span> <span class='ocrx_word' id='word_1_975' title='bbox 316 3331 463 3369; x_wconf 80' lang='lat' dir='ltr'>fidelium</span> <span class='ocrx_word' id='word_1_976' title='bbox 472 3353 483 3371; x_wconf 86' lang='lat'><em>,</em></span> <span class='ocrx_word' id='word_1_977' title='bbox 499 3342 535 3367; x_wconf 84' lang='lat' dir='ltr'>vt</span> <span class='ocrx_word' id='word_1_978' title='bbox 544 3333 649 3380; x_wconf 86' lang='lat' dir='ltr'>magis</span> <span class='ocrx_word' id='word_1_979' title='bbox 660 3331 699 3366; x_wconf 86' lang='lat' dir='ltr'>ad</span> <span class='ocrx_word' id='word_1_980' title='bbox 709 3343 782 3366; x_wconf 85' lang='lat' dir='ltr'>eam</span> <span class='ocrx_word' id='word_1_981' title='bbox 796 3329 976 3368; x_wconf 78' lang='lat' dir='ltr'>fouendam</span> <span class='ocrx_word' id='word_1_982' title='bbox 996 3336 1030 3368; x_wconf 75' lang='grc' dir='ltr'>δε</span> <span class='ocrx_word' id='word_1_983' title='bbox 1041 3330 1305 3367; x_wconf 84' lang='lat' dir='ltr'>confirmandam</span> <span class='ocrx_word' id='word_1_984' title='bbox 1314 3329 1429 3365; x_wconf 85' lang='lat' dir='ltr'>valeat.</span> <span class='ocrx_word' id='word_1_985' title='bbox 1449 3332 1584 3365; x_wconf 84' lang='lat' dir='ltr'>Summa</span> <span class='ocrx_word' id='word_1_986' title='bbox 1593 3332 1695 3377; x_wconf 79' lang='lat' dir='ltr'>igitur</span> <span class='ocrx_word' id='word_1_987' title='bbox 1713 3330 1877 3378; x_wconf 72' lang='lat' dir='ltr'>praesentis</span> 
     </span>
     <span class='ocr_line' id='line_1_67' title="bbox 1598 3379 1738 3426; baseline -0.007 -13"><span class='ocrx_word' id='word_1_988' title='bbox 1598 3379 1641 3413; x_wconf 78' lang='lat' dir='ltr'>H.</span> <span class='ocrx_word' id='word_1_989' title='bbox 1680 3381 1738 3426; x_wconf 79' lang='lat' dir='ltr'>iiij.</span> 
     </span>
    </p>
   </div>
  </div>
 </body>
</html>
