2268 3705
109 1770 192 1814 'Suprh
200 1771 283 1810 5.b.13.

317 118 374 160 33‘6
801 108 1600 161 *INEPIST-“PAfVLr

322 180 433 229 palam
449 177 540 214 fieret
550 181 706 216 torumid
717 180 833 216 caelesti
846 183 1254 230 prouidentiaegubernari.
1275 183 1364 216 Nam
1377 183 1468 230 quod
1480 183 1650 218 Abraham
1669 184 1762 218 vxori
1772 185 1907 232 penitus
1926 196 2055 231 morem
2067 198 2180 235 gerere

323 230 456 264 iubetur
467 253 477 266 ,
490 230 521 262 id
532 230 618 263 certe
629 231 925 264 extraordinarium
937 232 999 265 est:
1012 233 1097 265 vnde
1108 231 1326 278 colligimus,
1343 232 1454 265 Deum
1468 233 1549 266 Sarae
1566 232 1749 266 ministerio
1758 256 1770 269 ,
1795 233 1836 267 ad
1846 233 2072 277 stabiliendam
2084 235 2176 273 suam

323 275 578 325 promiffionem
590 279 682 312 vium
695 277 805 313 fuisse:
817 279 962 325 denique
973 282 1095 314 eiectio
1105 278 1250 313 ismaelis·
1261 279 1348 314 nihil
1358 280 1448 323 aliud
1459 279 1522 314 fuit
1534 282 1634 326 quam
1647 281 1774 315 oraculi
1786 281 1876 316 illius
1888 283 2068 329 exequutio
2081 288 2114 318 ὃς
2127 282 2176 317 esw

320 326 443 364 fectus,
453 330 492 361 ln
502 324 587 360 Isaac
601 327 772 361 vocabitur
783 326 844 360 tibi
857 325 1053 361 semenmon
1065 330 1101 361 in
1111 324 1254 361 lsmaele.
1268 326 1474 374 aniiam
1486 331 1588 375 igitur
1600 328 1663 364 fuit
1674 329 1757 364 vltio
1769 329 1940 365 muliebris
1953 332 2115 374 rixaemon
2126 343 2174 367 ta-

325 387 404 410 men
414 376 447 409 id
457 373 561 409 obstat
574 378 759 421 quominus
776 386 836 422 per
845 387 882 408 os
893 374 1043 408 Ecc'efiae
1053 373 1127 415 suae,
1138 377 1173 409 in
1187 386 1267 423 typo
1277 377 1368 410 Deus
1380 376 1473 411 suum
1485 378 1647 460 iussfium
1663 378 1939 425 promulgauerit.

371 435 400 469 31
452 424 678 472 Ergofrmres.)
730 424 832 457 Nunc
845 422 977 456 Galatas
990 425 1140 469 hort-atur
1152 435 1186 457 vt
1206 424 1266 457 iilii
1277 426 1358 459 Sara:
1370 425 1429 458 cfl'e
1441 424 1519 459 mali
1554 427 1670 472 *quam
1682 424 1741 460 filii
1754 429 1851 474 Agar:
1866 428 1938 462 imb
1950 431 2016 462 iam
2028 429 2064 462 in
2074 427 2174 462 liber-

325 482 426 514 tatem
441 469 500 506 eisc
514 474 647 519 genitos
657 470 781 504 Christi
795 473 899 517 gratia
910 478 1168 510 commemorat,
1182 484 1216 506 vt
1228 475 1262 506 in
1275 471 1329 506 sua
1340 474 1512 527 coditigiie
1524 486 1689 510 maneant.
1702 476 1814 509 Hodie
1827 474 1848 509 fi
1860 476 2002 524 Papistas
2012 488 2175 511 vocemus

324 519 502 555 Ismaclitas
517 526 549 553 ὅς
564 522 746 566 Agaoeuos,
758 521 919 553 iactemus
931 532 991 553 nos
1004 518 1175 567 legitimos
1187 519 1246 554 effe
1257 519 1355 555 filios:
1369 514 1533 557 ridefflint.
1543 533 1575 557 at
1585 521 1608 557 fi
1618 525 1666 557 r'es
1681 535 1759 557 cum
1769 523 1913 563 remansa
1922 538 2000 561 cum
2010 525 2106 560 causa.
2115 528 2174 570 co,-

326 568 456 604 feratur:
468 580 569 602 nemo
582 579 649 601 tam
664 567 751 601 rudis
766 570 838 604 erit,
848 570 903 602 cui
913 570 984 603 noh
994 567 1031 602 iit
1046 571 1413 617 promptum'iudicare.

2239 230 2257 252 l

1117 665 1267 702 CAP.
1318 669 1360 703 V.

337 782 339 784 -
376 755 587 807 thbertate
595 760 701 813 igitur
706 772 774 813 qua
783 755 935 810 Christus·
944 773 1009 798 nos
1018 754 1177 798 liberauit
1187 788 1198 803 ,
1205 754 1297 811 state
1309 769 1322 791 ··
1334 757 1374 806 ὠ
1382 772 1427 797 ne
1436 754 1570 811 rursum
1578 760 1654 812 iugo
1661 753 1840 812 firtaitutt's
1847 758 2086 814 implicemini.

324 765 373 865 I
431 827 451 852 ι
511 821 589 853 Ecce
598 829 672 869 ergo
685 816 806 854 Paulus
817 814 981 853 denuntio
991 813 1092 853 vobis
1103 811 1226 869 q'ubdffi
1237 817 1525 860 circum-idamini,
1544 811 1694 867 Christus
1704 812 1808 853 vobis
1817 813 1911 854 nihil
1911 816 2076 870 proderit.

384 882 402 918 3
461 870 636 922 Testificor
645 875 739 909 enim
748 865 876 924 rmjst'aem
885 873 992 909 cuiuis
1002 869 1138 909 homini
1148 863 1465 925 quicircuncida'tur,
1473 870 1572 924 qubd
1576 869 1757 922 debitorstt
1765 881 1799 910 to
1803 874 1868 910 tim
1886 875 1988 928 Legis
1985 871 2172 932 facigndae0

377 940 405 975 4
462 928 651 965 Exinamti
660 927 732 979 estu
741 926 760 966 d
774 933 804 963 C
809 923 909 976 hristo
918 929 1110 981 quicunque
1111 936 1172 981 per
1182 934 1306 982 Legem
1315 926 1544 979 itstificamini
1556 957 1567 974 ,
1577 926 1597 964 ὰ
1599 928 1714 980 gratia
1723 927 1907 980 excidistis.

384 995 399 1032 ς
463 988 543 1029 Nqs
551 985 645 1021 enim
657 984 836 1036 Spiritu,e.·c
840 979 926 1031 fide,
931 980 1028 1037 spem
1038 983 1170 1034 iustitia
1180 985 1408 1038 expec‘lamus.

383 1041 404 1074 6
463 1043 562 1076 Nam
571 1040 610 1077 in
620 1035 746 1090 chr-isba
755 1033 826 1090 Iesu
842 1051 954 1092 neque
964 1037 1163 1096 circuncisio
1182 1041 1368 1094 quicquam
1377 1036 1487 1091 valet,
1498 1052 1609 1093 neque
1612 1043 1810 1098 praeputium
1825 1057 1832 1078 :
1836 1036 1908 1094 sed
1900 1041 1998 1093 fides
1999 1054 2065 1098 per
2082 1044 2170 1093 delle-

324 1094 469 1133 monem
479 1104 631 1147 operans.
1433 1100 1436 1103 ’
1928 1115 1933 1122 *
2084 1136 2086 1139 ,

373 1160 385 1181 1
435 1151 452 1182 l
454 1161 472 1179 n
483 1147 621 1182 libertate
630 1151 742 1197 cgitur.)
793 1149 970 1196 Postquam
982 1149 1069 1185 filios
1086 1149 1196 1185 liberae
1209 1148 1268 1184 effe
1281 1151 1364 1185 dixit
1374 1174 1383 1187 ‚
1396 1162 1486 1185 nunc
1509 1152 1666 1186 admonet
1689 1164 1855 1199 qnantum
1867 1153 1903 1190 fit
1915 1155 2059 1202 pretium
2070 1157 2175 1193 huius

324 1195 499 1233 libertatis,
510 1209 553 1231 ne
563 1209 647 1234 eam,
657 1210 717 1232 ceu
729 1211 798 1232 rem
810 1199 924 1237 nihili,
935 1211 1166 1234 contemnant.
1182 1201 1222 1233 Et
1229 1199 1316 1234 certe
1327 1198 1554 1234 inaestimabile
1564 1201 1655 1245 bonu
1662 1214 1693 1234 m
1713 1202 1768 1242 est,
1779 1214 1840 1248 pro
1853 1216 1922 1249 quo
1936 1201 2035 1250 esque
2043 1206 2083 1239 ad
2096 1219 2171 1241 mor

324 1255 392 1278 tem
404 1256 551 1291 pugnare
562 1258 623 1280 nos
633 1246 737 1281 decet:
750 1260 857 1294 neque
867 1250 959 1282 enim
971 1247 1025 1282 hic
1035 1248 1074 1282 de
1083 1246 1166 1282 focis
1177 1247 1307 1282 tantum
1320 1250 1441 1294 agitur,
1455 1247 1506 1282 sed
1517 1248 1616 1283 etiam
1630 1251 1668 1283 de
1685 1252 1760 1283 aris.
1773 1251 1849 1284 Hoc
1861 1251 1962 1285 hodie
1975 1252 2170 1302 multi,quia

324 1305 394 1326 non
407 1291 626 1331 considerant,
639 1294 797 1329 damnant
809 1309 868 1330 nos
879 1298 1157 1344 importunitatis,
1167 1296 1247 1330 dum
1259 1297 1373 1331 vident
1385 1309 1446 1330 nos
1457 1308 1524 1331 tam
1537 1300 1653 1332 acriter
1674 1323 1683 1336 ,
1695 1296 1851 1345 tantaque
1863 1303 2084 1337 contentio&
2092 1303 2172 1338 asse-
2246 1279 2268 1601 l

323 1353 392 1374 rere
403 1340 589 1375 libertatem
603 1341 678 1376 fidei
688 1342 840 1378 aduersus
859 1345 951 1392 Papae
962 1346 1169 1390 tyrannidem
1180 1347 1215 1379 in
1231 1344 1328 1379 rebus
1338 1348 1489 1379 externis.
1504 1348 1580 1380 Hoc
1589 1349 1687 1381 etiam
1700 1357 1880 1394 praetextu,
1898 1347 2072 1384 aduersarii
2083 1353 2175 1386 inui-

321 1389 410 1422 diam
420 1389 519 1427 nobis
529 1389 678 1426 conflant
688 1394 775 1439 apud
786 1395 972 1440 imperitos,
985 1393 1073 1439 quasi
1084 1393 1171 1428 nihil
1182 1395 1282 1439 quam
1292 1393 1463 1428 licentiam
1477 1407 1672 1440 quaeramus,
1689 1408 1761 1442 qua?
1772 1395 1809 1429 sit
1822 1400 1934 1431 omnis
1943 1396 2124 1446 disciplinae
2135 1399 2171 1436 so

321 1436 420 1471 lutio.
436 1439 686 1486 Sedprudentes
699 1445 731 1474 ὃς
744 1445 910 1475 exercitati
923 1453 1061 1479 norunt,
1073 1442 1138 1476 hoc
1151 1445 1186 1477 in
1197 1440 1307 1477 salutis
1320 1443 1474 1476 doctrina
1483 1456 1587 1477 vnum
1600 1442 1660 1477 esse
1672 1456 1707 1477 ex
1718 1447 1890 1493 praecipuis
1900 1446 2075 1493 capitibus.
2087 1449 2171 1484 Non

326 1488 418 1519 enim
434 1486 489 1520 hic
504 1489 625 1534 agitur,
640 1488 748 1523 hocne
760 1502 801 1523 an
813 1488 873 1524 illo
884 1490 961 1524 cibo
971 1488 1309 1531 vescaris‚cclcbrc'sne
1319 1491 1408 1524 hunc
1420 1492 1520 1527 diem,
1529 1504 1569 1525 an
1582 1502 1761 1541 praetereas:
1773 1495 2071 1539 §quemadmodum
2090 1497 2171 1532 stul-

321 1534 353 1569 τὲ
367 1535 554 1568 existimant
564 1536 663 1571 multi
677 1563 687 1578 ‚
700 1537 946 1572 nonnullivero
958 1538 1220 1583 calumniantur)
1235 1538 1284 1573 sed
1296 1538 1456 1586 quidnam
1468 1540 1530 1575 tibi
1541 1552 1653 1574 coram
1665 1539 1864 1578 Deoiiceat‚
1889 1543 1971 1588 quid
1980 1544 2019 1576 ad
2030 1541 2169 1581 salutem

320 1581 359 1616 fit
373 1581 596 1621 necessarium,
608 1586 689 1631 quid
700 1588 854 1620 omittere
866 1585 902 1621 sit
912 1586 1014 1621 nefas:
1025 1588 1169 1634 denique
1178 1587 1369 1635 disceptatio
1381 1589 1425 1622 est
1439 1588 1478 1622 de
1490 1589 1702 1624 conscientia:
1713 1589 1911 1624 conditione
1927 1614 1937 1628 ,
1951 1590 2006 1626 vbi
2016 1593 2055 1626 ad
2065 1594 2177 1630 tribu-·

322 1630 378 1665 nal
386 1633 450 1665 Dei
462 1634 601 1667 venitur.
612 1634 715 1668 Porro
729 1634 913 1669 libertatem
924 1634 980 1669 hic
989 1635 1151 1683 intelligit
1163 1636 1283 1671 Paulus
1293 1638 1311 1670 a
1323 1639 1531 1671 caeremoniis
1544 1638 1654 1684 LegiS,
1667 1649 1809 1683 quarum
1821 1637 2088 1675 obseruationem
2100 1648 2170 1677 exi—

319 1678 456 1726 gebant,
470 1691 628 1727 tanquam
643 1681 864 1724 necessariam,
874 1683 1152 1731 pseudoapostoli.
1165 1683 1289 1719 Verium
1300 1683 1397 1719 simul
1409 1687 1624 1720 meminerint
1635 1684 1774 1720 lectores
1784 1709 1795 1724 ‚
1807 1685 1971 1722 eiusmodi
1982 1687 2169 1727 libertatem

322 1726 384 1762 eise
395 1739 523 1775 partem
535 1732 604 1764 eius
614 1731 771 1765 duntaxat
781 1744 883 1778 quam
894 1731 994 1767 nobis
1002 1732 1177 1780 acquifiuit
1189 1733 1351 1767 Christus.
1361 1732 1562 1779 quantulum
1578 1736 1669 1768 enim
1680 1735 1713 1768 id
1729 1733 1824 1773 foret,
1837 1734 1859 1769 fi
1869 1749 1933 1771 nos
1942 1735 2073 1772 tantum
2084 1738 2170 1776 libe-

322 1774 413 1812 raffet
424 1778 673 1812 acaeremoniis?
686 1780 752 1814 Hic
763 1792 842 1827 ergo
857 1783 938 1815 ritus
949 1791 987 1815 ex
1001 1780 1112 1815 altiori
1124 1780 1219 1815 fonte
1231 1793 1352 1816 manat:
1367 1795 1490 1830 nempe
1501 1785 1580 1828 quia
1590 1781 1696 1817 faetus
1709 1783 1754 1818 est
1764 1783 1980 1820 maledici-um
1991 1809 2002 1824 ,
2027 1782 2064 1821 st
2073 1801 2134 1831 nos
2148 1789 2168 1825 ὲ

320 1824 405 1872 legis
419 1825 655 1861 maledictione
665 1828 851 1871 redimeret:
861 1830 940 1875 quia
950 1831 1020 1863 vim
1031 1829 1129 1877 Legis
1139 1829 1491 1877 abrogauit‚quatenus
1501 1832 1566 1865 Dei
1576 1831 1702 1865 iudicio
1715 1844 1776 1865 nos
1786 1832 1918 1867 tenebat
1928 1832 2096 1871 obnoxios
2108 1836 2166 1873 sub
2264 1862 2268 1869 ,

319 1885 412 1909 reatu
424 1885 549 1908 aeternae
561 1878 690 1910 mortis:
704 1879 782 1922 quia
794 1877 937 1924 denique
946 1877 964 1911 a
974 1879 1148 1923 tyrannide
1159 1881 1286 1925 peccati
1299 1902 1310 1918 ,
1323 1880 1447 1913 Satanae
1461 1883 1494 1913 ὃ(
1506 1881 1625 1913 mortis
1636 1891 1698 1914 nos
1710 1876 1849 1914 asseruit.
1860 1883 1908 1914 lta
1918 1881 1975 1916 sub
1986 1895 2049 1918 vna
2061 1883 2166 1932 specie
2265 1872 2268 1923 l

320 1922 620 1970 comprehenditur
628 1935 739 1958 totum
751 1938 865 1972 genus:
877 1938 942 1972 qua
952 1927 991 1960 de
1001 1938 1035 1959 re
1045 1926 1195 1960 dicemus
1209 1929 1247 1968 in
1259 1926 1405 1974 Epistola
1417 1927 1456 1961 ad
1466 1926 1686 1962 Coloffenses.
1696 1929 1799 1970 Porro
1826 1931 1863 1963 in
1873 1941 1969 1964 cruce
1979 1929 2168 1969 libertatem

320 1970 420 2005 nobis
431 1970 606 2017 acquifiuit
615 1972 778 2007 Christus:
789 1976 859 2008 eius
869 1973 1016 2009 fruCkum
1027 1977 1062 2008 ὃ(
1074 1972 1308 2022 profeffionem
1319 1987 1377 2022 per
1386 1975 1607 2023 Euangelium
1619 1976 1718 2010 nobis
1729 1975 1869 2012 confert.
1893 1980 1981 2013 Bene
1993 1991 2071 2026 ergo
2081 1982 2167 2016 Pau—

319 2019 383 2056 lus,
398 2021 456 2065 qui
467 2018 598 2054 Galatas
607 2020 766 2055 admonet
776 2035 818 2055 ne
829 2021 937 2056 rursus
948 2022 1164 2070 implicentur
1174 2025 1255 2071 iugo
1265 2022 1440 2058 seruitutis:
1451 2024 1517 2058 hoc
1528 2025 1583 2064 est,
1607 2038 1649 2059 ne
1660 2023 1874 2062 conscientiis
1891 2026 2049 2072 laqueum
2060 2027 2167 2065 finant

318 2068 425 2102 indui:
438 2080 515 2101 nam
526 2066 548 2102 si
559 2079 645 2102 onus
658 2068 803 2103 humeris
815 2071 932 2104 nostris
945 2073 1292 2119 iniquum'imponant
1304 2072 1473 2112 homines,
1484 2071 1630 2108 sustineri
1642 2071 1760 2120 potest:
1771 2072 1990 2110 conscientias
2004 2074 2027 2110 fi
2037 2078 2166 2125 redige-

317 2128 352 2149 re
364 2115 466 2150 velint
477 2118 512 2150 in
523 2114 726 2154 seruitutem,
747 2116 874 2153 fortiter
887 2123 920 2153 &
933 2116 1032 2165 vsque
1043 2121 1081 2153 ad
1093 2131 1237 2154 mortem
1248 2119 1470 2156 resistendum.
1491 2120 1718 2169 Spoliabimur
1729 2124 1819 2155 enim
1831 2123 2052 2159 inaestimabili
2062 2124 2166 2161 bene-

318 2162 409 2204 ficio,
424 2164 445 2198 si
455 2163 567 2198 licebit
579 2165 776 2200 hominibus
786 2166 1138 2202 conl'cientiasmostras
1150 2167 1260 2214 ligare.
1274 2171 1312 2203 Et
1322 2168 1418 2203 fimul
1429 2170 1563 2204 Christo
1575 2169 1734 2204 libertatis
1743 2169 1876 2204 authori
1888 2169 1943 2205 fiet
1953 2174 2086 2208 iniuria.
2096 2176 2158 2210 Sed

317 2214 400 2259 quid
410 2212 494 2247 valet
506 2214 590 2247 istud
598 2216 696 2256 rurfics
708 2222 717 2247 Ξ
728 2228 806 2248 nam
818 2215 940 2250 Galatae
950 2229 1124 2263 nunquam
1137 2214 1194 2251 sub
1205 2218 1293 2265 Lege
1304 2212 1644 2265 vixerfinSimpliciter
1654 2220 1782 2265 capitur
1796 2230 1857 2266 pro
1867 2221 2004 2266 perinde
2013 2221 2074 2256 acfi
2086 2236 2159 2259 non

317 2259 418 2295 ellent
427 2262 592 2309 redempti
605 2263 728 2297 Christi
740 2266 851 2310 gratia.
864 2263 931 2299 Etsi
943 2267 1032 2299 enim
1045 2266 1172 2303 ludatis,
1183 2279 1254 2302 non
1265 2265 1429 2302 Gentibus
1440 2266 1505 2301 lata
1516 2277 1583 2300 erat
1593 2267 1785 2302 Lex:tamen
1797 2278 1885 2302 extra
1891 2267 2069 2305 Christum
2081 2271 2160 2306 nul-

320 2309 351 2343 la
363 2311 407 2344 cst
418 2307 586 2357 Vtriusque
597 2309 741 2351 libertas,
755 2311 804 2345 scd
816 2326 904 2346 mera
914 2311 1062 2349 seruitus.

366 2370 382 2391 ε,
435 2361 461 2391 E
464 2370 580 2406 cce,ego
594 2362 735 2403 Paulus.)
748 2348 848 2395 Nisffl
856 2364 988 2408 grauius
998 2364 1110 2410 potuit
1121 2361 1188 2397 illis
1197 2362 1510 2409 denuntiare,quam
1520 2373 1555 2397 vt
1565 2375 1620 2396 eos
1631 2361 1760 2410 prorsus
1771 2363 1789 2398 ὲ
1797 2363 1920 2399 Christi
1932 2367 2035 2412 gratia
2045 2365 2157 2402 exclu-

317 2407 416 2440 deret.
432 2408 492 2440 Sed
505 2408 585 2453 quid
595 2407 660 2441 hoc
672 2407 728 2442 fibi
742 2408 826 2446 vult,
839 2410 1010 2445 Christum
1037 2411 1348 2459 nihilpr'ofuturum
1367 2409 1528 2445 omnibus
1538 2410 1727 2445 circuncisis
1737 2415 1752 2444 ?
1770 2425 1812 2446 an
1823 2411 1961 2448 Abrahae
1974 2413 2060 2449 nihil
2076 2427 2156 2463 pro-
2177 2448 2179 2450 .

318 2453 382 2488 fuit
394 2457 406 2488 ?
420 2455 489 2489 imo
503 2468 537 2489 vt
549 2454 724 2503 prodesset,
751 2457 1039 2492 Circuncifionem
1051 2454 1183 2507 recepit.
1194 2463 1226 2495 Si
1238 2461 1387 2494 dicamus
1399 2459 1432 2492 id
1444 2456 1576 2493 valuisse
1588 2471 1663 2494 ante
1675 2459 1798 2495 Christi
1809 2461 1990 2496 aduentum
2002 2488 2012 2503 ,
2022 2465 2104 2510 quid
2114 2465 2155 2499 de

318 2503 788 2551 Timotheo'respondebimus
798 2511 812 2540 ἓ
823 2506 1020 2541 Notandum
1034 2508 1088 2546 est,
1098 2508 1240 2543 Paulum
1253 2506 1308 2543 hic
1321 2520 1391 2542 non
1401 2506 1496 2553 loqui
1509 2508 1548 2541 de
1558 2519 1689 2542 externa
1700 2508 1802 2544 modo
1813 2507 1970 2548 setstione,
1983 2522 2039 2545 aut
2048 2513 2086 2546 de
2098 2525 2154 2556 ce·

317 2554 469 2585 semonia
481 2579 491 2593 ‚
511 2550 562 2585 sed
574 2555 678 2600 magis
688 2552 850 2601 disputare
859 2555 1008 2590 aduersus
1017 2559 1156 2604 impiam
1169 2557 1356 2592 doc‘krinam
1368 2553 1719 2603 pseudoapostolorum
1731 2581 1741 2594 ,
1758 2559 1817 2603 qui
1826 2570 1898 2592 eam
1908 2556 2079 2606 fingebant
2090 2559 2152 2598 css'e

318 2599 530 2635 neccisarium
542 2603 606 2635 Dei
617 2601 759 2640 cultum,
771 2606 803 2636 &
816 2602 911 2639 simul
923 2602 1077 2639 fiduciam
1088 2605 1283 2652 ingerebant
1295 2616 1455 2650 tanquam
1465 2606 1573 2651 operis
1585 2606 1758 2640 meritorii.
1769 2606 1847 2640 Haec
1857 2606 2021 2652 diabolica
2033 2606 2150 2656 figme-

317 2658 350 2680 ta
360 2647 529 2682 Christum
543 2648 704 2684 faciebant
717 2651 882 2685 inutilem.
893 2665 963 2686 non
975 2653 1067 2699 quod
1076 2653 1276 2701 abnegarent
1287 2651 1555 2700 pseudoapostoli
1566 2651 1737 2688 Christum
1748 2676 1758 2690 ‚
1771 2665 1827 2687 aut
1837 2657 1972 2701 penitus
1983 2655 2148 2692 sublatum

317 2694 442 2729 vellent
459 2709 467 2729 ε
489 2696 539 2730 scd
556 2701 642 2731 inter
653 2697 752 2745 ipsius
765 2701 901 2746 gratiam
915 2704 947 2735 Sc
959 2701 1055 2748 Legis
1066 2714 1166 2749 opera
1175 2701 1216 2736 sic
1226 2700 1450 2749 partiebantur
1460 2724 1470 2739 ,
1489 2712 1523 2735 vt
1535 2701 1674 2735 dimidia
1683 2701 1811 2743 tantum
1824 2714 1895 2749 pars
1905 2701 2015 2739 salutis
2026 2703 2066 2738 ab
2087 2704 2148 2739 illo

314 2742 402 2778 effer.
416 2743 589 2780 Reclamat
599 2745 790 2793 Apostolus,
802 2761 870 2782 non
883 2747 969 2795 posse
979 2749 1046 2784 hoc
1057 2750 1157 2784 modo
1168 2751 1284 2784 diuidi:
1295 2762 1355 2784 nec
1367 2749 1459 2783 aliter
1471 2748 1569 2784 nobis
1580 2748 1724 2796 prodess'e
1733 2773 1743 2788 ,
1755 2751 1855 2796 quam
1867 2749 1888 2786 si
1898 2750 2005 2798 ipsum
2018 2755 2151 2800 intcgrti
2266 2748 2268 2804 l

316 2791 568 2840 ampletffhtmur.
586 2797 623 2827 Et
635 2798 692 2840 qui
704 2795 792 2829 aliud
805 2796 903 2830 hodie
916 2796 1041 2832 faciunt
1050 2798 1184 2846 Papistae
1195 2822 1205 2836 ‚
1217 2797 1276 2832 nisi
1285 2797 1376 2843 quod
1391 2810 1452 2845 pro
1467 2798 1720 2832 Circuncisione
1731 2811 1834 2845 nugas
1845 2799 1861 2832 ὲ
1872 2795 1901 2832 se
1911 2802 2011 2833 inuen
2018 2811 2063 2834 tas
2083 2802 2147 2836 ob*
2266 2806 2268 2816 ¹

314 2842 475 2874 trudunt?
490 2841 556 2876 huc
567 2843 653 2876 certe
663 2845 768 2877 tendit
782 2855 852 2878 tota
862 2858 978 2879 eorum
989 2847 1189 2884 doctrina‚vt
1198 2847 1322 2881 Christi
1333 2849 1589 2894 gratia‚operum
1602 2848 1725 2880 meritis
1735 2848 2070 2895 permiiceaturzquod
2084 2853 2150 2884 im-

317 2887 470 2936 possibile
483 2890 536 2923 est.
549 2890 718 2925 Christum
732 2894 820 2926 enim
831 2893 1010 2928 dimidium
1019 2894 1168 2941 quisquis
1179 2894 1295 2929 habere
1307 2895 1388 2931 vult,
1403 2906 1512 2929 totum
1527 2895 1642 2942 perdit:
1655 2899 1687 2928 δὲ
1701 2905 1812 2929 tamen
1822 2893 1918 2944 valde
1925 2894 1982 2930 fibi
1994 2899 2082 2931 acuti
2095 2902 2148 2933 vi*

318 2938 438 2972 dentur
447 2938 590 2986 Papum
605 2951 711 2984 quum
720 2938 864 2986 allegant
877 2942 1033 2989 operibus
1044 2941 1074 2977 se
1084 2942 1169 2985 nihil
1186 2942 1338 2979 tribuere,
1349 2941 1407 2976 nui
1422 2943 1585 2976 mediante
1597 2941 1720 2982 Christi
1731 2944 1844 2989 gratia.
1865 2943 1954 2989 quafi
1970 2946 2049 2979 verb
2058 2945 2143 2983 alius

316 2984 416 3020 fuerit
427 2985 618 3020 Galatarum
630 2999 727 3021 error.
737 2989 857 3035 Neque
868 2992 958 3024 enim
972 2991 990 3024 a
1001 2990 1134 3025 Christo
1144 2990 1280 3026 deficere
1290 2990 1319 3025 se
1329 2990 1514 3030 credebant,
1525 3001 1581 3031 aut
1591 2993 1780 3024 renuntiare
1790 2993 1858 3024 eius
1871 2992 2045 3039 gratiaezsed
2055 2999 2147 3041 peri-

316 3033 373 3068 bat
383 3045 495 3068 tamen
506 3034 571 3069 illis
582 3034 854 3082 Christus,quum
866 3038 1043 3072 adulterata
1053 3038 1127 3073 effet
1136 3039 1312 3088 Euangelii
1324 3040 1475 3073 doeh-ina
1488 3041 1521 3072 in
1533 3040 1700 3085 pra‘cipuo
1712 3037 1773 3071 illo
1782 3042 1897 3086 capite.
1905 3042 1965 3074 Ista
1975 3041 2145 3088 loquutio‚

269 3123 271 3126 y
316 3084 399 3116 Ecce
411 3095 472 3129 ego
485 3082 615 3121 Paulus,
625 3096 696 3118 non
707 3096 842 3131 paruam
854 3084 1023 3133 emphasin
1034 3087 1142 3122 habet:
1158 3100 1270 3122 coram
1280 3087 1411 3122 enimse
1423 3088 1578 3135 opponit,
1593 3091 1625 3120 ὅ(
1638 3099 1763 3122 nomen
1775 3088 1829 3121 dat
1838 3111 1848 3126 ‚
1858 3101 1900 3122 ne
1909 3090 2057 3124 videatur
2066 3103 2145 3126 cau-

316 3128 383 3164 sam
395 3130 530 3165 dubiam
543 3131 671 3166 habere.
683 3134 722 3166 Et
732 3145 924 3179 quanquam
936 3133 1087 3170 vilescere
1095 3137 1182 3185 apud
1191 3136 1321 3172 Galatas
1331 3147 1474 3184 coeperat
1487 3137 1555 3169 eius
1565 3133 1746 3172 authoritas
1757 3162 1767 3176 ‚
1775 3146 1887 3170 tamen
1898 3137 1937 3171 ad
1948 3136 2145 3175 refellendos

319 3181 436 3212 omnes
447 3177 645 3216 aduersarios
656 3178 801 3215 sufficere
813 3179 927 3216 afferit.

362 3238 374 3269 3
425 3227 581 3273 Testcficor
589 3232 667 3262 enim
676 3229 813 3273 rursiam.)
876 3231 1033 3266 Probatio
1048 3234 1092 3267 est
1103 3234 1262 3281 proximae
1279 3231 1455 3268 senteutiae,
1467 3229 1596 3279 sumpta
1608 3244 1644 3266 ex
1656 3230 1733 3266 loco
1744 3236 2004 3280 repugnantium
2016 3248 2024 3269 ε
2035 3234 2075 3270 ni
2085 3239 2144 3282 qui

318 3274 446 3308 debitor
457 3274 501 3308 est
512 3279 615 3311 totius
626 3278 723 3324 Legis
735 3276 900 3318 faciendae,
913 3290 1054 3314 mortem
1066 3285 1213 3327 nuquam
1223 3277 1367 3327 effugiet:
1379 3283 1456 3325 quia
1467 3278 1590 3327 semper
1601 3279 1747 3314 manebit
1762 3280 1819 3316 sub
1829 3294 1929 3316 reatu.
1941 3296 2043 3318 nemo
2052 3287 2143 3321 enim

315 3334 464 3367 vnquam
476 3327 652 3370 reperietur
664 3328 721 3372 qui
732 3328 813 3372 Legi
824 3324 1003 3362 satisfaciat.-
1021 3328 1093 3363 talis
1104 3332 1206 3376 igitur
1217 3328 1394 3375 obligatio,
1408 3339 1494 3362 certa
1504 3329 1546 3362 est
1560 3329 1730 3362 damnatio
1742 3329 1902 3364 hominis:
1914 3334 1958 3364 ita
1969 3329 2005 3364 fit
2014 3341 2048 3364 vt
2058 3331 2145 3367 nihil

313 3371 424 3416 iplum
437 3370 586 3407 Christus
599 3377 703 3408 iuuet.
717 3375 876 3411 Videmus
888 3387 967 3423 crgo
979 3388 1012 3413 vr
1022 3389 1208 3425 repugnent
1220 3378 1277 3412 ista
1288 3379 1366 3414 duo,
1378 3389 1439 3411 nos
1451 3375 1509 3412 effe
1520 3377 1641 3412 Christi
1655 3380 1765 3427 gratia>¹
1775 3381 1960 3428 participes,
1973 3383 2007 3414 ὅ(
2019 3378 2147 3462 rsshsum
2187 3423 2193 3430 '

2012 3440 2033 3461 ο
2087 3440 2157 3465 rin·-
