2268 3705
161 181 167 187 ,
290 180 293 183 ,
500 119 619 186 ,ΑΒ
667 113 1078 167 Henna-:os
1128 113 1426 173 συνῆς.
1888 144 1952 182 5„

104 194 212 234 inerat
223 193 397 229 momenti:
408 193 486 238 quia
497 203 535 226 ex
547 190 677 225 leuibus
689 191 755 226 istis
765 188 1064 227 obseruatiunculii
1073 194 1194 229 certius
1202 193 1366 228 iudicium
1377 193 1447 228 fieri
1458 196 1705 245 poterat,quam
1718 201 1838 248 procul
1847 201 1889 238 ab
1897 206 1941 240 Ε.

111 243 255 292 uangelii
268 241 470 290 perfectione
480 240 548 273 Lex
559 240 698 274 distaret.

159 304 186 326 11
234 288 367 333 Chrstm
377 289 808 337 auternfhperueniens‚&c.)
827 290 897 322 Iam
909 291 1079 324 veritatem
1092 302 1204 325 earum
1215 297 1325 324 rerum
1338 303 1411 337 quae
1422 290 1479 326 sub
1489 294 1578 340 Lege
1590 292 1735 334 fuerunt,
1748 300 1782 332 in
1794 300 1943 337 medium

109 339 234 392 profert
244 362 254 377 ,
269 350 340 385 quae
350 336 465 371 abillis
477 338 518 370 ad
527 335 558 370 se
569 336 687 370 oculos
697 347 880 371 conuertat.
901 337 990 372 Nam
1002 338 1147 385 quivere
1157 341 1192 373 in
1204 338 1340 373 Christo
1353 339 1498 374 exhibita
1509 339 1601 375 fuilse
1612 345 1714 378 credit
1724 358 1943 395 quaecunque

109 401 189 426 tunc
201 388 332 422 fuerunt
342 384 619 419 adumbrata.n0n
631 384 773 434 amplius
785 388 819 420 in
829 385 953 420 vmbris
966 386 1134 424 haetet,sed
1145 399 1266 434 corpus
1276 387 1382 435 ipsum
1395 393 1427 423 ὅ(
1440 387 1577 423 solidam
1587 394 1759 426 veritatem
1769 397 1943 442 amplecti-

109 449 173 474 tur.
183 435 346 472 Notandae
356 444 466 467 autem
478 431 550 467 sunt
561 432 738 480 diligenter
749 444 854 481 partes
865 435 899 468 in
908 434 1033 481 quibus
1043 434 1215 469 Christum
1227 446 1304 470 cum
1319 439 1417 470 veteri
1429 436 1592 478 pontifice
1602 451 1782 488 comparat.
1805 444 1942 482 Dixerat

107 489 245 523 v'nicum
255 478 526 524 Pontificegsemel
538 484 720 528 quo‘taunis
733 485 767 515 in
777 482 1011 517 Sanctuarium
1024 485 1152 532 ingredi
1162 495 1239 518 cum
1252 484 1410 532 sanguine
1423 499 1492 533 quo
1503 498 1636 534 peccata
1647 493 1801 536 expiaret.
1813 493 1888 526 Hoc
1899 492 1953 533 fi·-

108 534 187 569 mile
199 530 348 567 Christus
360 528 457 564 habet
467 541 545 564 cum
555 529 616 563 illo
627 533 740 571 veteri,
751 530 843 576 quod
852 529 940 565 solus
951 531 1148 580 dignitatem
1160 535 1193 566 &
1205 545 1328 567 munus
1338 533 1732 571 Pontificisbbtinetffioc
1743 539 1819 572 vero
1829 541 1939 575 diuer-

89 586 92 589 '
104 581 175 618 sum
186 580 277 628 quod
287 577 524 628 superuenit‚&
537 588 655 613 aeterna
663 577 753 612 bona
763 577 872 614 secum
883 579 985 613 adfert
995 592 1066 627 quae
1077 583 1330 630 perpetuitatem
1340 583 1525 617 conciliant
1534 587 1604 619 cius
1615 584 1939 623 lhccrdotiosecun-

104 631 148 666 do
157 631 224 666 hoc
236 626 339 663 simile
349 628 392 661 est
403 630 489 661 inter
499 637 642 660 veterem
654 625 851 661 Pontificem
864 629 897 662 δέ
909 627 952 662 hu
959 640 1001 662 nc
1011 630 1160 664 nostrum
1173 652 1181 665 ‚
1196 629 1287 676 qubd
1298 641 1433 677 vterque
1444 644 1500 680 per
1511 634 1740 668 Sanetuarium
1754 637 1938 681 ingreditur·

88 684 90 686 ’
103 681 143 715 ad
153 680 269 713 Sancta
280 674 533 711 [anctorumzsed
545 677 579 709 in
589 674 655 708 hoc
665 673 821 710 differunt
832 699 841 712 ‚
853 676 944 721 quod
955 677 1106 712 Christus
1116 675 1203 712 solus
1214 681 1249 724 in
1261 677 1378 712 caelum
1392 679 1549 726 ingreffus
1563 683 1606 715 est
1616 694 1674 730 per
1683 683 1848 732 templum
1860 697 1936 719 cor-‘-

128 725 193 762 oris
204 724 263 772 sui.
293 723 397 771 de
411 723 509 757 semel
521 723 650 757 tantum
663 727 843 769 quotannis
855 726 972 759 Sancta
981 723 1169 760 sanc'torum
1181 726 1409 773 aperiebantur
1427 728 1583 764 Pontifici
1594 734 1631 763 ad
1641 733 1860 779 peragendam
1884 731 1936 768 so·

101 739 470 821 feim'em‘expiationem
482 777 493 811 ’,
504 773 536 804 id
548 774 612 805 iam
626 770 760 805 obscure
771 771 932 819 figurabat
943 775 1074 808 vnicam
1090 774 1214 810 Christi
1224 774 1611 812 oblationem.ambobus
1621 780 1814 826 igiturillud
1832 781 1930 816 semel

101 836 284 865 commune
295 822 351 859 est,
360 819 410 854 sed
420 832 550 854 terreno
565 818 627 853 fnit
637 822 908 855 anniuersarium:
922 820 1036 856 caelesti
1047 834 1157 858 autern
1170 834 1330 858 aeternum
1342 825 1385 858 est
1396 824 1496 872 vsque
1504 827 1543 859 ad
1555 825 1656 861 finem
1669 829 1799 862 mundi.
1810 829 1930 865 ambo—r

99 871 162 909 bus
174 872 367 906 communis
377 869 420 903 est
431 868 598 915 sanguinis
609 867 756 902 oblatio:
771 866 822 903 sed
833 873 992 918 magnum
1006 873 1041 905 iu
1052 870 1211 918 sanguine
1224 871 1494 919 discrimen‚quia
1506 875 1576 908 non
1588 875 1838 922 pecuinum,sed
1850 890 1930 926 pro-⁴

96 924 207 972 prium
218 918 411 966 sanguinem
431 917 581 954 Christus
594 915 728 951 obtulit.
746 917 911 953 ambobus
921 923 1113 954 communis
1138 922 1295 971 expiatio,
1308 919 1360 955 sed
1378 921 1508 969 Legalis
1519 922 1575 956 illa
1590 926 1667 969 quia
1688 925 1838 959 inefficax
1851 938 1929 965 erat,

96 971 277 1018 quotannis
288 966 649 1014 repetebatur.expiatio
659 977 770 1000 autem
781 979 837 1014 per
848 967 1017 1002 Christum
1030 979 1119 1015 parta
1127 967 1252 1017 semper
1265 969 1354 1019 viget
1365 993 1374 1008 ,
1387 974 1418 1004 δε
1430 982 1594 1018 perpetuae
1603 971 1702 1006 nobis
1714 973 1823 1008 salutis
1837 974 1930 1010 causa

96 1019 207 1053 est.1ta
221 1016 355 1064 singulis
366 1014 470 1063 prope
482 1013 589 1048 verbis
601 1026 762 1061 magnum
775 1017 857 1050 inest
870 1016 1012 1062 pondus.
1024 1017 1128 1063 de
1138 1017 1194 1052 alii
1205 1029 1346 1056 vertunt,
1359 1019 1508 1054 Christus
1522 1018 1667 1054 assistens
1679 1043 1688 1058 ‚
1701 1035 1771 1055 non
1788 1024 1859 1056 vere
1871 1022 1928 1057 exi-

96 1068 214 1116 primit
227 1076 373 1099 mentem
391 1062 554 1110 Apostoli:
566 1061 727 1110 fignificat
739 1066 830 1098 enim
842 1063 1023 1112 postquam'
1032 1078 1168 1100 munere
1179 1063 1237 1100 suo
1246 1067 1284 1100 ad
1296 1066 1464 1114 praefixum
1478 1079 1609 1116 tempus
1620 1068 1770 1104 defuntffi
1779 1070 1853 1104 sunt
1864 1073 1928 1106 Le-

95 1116 191 1150 uitici
200 1111 574 1149 Sacerdotes‚Christurn
586 1109 677 1145 fuisse
688 1110 1010 1159 l'tibtogatu1n2s1cuti
1020 1113 1113 1161 supra
1126 1114 1423 1162 6.cap.habuimus.
1457 1119 1575 1150 Futura
1588 1116 1667 1150 bona
1679 1130 1739 1165 pro
1750 1122 1878 1153 aeternis
1890 1130 1927 1154 ac

94 1165 180 1212 cipe.
191 1174 269 1197 nam
280 1160 373 1195 sicuti
383 1158 492 1201 μέλλων
501 1161 587 1200 καιρὲς
596 1167 635 1202 τῳ
646 1161 777 1194 {ranno-11
787 1164 982 1209 opponitur,
996 1164 1041 1196 ita
1051 1162 1160 1196 futura
1171 1163 1259 1197 bona
1271 1162 1492 1212 praesentibus.
1508 1166 1644 1199 Summa
1653 1168 1697 1200 est
1710 1189 1721 1204 ‚
1742 1168 1866 1202 Christi
1880 1166 1928 1202 fi.-

80 1207 242 1248 ¹'cerdotio
253 1222 315 1244 nos
327 1212 362 1243 in
373 1208 495 1245 caeleste
507 1210 573 1242 Dei
585 1221 725 1256 regnum
737 1209 1012 1258 perduci‚nc‘›sque
1023 1210 1200 1258 spiritualis
1212 1213 1340 1246 iustitiae
1353 1217 1386 1247 ἃ
1397 1224 1516 1256 aeterne
1526 1213 1649 1248 vntaefic
1659 1213 1728 1248 fieri
1739 1227 1927 1266 compotes,

91 1271 129 1296 vt
139 1262 318 1307 quicquam
330 1269 483 1309 appetere
495 1257 613 1292 melius
625 1258 671 1292 fas
682 1272 752 1293 non
767 1258 813 1292 sit.
824 1258 921 1292 Solus
936 1261 1039 1306 igitur
1051 1260 1201 1294 Christus
1213 1260 1310 1295 habet
1321 1274 1390 1307 quo
1402 1274 1463 1295 nos
1476 1265 1509 1296 in
1521 1261 1550 1296 se
1561 1265 1698 1298 retineat
1710 1276 1746 1297 ac
1758 1263 1851 1298 sistat.

104 1306 108 1311 “
143 1313 205 1343 Per
213 1319 311 1341 matus
325 1311 362 1347 ὠ·
371 1307 553 1353 peifecims.)
575 1305 705 1340 Etiamsi
717 1307 802 1340 varie
814 1309 993 1354 exponitur
1004 1307 1058 1342 hic
1069 1309 1265 1346 locus‚mihi
1275 1322 1345 1343 non
1356 1310 1498 1344 dubium
1521 1311 1564 1348 est
1574 1313 1657 1357 quin
1669 1312 1793 1347 Christi
1806 1312 1927 1362 corpus

81 1352 375 1404 'intelliganSicusti
387 1358 476 1389 enim
489 1353 629 1389 access'us
640 1367 706 1389 erat
716 1354 799 1389 'olim
811 1353 967 1391 Pontifici
979 1357 1132 1391 Leuitico
1143 1360 1177 1391 in
1189 1358 1309 1393 sancta
1320 1355 1511 1393 sanctorum
1524 1371 1581 1405 per
1593 1361 1815 1395 lanckuarium
1827 1353 1925 1396 corii*

80 1407 203 1441 >mune:
215 1408 260 1439 ita
295 1404 327 1438 er
339 1416 460 1451 corpus
471 1402 565 1437 suum
579 1404 729 1437 Christus
740 1406 775 1438 in
787 1402 943 1438 caelestem
955 1403 1096 1455 gloriam
1109 1404 1269 1452 ingressus
1279 1406 1331 1440 est.
1344 1408 1422 1452 quia
1433 1405 1512 1440 dum
1524 1408 1633 1441 in'duit
1644 1420 1775 1443 carnem
1805 1410 1925 1448 nostri,

88 1457 124 1491 &
135 1456 171 1489 in
181 1466 216 1488 ea
227 1417 332 1501 paii'us
343 1453 396 1486 ess:
406 1453 492 1486 hanc
503 1451 559 1485 libi
570 1455 821 1500 praerogatiuam
833 1455 1090 1500 comparauit‚vt
1101 1466 1212 1488 coram
1223 1455 1297 1488 Deo
1308 1466 1399 1488 nunc
1409 1467 1470 1504 pro
1481 1453 1579 1489 nobis
1592 1457 1752 1490 mediator
1760 1469 1925 1505 appareat.

86 1501 203 1538 Primo
214 1503 398 1536 Sanetuarii
409 1513 535 1535 nomen
551 1501 625 1548 apte
638 1506 671 1535 δε
683 1513 905 1548 congruenter
914 1501 956 1535 ad
966 1502 1098 1549 Corpus
1112 1501 1235 1537 Christi
1246 1500 1456 1537 transfertur:
1471 1503 1514 1537 est
1525 1506 1616 1538 enim
1627 1505 1793 1552 templum
1807 1511 1841 1540 in
1853 1519 1922 1554 quo

79 1561 158 1598 ‚tota
167 1551 232 1584 Dei
243 1549 390 1584 maiestas
401 1550 574 1584 habitauit.
587 1551 718 1585 Dicitur
728 1561 839 1585 autem
850 1561 906 1596 per
916 1560 1036 1597 corpus
1048 1549 1140 1585 suum
1152 1552 1212 1586 iter
1221 1549 1330 1585 feciffe
1342 1562 1375 1585 vt
1387 1553 1422 1585 in
1433 1550 1550 1585 caelum
1569 1552 1754 1587 ascenderet
1765 1579 1775 1595 ,
1798 1557 1877 1601 quia
1888 1558 1924 1590 in

42 1601 45 1606 ’
83 1611 227 1647 corpore
238 1598 298 1632 illo
310 1597 339 1632 se
348 1600 424 1632 Deo
436 1596 650 1633 consecrauit:
662 1601 696 1631 in
708 1611 748 1632 eo
759 1597 820 1632 fuit
833 1596 1051 1633 sanctificatus
1062 1601 1096 1633 in
1109 1611 1218 1633 veram
1229 1600 1389 1635 iustitiam
1408 1626 1419 1640 ,
1432 1602 1467 1634 in
1479 1608 1519 1634 eo
1530 1599 1559 1634 se
1570 1603 1763 1648 praeparauit
1773 1604 1822 1636 ad*
1832 1615 1925 1649 pera-

109 1649 233 1682 endum
247 1645 600 1692 sacrificiumzdenique
613 1648 735 1692 quiam
747 1659 786 1680 eo
797 1645 826 1680 se
838 1649 1033 1687 exinaniuit,
1047 1651 1081 1682 &
1093 1659 1236 1681 mortem
1248 1650 1354 1683 crucis
1366 1648 1502 1696 pertulit
1513 1672 1522 1686 ,
1537 1650 1613 1682 ideo
1626 1648 1742 1685 extulit
1755 1649 1852 1685 illum
1864 1653 1924 1685 Pa—

28 1690 32 1693 *
75 1698 144 1737 ter,
158 1700 194 1731 &
203 1696 292 1731 dedit
303 1695 353 1732 illi
363 1708 490 1730 nomen
502 1695 592 1741 quod
603 1693 639 1728 fit
650 1693 744 1743 supra
755 1708 857 1729 omne
868 1707 948 1728 nom
955 1698 1065 1733 en,cui
1076 1695 1225 1731 flectatur
1236 1709 1340 1731 omne
1349 1709 1450 1744 genu,
1465 1701 1530 1732 &c.
1542 1700 1657 1745 Itaque
1667 1711 1725 1746 per
1735 1711 1857 1748 corpus
1868 1698 1923 1734 [ὶιῡ

81 1744 180 1780 caelos
191 1741 349 1793 ingreffus
360 1745 414 1782 est,
425 1746 504 1791 quia
515 1745 590 1777 ideo
603 1755 693 1778 nunc
704 1741 787 1778 sedet
798 1746 837 1776 ad
848 1744 949 1777 Patris
960 1744 1135 1778 dexteram:
1149 1744 1223 1778 ideo
1234 1747 1270 1778 in
1280 1743 1361 1779 caelo
1373 1756 1434 1791 pro
1446 1744 1545 1779 nobis
1556 1747 1741 1784 intercedit,
1753 1748 1843 1794 quod
1855 1760 1925 1783 car—

80 1807 125 1829 ne
136 1794 246 1829 nostra
256 1793 405 1840 indutus,
416 1805 488 1826 eam
503 1793 578 1826 Deo
589 1792 674 1827 Patri
686 1794 720 1826 in
732 1791 897 1840 templum
909 1791 1124 1827 consecrauit:
1136 1796 1170 1830 sc
1179 1794 1215 1828 in
1228 1805 1263 1827 ea
1275 1790 1492 1828 sanctificauit
1505 1792 1645 1841 seipsum
1656 1805 1691 1828 vt
1703 1795 1802 1830 nobis
1833 1808 1926 1831 aeter-

78 1854 160 1877 nam
172 1836 430 1885 itiltitiam‚fa&a
442 1851 657 1889 peccatorum
670 1843 859 1887 expiatione
868 1842 1061 1886 acquireret.
1072 1843 1162 1876 Mitti
1171 1852 1283 1874 tamen
1295 1840 1396 1875 videri
1431 1838 1505 1874 offic
1514 1853 1572 1876 cur
1580 1854 1679 1890 neget
1689 1855 1809 1891 corpus
1821 1845 1924 1880 Chri—

77 1890 118 1925 sti
127 1890 227 1925 huius'
239 1879 333 1924 fuifl'e
340 1891 529 1924 creationis.
541 1901 619 1922 nam
631 1889 718 1923 cette
731 1900 874 1922 creatum
885 1887 948 1922 fuit
958 1902 994 1922 ex
1008 1889 1145 1925 Abrahae
1156 1888 1292 1927 semine,
1305 1893 1339 1924 ὃ(
1350 1853 1554 1937 paiiionibus
1576 1890 1747 1938 mortique
1759 1892 1919 1928 obnoxifi.

75 1936 298 1986 Respondeo,
318 1951 389 1973 non
398 1934 454 1973 'hic
463 1940 516 1985 agi
541 1938 579 1971 de
589 1939 740 1985 corporis
753 1933 940 1976 substantia,
956 1936 1006 1971 vel
1020 1939 1120 1971 etiam
1134 1949 1294 1985 corporea
1304 1938 1464 1984 qualitate
1476 1961 1487 1975 ‚
1505 1937 1555 1973 sed
1567 1939 1607 1974 de
1617 1942 1740 1975 virtute
1757 1939 1920 1989 spirituali

77 1999 151 2034 quae
162 1988 240 2021 iude
254 1987 292 2020 ad
305 1999 366 2021 nos
381 1996 501 2021 manat.
516 1987 691 2032 Qatenus
702 1988 792 2019 enim
806 1986 849 2022 est
858 1983 992 2020 viuifica
1003 1986 1126 2021 Christi
1135 1998 1224 2023 cato,
1236 1989 1269 2019 &
1282 1985 1415 2020 caelestis
1426 1985 1519 2021 cibus
1531 1988 1571 2021 ad
1592 1987 1766 2035 pascendas
1777 1993 1917 2029 animas,

75 2047 240 2083 quatenus
251 2035 429 2083 spiritualis
442 2047 542 2082 potus
554 2032 599 2067 est
611 2038 645 2069 δε
657 2033 826 2068 lauacrum
839 2037 908 2067 eius
919 2032 1062 2080 sanguis,
1074 2033 1160 2067 nihil
1172 2036 1207 2067 in
1218 2032 1285 2067 illis
1295 2045 1462 2068 terrenum
1474 2035 1526 2069 vel
1536 2035 1730 2071 elementale
1741 2040 1920 2087 imaginari

76 2082 166 2119 licet.
180 2085 311 2119 Deinde
323 2085 575 2117 meminerimus
585 2082 650 2116 hoc
660 2083 725 2116 dici
736 2085 853 2116 veteris
862 2082 1064 2116 tabernaculi
1074 2080 1234 2129 respectu,
1245 2083 1335 2128 quod
1347 2096 1383 2117 ex
1395 2082 1838 2131 ligno,aere‚pellibus‚vatiis
1850 2098 1922 2122 tex-

73 2134 261 2174 turis,kauro
273 2136 307 2166 &
319 2143 457 2179 argento
467 2130 690 2178 compositum
704 2141 781 2166 etat,
798 2131 864 2164 hoc
876 2131 920 2164 est
931 2143 968 2165 ex
984 2130 1080 2165 rebus
1092 2133 1242 2167 mortuis.
1257 2142 1289 2164 at
1300 2132 1423 2165 Christi
1435 2143 1617 2170 carnem,vt
1626 2135 1742 2168 viuum
1755 2133 1791 2169 fit
1804 2139 1838 2171 &
1850 2135 1931 2184 spi--

72 2181 192 2215 rituale
202 2179 383 2227 templum,
395 2182 458 2213 Dei
471 2182 621 2227 potentia
631 2178 778 2226 inspirat.
1869 2185 1871 2187 ’
1903 2178 1905 2181 ’

121 2239 154 2263 12
205 2230 278 2263 Nec
285 2239 342 2277 per
349 2229 528 2276 sangninem
540 2226 717 2271 hircorum.)
769 2227 845 2260 Huc
857 2223 1003 2273 spectant
1018 2228 1075 2262 ista
1086 2228 1214 2264 omnia,
1225 2227 1570 2276 tantopereexcellere
1579 2242 1651 2276 quae
1663 2230 1698 2264 in
1709 2229 1844 2265 Christo
1854 2230 1913 2273 stit,

72 2287 109 2311 Vt
122 2277 242 2311 metito
256 2280 289 2312 in
302 2277 446 2315 nihilum
458 2277 608 2323 redigant
618 2288 735 2310 omnes
749 2277 846 2321 Legis
865 2275 996 2322 figuras.
1013 2275 1123 2323 Qale
1133 2278 1224 2310 enim
1235 2273 1404 2323 sanguinis
1415 2276 1539 2310 christi
1550 2281 1693 2325 pretium
1706 2281 1766 2312 etit
1775 2305 1785 2319 ,
1798 2278 1819 2313 fi
1830 2279 1912 2315 bru-

72 2335 187 2361 torum
199 2324 351 2374 sanguini
361 2326 578 2364 accenseatur?
589 2323 694 2371 qualis
708 2326 767 2357 erit
777 2325 920 2371 expiatio
935 2336 1041 2359 morte
1053 2328 1122 2359 eius
1132 2323 1258 2372 parta‚s1
1275 2325 1410 2372 Legales
1421 2329 1637 2372 purgationes
1648 2329 1797 2374 vigorem
1819 2324 1849 2362 su
1856 2341 1915 2363 um

66 2376 235 2417 'retineant
255 2382 265 2407 ἒ
288 2374 396 2409 Simul
407 2386 486 2422 ergo
497 2374 597 2420 'atque
611 2375 645 2407 in
663 2373 810 2406 medium
823 2373 932 2419 prodit
943 2372 1093 2407 Christus
1107 2384 1183 2406 cum
1196 2370 1315 2409 effeetu
1327 2375 1443 2408 mortis
1454 2372 1515 2408 suae
1526 2398 1535 2411 ,
1549 2373 1668 2421 figuras
1681 2387 1800 2409 ornnes
1818 2374 1916 2411 ceffass

62 2416 106 2457 *re
119 2421 245 2457 neceffe
255 2423 309 2458 est.

127 2485 156 2521 13
227 2475 259 2512 Si
267 2468 506 2527 enimsbnguis
513 2481 684 2511 taurorum
698 2471 737 2518 ῤ’
749 2467 931 2515 hircorum,
948 2468 988 2516 ἀ»
997 2472 1082 2513 cinis
1089 2471 1206 2511 vitula
1217 2467 1374 2527 asperfiaes,
1387 2485 1443 2510 eos
1454 2473 1514 2524 qui
1522 2471 1914 2525 communicantfine't'i-

59 2528 148 2579 ficat
155 2526 208 2566 ad
209 2527 323 2567 car'nis
327 2531 526 2582 puritatem,

127 2597 173 2634 14
191 2633 195 2639 .
233 2591 378 2639 Qanto
398 2588 510 2640 magis
523 2586 664 2638 sanguis
676 2582 802 2635 Christi
820 2586 881 2637 qui
884 2583 1104 2637 perspiritum
1124 2581 1434 2639 aternumseipfitm
1452 2581 1572 2623 obtulit
1588 2582 1913 2640 irreprehenstbilem

68 2638 343 2685 &emundabit
350 2638 586 2692 conscientiam
595 2639 743 2693 vestram
754 2638 774 2677 ἂ
784 2649 926 2677 mortuis
937 2637 1089 2694 operibus
1101 2670 1110 2685 ‚
1127 2639 1173 2678 ad
1174 2636 1394 2693 seruiendum
1411 2648 1481 2678 Deo
1489 2642 1630 2680 viuenti
1639 2646 1656 2680 ?

125 2709 156 2741 ις
212 2702 466 2751 eAcpropterea
479 2697 682 2749 Testamenti
692 2701 773 2734 noui
784 2693 984 2735 wredzator
992 2693 1047 2746 est,
1058 2705 1217 2741 svrmorte
1229 2694 1456 2734 intercedente
1465 2697 1504 2733 in
1517 2696 1784 2751 redemptionem
1794 2696 1911 2752 trans-

60 2752 262 2806 greſsionum
281 2750 419 2807 quasub
438 2757 547 2808 priore
555 2757 590 2789 T
592 2755 779 2790 efbamemo
801 2760 920 2797 erant,
945 2753 1007 2806 qui
1014 2755 1129 2791 vocati
1131 2750 1216 2807 sunt
1227 2781 1238 2798 ‚
1252 2750 1501 2807 promissionem
1512 2755 1677 2808 accipiant
1693 2763 1819 2792 aetemae
1841 2752 1909 2794 ha*

67 2806 236 2847 reditatis.

117 2866 155 2901 16
213 2870 316 2913 Ram
330 2862 394 2903 vbi
403 2865 709 2917 estteft'amentum,
720 2862 791 2904 illic
800 2864 921 2917 necesse
930 2863 975 2916 est
992 2873 1135 2903 mortem
1144 2863 1310 2916 testatoris
1319 2862 1538 2903 intercedere.

133 2934 176 2970 ¹7
240 2924 492 2962 Testamentum
516 2922 609 2959 enim
624 2922 663 2958 in
684 2923 827 2962 mortuis
835 2921 984 2971 firmum
996 2924 1047 2960 eft
1064 2951 1076 2967 ,
1095 2925 1177 2975 quia
1201 2933 1381 2974 nunquam
1398 2919 1558 2961 validum
1578 2919 1624 2975 est
1634 2917 1793 2975 quandiu
1815 2923 1923 2962 viuit'

65 2972 208 3026 testator.

58 3084 61 3086 ,
113 3057 141 3091 13
186 3047 437 3096 Sirenimfimguis
445 3052 622 3085 taurorum.)
677 3049 743 3082 Hic
761 3047 856 3082 locus
872 3047 988 3082 multis
1000 3049 1127 3083 errandi
1138 3046 1347 3084 occasionem
1358 3046 1516 3094 praebuit,
1528 3049 1606 3094 quia
1619 3059 1690 3080 non
1709 3045 1908 3093 reputabant

65 3093 106 3128 de
122 3097 339 3131 Sacramentis
353 3100 495 3134 tractari,
509 3109 654 3143 quotum
668 3094 843 3143 spiritualis
859 3097 902 3130 est
912 3095 1120 3143 fignificatio.
1145 3095 1264 3131 Carnis
1277 3096 1550 3130 emundationem
1566 3105 1739 3142 exponunt
1752 3107 1824 3140 quae
1837 3105 1911 3128 tan-

64 3153 139 3180 tum
149 3146 235 3178 inter
245 3145 399 3180 homines
409 3145 620 3180 valeanficuti
631 3143 762 3192 profani
772 3144 927 3181 homines
938 3143 1102 3179 habebant
1112 3143 1165 3179 sua
1175 3144 1305 3193 piacula
1316 3143 1437 3190 quibus
1457 3142 1618 3177 scelerum
1640 3141 1809 3177 infamiam
1821 3141 1911 3176 dele⁴

66 3203 151 3225 rent.
173 3194 252 3227 Haec
263 3193 340 3226 verb
354 3193 514 3241 expositio
527 3197 628 3228 nimis
648 3191 784 3241 profana
796 3195 850 3229 est.
864 3205 942 3226 nam
956 3195 1077 3227 iniuria
1089 3191 1124 3227 fit
1133 3195 1198 3228 Dei
1209 3190 1483 3240 promistionibus
1493 3215 1503 3230 ‚
1523 3191 1544 3225 si
1560 3203 1669 3226 earum
1683 3187 1836 3227 effectum
1858 3203 1909 3224 re—

65 3241 260 3288 stringimus
271 3243 310 3274 ad
323 3241 476 3287 politiam
485 3243 655 3277 duntaxat.
674 3240 820 3280 Subinde
835 3243 981 3276 occurrit
992 3240 1058 3278 haec
1071 3239 1231 3276 sententia
1240 3240 1328 3289 apud
1340 3238 1466 3274 Mosem
1477 3263 1487 3277 ‚
1519 3241 1636 3285 QrLum
1648 3236 1844 3272 sacrificium
1865 3241 1912 3273 ri-

64 3289 98 3324 εὲ
113 3288 298 3337 perfe&um
319 3288 417 3323 fuerit
433 3312 444 3326 ,
462 3291 647 3338 expiabitur
668 3291 838 3336 iniquitas.
875 3290 956 3324 Haec
976 3289 1064 3323 certe
1085 3287 1261 3337 spiritualis
1274 3289 1317 3323 est
1329 3286 1404 3321 fidei
1428 3288 1590 3335 dot-Rerum⁴
1625 3288 1780 3321 Ptaeterea
1803 3298 1911 3331 quum

64 3336 132 3373 huc
141 3338 305 3372 destinatae
321 3336 444 3372 fuerint
457 3351 573 3373 omnes
596 3340 743 3374 viCkimae
754 3360 764 3374 ,
787 3350 822 3372 vt
832 3338 872 3372 ad
884 3337 1054 3372 Christum
1066 3337 1240 3373 ducerent:
1264 3336 1549 3383 quemadmodum
1561 3347 1680 3369 aeterna
1695 3332 1787 3368 estin
1808 3335 1912 3369 Chri-

65 3386 116 3421 sto
132 3389 253 3422 anima:
265 3384 368 3424 salus,
388 3387 435 3422 ita
445 3385 503 3421 illa
514 3399 589 3422 vera
605 3387 707 3424 huius
715 3383 826 3423 salutis
849 3386 1041 3425 testimonia
1053 3397 1156 3424 erant.
1190 3386 1286 3435 Qid
1297 3396 1376 3432 ergo
1386 3383 1528 3419 sibivult
1537 3381 1720 3432 Apostolus
1745 3394 1852 3430 quum
1869 3384 1911 3418 do

1952 1667 2044 1708 philip.
2060 1671 2111 1706 2242
2119 1679 2144 1715 Β,

1951 1708 2002 1740 9.b.
2009 1717 2048 1738 10.
