2268 3705
533 64 1373 123 ADCORINTHCAP·
1427 74 1485 124 V·
1899 96 1959 137 259

109 142 198 181 solus
207 151 243 179 ca
253 135 389 180 fruatur,
402 139 453 176 sed
463 137 561 175 latius
571 140 850 190 diffundi,nempe
864 144 899 177 in
911 142 1113 178 Corinthios
1126 142 1403 190 quibusmultum
1415 149 1579 195 proderat.
1591 148 1709 199 Qum
1721 150 1802 193 doni
1811 154 1947 197 Dciem

107 195 290 231 berantiam
303 195 337 226 in
350 189 549 239 gratitudine
559 191 749 227 constituit,
773 192 808 224 in
819 190 966 225 authoris
980 190 1121 238 gloriam
1133 205 1141 226 :
1154 193 1311 229 admonet
1319 218 1330 232 ,
1341 197 1451 230 nostra
1465 199 1600 244 ignauia
1618 205 1723 249 perite
1734 207 1894 255 quicquid
1904 212 1943 246 in

109 255 172 278 nos
184 242 350 277 bonorum
362 237 490 272 confert
501 240 603 276 Deus,
614 237 673 272 nisi
683 238 720 272 ad
732 240 851 286 gratias
862 242 1001 286 agendas
1011 243 1160 289 prompti
1173 245 1206 276 ὅ(
1218 240 1336 277 alacres
1345 242 1460 290 simus.v

154 294 192 323 16
241 286 446 339 Qamobrem
455 299 511 318 non
520 286 698 330 defit-rmus.)
749 287 850 321 Nunc
861 286 949 333 quasi
961 290 1068 323 cunita
1079 288 1219 329 causam
1232 293 1393 326 maiorem
1405 292 1643 329 confidentiam
1655 298 1936 350 attollitur,quam

103 341 205 387 prius.
214 338 297 372 Non
309 336 489 382 est,i11quit,
504 346 596 368 cauta
608 347 664 368 cur
675 333 1106 383 despondeamusanimum,
1116 349 1171 372 aut
1183 335 1359 385 fatigemur
1371 339 1428 375 sub
1439 346 1545 376 crucis
1556 356 1658 378 onere
1668 366 1677 382 ‚
1690 350 1783 383 cuius
1795 361 1862 384 tam
1872 351 1941 386 foess'

107 390 164 424 lix,
176 398 235 420 nec
245 384 327 419 mihi
339 380 456 420 solum,
469 380 520 417 sed
533 383 604 416 aliis
616 395 751 430 quoquc
763 382 906 418 salutaris
921 384 963 418 est
976 383 1142 419 iuccess'us.
1152 388 1198 420 lta
1209 387 1360 422 hortatur
1372 390 1571 426 Corinthios
1581 395 1638 426 iuo
1649 396 1803 443 exemplo
1814 399 1852 432 ad
1862 399 1933 434 for-

105 435 281 468 titudinem
291 455 300 469 ,
322 430 488 478 liquando
499 443 673 479 contingat
695 430 780 478 ipsos
791 430 938 466 [imiliter
951 431 1071 480 affligi:
1099 434 1217 468 deinde
1226 437 1373 471 retundit
1389 436 1480 472 illam
1493 439 1722 480 insolentiam,
1741 456 1776 477 in
1787 458 1851 491 qua
1862 461 1931 483 non

105 483 313 517 mediocriter
323 479 513 527 peccabant,
523 479 614 525 quod
625 479 810 515 ambitione
821 483 987 528 occupati,
997 493 1066 528 quo
1076 480 1215 528 quisque
1224 487 1385 520 remotior
1395 497 1461 520 erat
1473 488 1490 522 a
1503 500 1599 524 cruce
1609 490 1745 528 Christi,
1755 505 1795 526 co
1807 498 1933 530 maiore

101 529 199 565 illum
209 528 372 564 habebant
393 531 428 563 in
441 530 560 577 pretio,
611 529 652 563 Εῑ
662 529 839 574 fiexternm
848 529 932 563 homo
942 529 1045 572 noster.
1094 531 1273 566 Externum
1284 532 1461 569 hominem
1478 536 1563 571 male
1574 539 1708 584 quidam
1720 544 1753 573 ὅ(
1777 543 1932 591 imperite

99 591 177 614 cum
187 579 287 611 veteri
296 577 435 612 homine
444 574 667 611 confundunt.
691 577 735 610 cst
745 579 834 611 enim
845 576 946 625 longe
957 576 1047 612 aliud
1057 588 1150 612 vetus
1164 578 1280 613 homo:
1292 581 1330 615 de
1340 594 1408 627 quo
1420 583 1782 627 Rom.6.a.6,diximus.-
1799 585 1885 625 Falso
1897 606 1933 627 e<-

99 629 181 660 tiam
191 623 444 671 Chrysostomus
457 630 491 659 ὃς
510 624 567 658 alii
584 624 713 658 tantum
725 625 764 659 ad
776 636 895 673 corpus
905 626 1104 673 restringunt
1115 640 1122 660 z
1134 639 1211 661 uam
1223 630 1401 675 Apostolus
1416 631 1476 665 hac
1487 644 1567 667 voce
1577 637 1858 693 comprchfndcre
1869 652 1931 674 von

98 676 161 709 luit
173 675 333 721 quicquid
356 675 394 708 ad
405 671 593 722 praesentem
604 675 707 706 vitam
721 670 852 722 sptfiat.
871 675 1168 719 Qemadmodum
1182 675 1239 711 hic
1248 679 1330 711 duos
1339 677 1496 714 hommes
1506 683 1678 717 constituit
1693 698 1701 718 t
1722 687 1766 720 ita
1776 688 1855 722 duas
1866 687 1929 723 tibi

97 726 181 757 vitas
192 735 355 770 propone,
366 734 526 756 terrenam
539 725 572 755 ὅ(
584 720 752 755 caelestem.
765 722 914 755 Exterior
924 723 1029 756 homo
1040 722 1248 758 conseruatio
1259 725 1301 759 est
1313 736 1445 760 terrenae
1453 730 1612 776 vitae,quae
1623 745 1693 767 non
1708 735 1838 771 tantum
1852 746 1930 771 atta-⁷

100 774 140 805 tis
151 770 232 805 flore
242 777 275 805 ὃς
287 770 376 807 bona
386 769 583 806 valetudine,
599 767 651 803 sed
660 769 781 819 opibus
792 773 904 810 etiam,
917 770 1104 805 honoribus
1112 794 1122 809 ,
1141 775 1309 809 amicitiis,
1323 778 1357 807 ὃς
1368 774 1440 808 aliis
1450 774 1595 812 subsidiis
1605 783 1807 817 continetur.
1821 797 1930 831 quan÷

98 830 172 854 tum
185 831 263 866 ergo
274 818 373 854 nobis
383 820 597 854 imminuitur
606 817 658 851 vel
669 819 794 867 deperit
805 831 842 852 cx
852 818 950 852 bonis
962 818 1028 852 illis
1039 832 1111 866 quae
1122 820 1161 854 ad
1172 821 1290 857 statum
1300 825 1373 856 vitae
1383 822 1549 871 praesentis
1572 830 1733 863 tuendum
1748 842 1780 865 re
1787 835 1930 879 quirun⁴

97 879 172 908 tur,
193 868 390 902 tantundem
408 868 633 914 corrumpitur
653 878 804 901 externus
816 867 924 901 noster
934 867 1052 900 homo.
1071 869 1162 912 Qa
1172 872 1261 903 enim
1270 872 1417 906 nimium
1427 874 1461 906 in
1471 873 1619 920 ptaescnti
1630 879 1696 910 vita
1706 901 1716 915 ‚
1728 882 1876 926 quandiu
1886 880 1930 917 ad

94 926 214 951 votum
224 915 333 950 fluunt
344 916 687 961 omniamccu'pamur:
699 917 773 951 ideo
784 917 956 950 Dominus
965 917 1127 965 paulatim
1136 916 1234 951 nobis
1247 918 1425 954 auferendo
1437 933 1510 967 quae
1521 935 1583 957 nos
1600 924 1784 974 implicitos
1801 938 1930 968 tenent,

94 965 134 999 ad
146 965 395 999 meditationem
405 966 479 997 vitae
492 963 639 997 melioris
649 975 792 997 reuocat.
804 965 856 998 Sic
870 975 949 1010 ergo
961 966 1034 998 vitae
1044 962 1207 1014 praesentis
1219 966 1505 1003 statuminclinare
1514 970 1638 1005 neceffe
1649 974 1703 1014 est,
1714 986 1748 1007 vt
1760 975 1866 1011 homo
1878 980 1933 1014 iri-²

94 1015 196 1048 tctior
208 1010 389 1047 reflorescat
399 1025 407 1045 :
419 1015 497 1059 quia
507 1012 598 1058 quod
616 1023 750 1047 terrenae
760 1014 833 1046 vitae
844 1012 970 1046 decedit
980 1037 990 1052 ‚
1006 1011 1156 1048 accrescit
1166 1013 1281 1049 caelesti
1291 1038 1301 1052 ,
1312 1013 1422 1051 saltem
1435 1019 1470 1051 in
1480 1016 1641 1054 fidelibus.
1666 1024 1781 1057 Interit
1792 1028 1882 1059 enim
1896 1040 1932 1060 e⁴

94 1063 176 1095 tiam
187 1063 222 1096 in
232 1059 380 1108 reprobis
393 1069 543 1094 externus
554 1060 661 1095 homo
671 1083 680 1097 ‚
693 1059 743 1094 sed
755 1060 846 1095 nulla
855 1059 1146 1110 compensatione:
1165 1064 1200 1096 in
1214 1062 1291 1097 tiliis
1302 1065 1365 1098 Dei
1376 1065 1453 1099 vero
1464 1066 1537 1102 talis
1548 1073 1719 1118 corruptio
1731 1074 1867 1107 initium
1885 1075 1931 1109 est

92 1111 316 1157 generationis
326 1112 359 1143 &
370 1119 528 1155 tanquam
541 1107 642 1142 causa.
667 1109 702 1142 Id
713 1108 781 1142 fieri
792 1110 942 1156 quotidie
951 1110 1031 1143 dicit
1040 1135 1050 1149 ,
1063 1122 1141 1156 quia
1151 1109 1270 1147 affidue
1283 1126 1343 1146 uos
1353 1114 1393 1146 ad
1404 1114 1489 1148 hanc
1503 1117 1756 1153 meditationem
1767 1122 1859 1164 Deus
1872 1135 1930 1157 ex—

34 1170 41 1174 *
93 1169 190 1192 ercet.
201 1159 339 1192 Vtinam
350 1157 382 1191 id
393 1159 514 1193 animis
533 1158 652 1192 nostris
661 1160 794 1206 penitus
805 1156 958 1195 insideat,
982 1169 1017 1192 vt
1027 1161 1193 1195 continuo
1204 1164 1364 1208 temporis
1374 1159 1513 1198 lucceisu
1523 1163 1738 1214 proficiamus
1748 1170 1784 1203 in
1801 1174 1930 1208 externi

94 1206 246 1242 hominis
257 1207 404 1240 interitu.

92 1264 95 1267 ’
138 1265 177 1299 17
226 1257 357 1288 Leuitas
365 1257 597 1298 momentanea.)
646 1255 738 1302 Qa
747 1266 822 1288 caro
833 1255 942 1290 nostra
951 1252 1076 1303 semper
1086 1257 1259 1292 interitum
1271 1256 1364 1291 suum
1374 1259 1750 1313 refugit,qualiscunque
1758 1267 1928 1315 proposita

89 1301 190 1338 fixerit
204 1314 338 1337 merces:
353 1315 389 1337 ac
397 1301 499 1350 longe
512 1305 616 1349 magis
626 1302 790 1339 afficimur
798 1301 948 1350 praesenti
959 1300 1165 1349 senfiuquam
1176 1302 1229 1354 spe
1241 1305 1418 1341 caelestium
1429 1307 1610 1345 bonorum:
1625 1313 1699 1347 ideo
1711 1315 1831 1349 Paulus
1842 1314 1929 1351 affli-

89 1351 219 1386 &iones
232 1354 268 1386 ὅ(
279 1363 440 1385 aerumnas
449 1363 583 1399 piorum
597 1351 682 1385 nihil
693 1363 748 1385 aut
762 1354 943 1386 minimum
954 1350 1073 1385 habere
1084 1351 1269 1386 acerbitatis
1279 1354 1447 1393 admonet,
1459 1356 1479 1389 ii
1491 1369 1568 1392 cum
1579 1358 1714 1395 infinito
1724 1373 1844 1407 aeterne
1853 1363 1930 1411 glo-

87 1401 144 1434 rias
153 1397 247 1434 bono
257 1398 480 1434 conferantur.
491 1401 624 1434 Dixerat
636 1413 706 1434 non
717 1399 831 1433 debere
840 1400 938 1433 nobis
952 1400 1122 1433 molestam
1131 1398 1190 1433 effe
1200 1405 1452 1451 corruptionem
1464 1407 1588 1439 externi
1598 1407 1929 1458 hoiiiini52qtioiiiam

90 1461 131 1482 cx
140 1461 176 1482 ea
187 1449 363 1483 renouatio
372 1448 523 1483 hominis
532 1450 655 1482 interni
665 1446 816 1496 pullulet.
826 1449 948 1482 Verum
959 1451 1037 1495 quia
1046 1447 1183 1482 visibilis
1194 1449 1237 1483 cst
1247 1454 1419 1498 corruptio
1428 1478 1439 1493 ,
1462 1457 1637 1488 renouatio
1649 1468 1760 1492 autem
1771 1459 1927 1494 inuisibi-

89 1495 143 1534 lis,
151 1497 272 1531 Paulus
284 1507 318 1530 vt
328 1496 492 1533 carnalem
503 1496 665 1546 praesentis
682 1499 755 1530 vitae
765 1494 920 1533 affectum
929 1497 1028 1531 nobis
1038 1499 1192 1536 excutiat,
1206 1496 1348 1535 miserias
1357 1499 1528 1548 praesentes
1540 1514 1618 1536 cum
1629 1502 1738 1539 futura
1755 1506 1929 1543 foelicitate
1956 1532 1959 1534 -

89 1547 279 1593 componit.
302 1546 496 1580 Haecautem
508 1544 575 1579 sola
584 1542 791 1592 comparatio
801 1543 931 1579 abunde
941 1542 1061 1581 sufficit
1071 1546 1110 1579 ad
1120 1544 1320 1581 imbuendos
1330 1552 1483 1600 aequitate
1502 1553 1537 1584 δε
1551 1552 1780 1589 moderatione
1789 1558 1927 1603 piorum

86 1596 233 1632 animos,
244 1607 286 1628 ne
297 1596 402 1628 crucis
413 1597 571 1640 grauitate
582 1590 724 1640 oppreffi
735 1594 924 1630 concidant.
937 1594 1032 1628 Vnde
1042 1595 1134 1628 enim
1144 1592 1181 1629 fit
1191 1605 1226 1627 vt
1236 1605 1305 1631 tam
1316 1593 1460 1632 ‘difficilis
1470 1597 1508 1631 sit
1521 1597 1569 1634 res
1580 1603 1757 1649 patientia:
1776 1603 1836 1639 nisi
1847 1610 1928 1651 quia

86 1644 126 1678 in
137 1642 232 1677 breui
242 1641 406 1676 malorum
417 1640 508 1684 sensu
518 1639 789 1690 obstupescimus,
802 1653 910 1688 neque
919 1640 1215 1677 altius-attollimus
1224 1644 1370 1679 nostram
1381 1649 1622 1693 cogitationem
1633 1651 1646 1682 ?
1656 1651 1744 1700 Ergo
1753 1647 1862 1700 opti-m
1868 1666 1928 1688 um

84 1692 273 1727 ‘temedium
283 1689 340 1725 hic
350 1687 523 1737 praescribit
531 1688 662 1731 Paulus,
672 1703 714 1724 ne
723 1688 963 1726 afflictionibus
971 1689 1092 1725 fractus
1102 1688 1305 1732 succumbas,
1317 1705 1424 1739 quum
1434 1694 1581 1730 futuram
1590 1695 1845 1738 beatitudinem,
1858 1712 1927 1751 que

86 1738 151 1774 tibi
161 1742 196 1774 in
207 1737 287 1774 caelo
297 1737 436 1787 reposita
450 1739 506 1779 est,
517 1737 583 1774 illis
595 1741 750 1786 opponit.
760 1739 851 1773 Nam
862 1739 918 1773 ista
928 1751 1005 1773 com
1032 1741 1135 1775 aratio
1144 1739 1218 1774 leue
1227 1740 1303 1774 facit
1314 1744 1406 1790 quod
1417 1742 1493 1777 ante
1504 1744 1673 1781 videbatur
1687 1748 1923 1797 ponderosum:

82 1787 186 1823 breue
201 1789 235 1822 δέ
245 1788 627 1834 momentaneum,quod
638 1787 809 1822 videbatur
820 1787 988 1824 immens'ae
997 1752 1245 1823 dirrat'ioninln
1255 1790 1348 1827 Pauli
1361 1791 1468 1827 verbis
1477 1794 1588 1840 aliqua
1598 1795 1641 1828 est
1650 1794 1925 1847 obscuritaszquia

83 1839 178 1871 'enirn
187 1836 278 1874 dicit,
287 1836 475 1872 Secundum
487 1834 705 1883 hyperbolem
715 1839 750 1870 in
760 1835 989 1885 hyperbolem,
999 1847 1066 1872 tam
1077 1838 1349 1888 Vetusinterpres
1361 1841 1461 1886 quarn
1471 1840 1620 1878 Eraiinus
1631 1854 1768 1894 Vtraque
1777 1851 1926 1895 particu-

85 1884 118 1919 la
127 1883 242 1920 extolli
255 1894 414 1935 putarunt
424 1885 691 1932 magnitudinem
702 1884 834 1920 caelestis
844 1884 958 1933 gloriae
967 1897 1040 1934 quae
1049 1884 1158 1921 fideles
1170 1897 1297 1921 maner:
1317 1887 1369 1923 vel
1379 1889 1466 1925 certe
1475 1888 1660 1926 retulerunt
1669 1893 1708 1926 ad
1719 1895 1857 1933 verbum
1869 1895 1925 1930 Oa

112 1943 216 1968 eratut
226 1946 234 1966 :
245 1932 337 1980 quod
347 1932 431 1968 mihi
444 1946 517 1967 non
530 1930 680 1981 displicet
691 1946 699 1967 :
710 1931 762 1968 sed
772 1935 850 1981 quia
868 1934 943 1981 apte
953 1936 1053 1967 etiam
1063 1936 1226 1970 conuenit
1236 1935 1405 1973 distinctio
1414 1948 1515 1984 quam
1525 1938 1641 1986 posui,
1659 1940 1762 1977 libera
1770 1942 1808 1976 fit
1824 1947 1924 1993 optio

82 1946 277 2017 setronbasa
327 1985 506 2018 &Eternum
518 1980 641 2029 pondus
650 1993 799 2029 operatur.
839 1982 922 2016 Non
933 1981 1093 2031 intelligit
1110 1982 1231 2017 Paulus
1241 1984 1342 2019 talem
1351 1983 1575 2022 afflictionum
1592 2000 1792 2036 perpetuum
1802 1993 1862 2027 esse'
1873 1993 1922 2028 ef„

81 2030 219 2066 feet-um.
231 2029 380 2077 plerique
392 2031 481 2064 enim
495 2027 674 2067 miserrime
684 2030 740 2065 h'ic
751 2033 848 2065 omni
862 2029 1028 2065 malorum
1038 2043 1156 2081 genere
1166 2043 1365 2081 premuntur
1376 2057 1385 2070 ‚
1397 2034 1519 2080 quibus
1530 2045 1642 2069 tamen
1653 2037 1796 2087 idipsum
1816 2043 1923 2077 maio-

80 2079 126 2115 ris
147 2081 259 2126 potius
273 2081 362 2111 exitii
375 2079 419 2112 est
428 2077 520 2112 causa
529 2104 539 2118 ‚
558 2079 657 2127 quam
669 2075 779 2113 salutis
790 2078 1033 2116 adiumentum.
1057 2079 1119 2113 Sed
1136 2082 1215 2125 quia
1225 2081 1263 2114 de
1274 2079 1426 2119 fidelibus
1446 2081 1552 2116 sermo
1562 2084 1605 2119 est
1614 2107 1624 2121 ,
1643 2085 1682 2118 ad
1691 2099 1747 2122 eos
1757 2085 1845 2123 solos
1866 2102 1921 2124 rea.

82 2127 239 2174 stringere
265 2126 354 2172 quod
366 2127 422 2163 h'ic
431 2127 568 2164 dicitur,
581 2130 753 2163 conuenit.
767 2128 832 2161 hoc
843 2129 934 2161 enim
951 2126 1088 2177 speciale
1099 2127 1142 2161 est
1152 2140 1226 2175 erga
1245 2142 1301 2163 eos
1312 2131 1379 2164 Dei
1389 2129 1589 2166 beneficium
1598 2156 1609 2170 ‚
1631 2132 1722 2182 quod
1733 2147 1921 2184 praeparan-

80 2186 135 2209 tur
146 2177 184 2209 ad
195 2174 325 2219 beatam
337 2173 609 2211 resurrectionem
620 2175 859 2210 communibus
868 2175 1008 2209 humani
1019 2178 1147 2222 generis
1159 2174 1308 2211 miseriis.
1332 2178 1559 2225 Qod'autem
1569 2181 1702 2228 Papistae
1713 2183 1779 2217 hoc
1789 2183 1868 2223 loco
1883 2199 1920 2220 αα

81 2223 247 2260 butunrur
255 2248 265 2261 ‚
282 2233 316 2259 vt
329 2223 470 2270 probent
480 2221 678 2259 afflictiones
689 2223 798 2259 salutis
808 2224 924 2258 nostrae
933 2222 992 2258 ess'e
1003 2222 1231 2262 caufasmimis
1239 2225 1413 2264 ,infirmum
1425 2228 1468 2261 est
1477 2241 1488 2259 .·
1506 2227 1566 2265 nisi
1576 2227 1659 2265 forte:
1669 2230 1778 2265 causas
1788 2237 1919 2282 accipe-

79 2284 115 2308 re
125 2271 223 2306 libeat
234 2284 294 2322 pro
306 2272 422 2307 mediis
432 2298 443 2312 ,
463 2284 497 2306 vt
508 2271 610 2319 vulgo
622 2271 820 2319 loquuntur.
844 2270 1001 2308 Libenter
1010 2271 1097 2306 certe
1105 2271 1247 2311 fatemur
1255 2296 1265 2311 ,
1282 2286 1436 2322 oportere
1445 2289 1507 2312 nos
1519 2289 1577 2325 per
1588 2274 1715 2314 multasff
1726 2279 1918 2318 tribulatio-

80 2332 140 2356 nes
152 2321 280 2367 ingredi
291 2322 325 2354 in
336 2332 477 2367 regnum
486 2319 654 2357 caelorum.
667 2333 777 2367 neque
788 2321 826 2354 de
842 2332 882 2354 eo
893 2321 937 2359 est
946 2319 1179 2358 controuersia.
1196 2323 1257 2357 Sed
1267 2335 1373 2369 quum
1383 2331 1446 2359 nos
1459 2325 1636 2360 doceamus
1647 2350 1657 2364 ‚
1670 2329 1744 2362 ideo
1761 2342 1916 2365 momen-

82 2380 214 2404 taneam
224 2364 448 2403 ‘afflictionum
460 2367 629 2403 leuitatem
642 2372 676 2403 in
687 2368 787 2404 nobis
806 2367 934 2406 efficere
951 2379 1115 2405 aeternum·
1129 2372 1203 2405 vitae
1214 2372 1346 2421 pondus
1361 2395 1375 2409 ⁴‚
1395 2373 1474 2420 quia
1492 2375 1530 2409 ad
1543 2372 1610 2409 hoc
1631 2375 1852 2413 destinatismt
1876 2393 1917 2413 o—

81 2430 176 2454 mnes
195 2415 254 2451 filii
263 2418 328 2451 Dei
339 2442 348 2454 ,
373 2427 409 2451 vt
419 2418 553 2451 Christo
571 2420 607 2451 in
619 2429 714 2452 cruce
730 2417 921 2465 perferenda
930 2415 1121 2454 conformes
1145 2417 1225 2453 fiant
1235 2432 1245 2450 .-
1256 2419 1364 2468 eoque
1374 2421 1477 2455 modo
1494 2434 1716 2470 praeparentur
1724 2427 1770 2459 ad·
1783 2426 1918 2467 caelestis

81 2465 277 2507 haereditatis
295 2464 489 2502 finitionem
501 2491 511 2506 ‚
523 2478 622 2512 quam
635 2479 672 2501 ex
683 2468 823 2514 gratuita
832 2467 895 2500 Dei
906 2467 1087 2514 adoptione
1096 2466 1238 2503 habent:
1252 2469 1387 2516 Papistae
1396 2481 1495 2520 opera
1506 2474 1673 2506 meritoria
1682 2471 1743 2507 effe
1754 2473 1911 2524 fingunt,

79 2513 202 2561 quibus
216 2512 337 2548 caeleste
348 2526 487 2561 regnum
498 2517 695 2561 acquiratur.
722 2516 866 2551 Breuiter
874 2514 995 2548 iterum
1005 2526 1150 2561 repetam
1161 2542 1172 2558 ,
1183 2513 1394 2565 Afflifflones
1405 2517 1565 2553 viameffe
1573 2532 1644 2556 non
1654 2531 1814 2569 negamus
1825 2541 1835 2564 ,·
1849 2537 1916 2572 qua

77 2562 271 2612 ‘peruenitur
290 2563 325 2596 in
338 2574 477 2609 regnum
497 2563 654 2598 caelorum
667 2577 674 2596 :
692 2560 745 2598 sed
755 2561 995 2597 afflictionibus
1013 2566 1130 2606 mereri
1140 2574 1202 2599 nos
1220 2577 1388 2613 negamus⁴
1398 2565 1620 2607 haereditatem
1628 2579 1642 2606 ,’
1660 2583 1737 2619 quae
1750 2584 1827 2615 *non
1847 2573 1910 2608 nifi

72 2612 120 2645 'ex
138 2613 281 2658 gratuita>
297 2611 364 2644 Dei
383 2611 562 2658 adoptione
585 2611 684 2647 nobis
702 2610 851 2646 obuenit.
876 2611 1008 2659 Papistae
1026 2611 1200 2647 verbulum
1218 2626 1323 2647 vnum
1346 2614 1583 2650 inconsiderate
1602 2621 1765 2666 arripiunt
1783 2625 1794 2661 3
1818 2619 1913 2670 supet

83 2661 173 2708 quod
191 2662 308 2694 turrim
328 2659 567 2705 Babylonicam
579 2670 744 2694 extruant:
758 2661 917 2706 Regnum
929 2661 994 2695 Dei
1004 2673 1075 2694 non
1085 2660 1306 2696 haereditatem
1316 2664 1333 2696 a
1345 2664 1479 2698 Christo
1491 2663 1588 2698 nobis
1597 2678 1723 2712 partam
1733 2690 1743 2706 ‚
1764 2667 1816 2704 sed
1826 2680 1916 2704 nier-

75 2702 284 2757 vcec'lerrrquze
303 2707 458 2755 operibus
469 2709 585 2742 nostris
595 2707 760 2744 debeatur.
787 2708 910 2744 Verum
919 2707 1020 2756 huius
1038 2709 1363 2759 quaespionissolutio
1374 2711 1516 2763 plenior·
1527 2714 1784 2753 exinstitut-ione
1800 2719 1912 2755 nostra

108 2767 219 2790 etatur.¹
1114 2770 1117 2774 ¹
1136 2781 1139 2783 >
1166 2778 1171 2784 ι
1196 2779 1199 2783 ,
1281 2770 1283 2772 ’
1463 2771 1465 2773 ’
1480 2769 1482 2772 ’

83 2768 105 2816 Β
131 2805 163 2838 18
196 2804 300 2838 “Dum
309 2818 367 2837 non
370 2806 564 2850 fpeffamm.)
611 2806 667 2840 En
679 2804 760 2851 quid
770 2804 868 2840 nobis
881 2802 991 2841 faciles
1001 2801 1141 2841 toleratu
1152 2806 1249 2842 Faciat
1260 2820 1378 2845 omncs
1390 2811 1506 2849 mundi
1517 2811 1618 2845 huius
1629 2809 1783 2847 miserias:
1795 2814 1879 2865 nipe
1888 2811 1912 2846 fi

82 2850 316 2898 cogitationem
324 2854 473 2889 'nostram
483 2855 522 2888 ad
532 2855 625 2901 regni
634 2853 760 2897 celestis
769 2856 982 2889 aeternitatem
993 2854 1235 2903 transferamus,
1260 2857 1476 2893 Momentum
1489 2861 1578 2893 enim
1595 2859 1738 2907 longum
1749 2861 1914 2907 est,quan-·

82 2898 138 2932 diu
147 2903 358 2936 circumcirca
372 2901 563 2950 respicimus
576 2915 583 2936 :
594 2901 708 2936 Verum
717 2901 774 2937 vbi
792 2901 890 2936 semel
899 2905 935 2937 in
945 2902 1261 2942 caelum-sustulimus
1272 2908 1404 2941 animos
1413 2930 1423 2944 ‚
1439 2903 1532 2942 mille
1542 2910 1621 2942 anni
1635 2909 1733 2943 instar
1745 2911 1912 2945 momenti

84 2943 143 2981 csse
152 2949 449 2997 incipiuntsszA'tque
458 2951 490 2984 id
501 2950 559 2985 fibi
571 2949 691 2986 volum
702 2955 728 2985 A
736 2950 858 2998 postoli
868 2950 975 2989 verba,
986 2954 1110 2986 intuitu
1123 2965 1231 2988 rerum
1244 2953 1450 3002 praesentium
1465 2969 1526 2990 nos
1538 2955 1700 3002 falli,quia
1708 2956 1793 2992 nihil
1804 2956 1850 2993 ibi
1863 2955 1910 2990 est

82 2993 142 3030 nisi
154 2997 350 3044 temporale:
365 3012 435 3033 non
448 2997 507 3033 effe
518 3011 596 3046 ergo
604 3001 640 3033 in
649 3012 718 3046 quo
731 2999 998 3045 acquiescamuss
1008 2999 1068 3034 'nifi
1078 3010 1204 3036 aeternae
1221 3005 1294 3036 virae
1304 3001 1469 3039 fiduciam.
1482 3002 1630 3038 Obserua
1639 3005 1723 3042 hanc
1733 3004 1912 3050 loquutio-

78 3042 174 3083 nem,
183 3045 321 3095 Speflare
334 3058 393 3091 quae
403 3059 461 3080 non
473 3046 628 3082 videntur:
639 3060 719 3083 nam
730 3046 847 3082 oculus
858 3046 932 3085 fidei
943 3047 1080 3094 longius
1097 3061 1246 3099 penetrat
1255 3052 1356 3100 quam
1367 3066 1485 3092 omues
1496 3052 1644 3094 humane
1657 3049 1909 3092 natutae-sensum

83 3089 398 3147 &fidese‘t'ui'mfideo
409 3106 547 3135 vocatur
557 3108 667 3136 rerum
676 3093 896 3134 inuisibiliurri
907 3094 1071 3148 aspedmss

861 3186 1007 3228 CA'P.
1062 3192 1148 3228 v..

82 3272 272 3382 SCimus‘·
281 3273 375 3312 enim
392 3264 520 3327 cjubdfi
526 3257 696 3314 terrenum
709 3272 859 3328 nostrum
873 3272 1085 3316 domicilium
1099 3265 1307 3317 tabernaculi
1314 3275 1506 3321 des‘lruatur
1511 3272 1709 3329 destruatur,
1721 3275 1914 3332 aedificatio,

150 3342 232 3370 nem
240 3343 288 3369 ex
296 3327 696 3378 Deoahabemnsstomum
705 3343 778 3375 noa
785 3330 1039 3391 mamefhdam,
1043 3341 1199 3374 aternam
1216 3336 1257 3376 in
1264 3333 1362 3386 calin
1666 3390 1672 3397 .
1680 3390 1685 3396 Ι
1693 3390 1698 3395 .
1706 3391 1712 3396 ⁸

1584 3401 1614 3437 Υξ
1662 3401 1723 3423 1111.
