2268 3705
82 284 258 328 {Tini'shax-

291 132 350 174 114
941 118 1037 171 ΙΝ
1081 113 1612 170 EPIST·1>AVL1

292 194 451 232 oneribus
462 188 691 235 solutae,nullis
700 190 812 231 liberis
822 195 1003 245 impeditae,
1012 205 1098 230 totas
1109 193 1138 228 se
1152 196 1230 230 Deo
1241 195 1373 242 pietatis
1383 190 1503 227 officiis
1514 189 1702 227 consecrare
1709 194 1750 226 cu
1778 181 1890 227 iebant
1903 205 1911 226 :
1925 193 2037 240 itaque
2049 204 2137 230 rece*-

293 256 357 294 ptae
366 247 402 280 in
412 245 499 280 hanc
512 244 829 293 functionemfluafi
838 245 974 280 addictae
983 249 1018 279 ὅ(
1028 243 1183 290 obligatae
1192 253 1284 276 eraut
1300 255 1308 275 2
1322 240 1416 276 ficuti
1427 243 1486 288 qui
1497 239 1589 275 suam
1601 251 1736 288 operam
1760 252 1873 277 ocans,
1886 240 1968 275 libet
1979 253 2015 276 ac
2026 240 2075 278 sui
2085 246 2137 278 iu-

293 297 337 329 ris
345 292 405 329 effe
415 293 542 329 definit.
581 296 678 329 Vnde
687 292 870 342 Apostolus
889 292 1021 328 violatae
1033 290 1109 325 fidei
1117 293 1226 338 arguit
1235 302 1286 324 eas
1298 302 1370 335 quae
1386 287 1534 336 suscepto
1556 288 1657 323 semel
1669 290 1800 322 muneri
1811 290 1921 337 postea
1931 293 2135 326 renuntiant.

293 344 387 387 Quia
396 353 509 378 autem
518 345 554 378 in
566 343 716 378 caelibatu
727 345 839 376 viuere
850 340 932 389 ipsas
953 338 1129 388 oportebat
1138 365 1147 376 ,
1170 348 1258 373 vetat
1270 337 1367 385 allegi
1380 339 1526 371 minores
1539 335 1703 384 sexaginta
1711 339 1806 371 annis
1818 350 1826 371 ε
1838 339 1917 384 quia
1927 335 2049 373 scilicet
2059 351 2138 387 pro-

294 391 428 427 uidebat
441 391 525 426 infra
535 404 607 425 eam
617 403 745 425 ceratem
757 386 981 437 periculosum
991 413 1002 427 ,
1025 386 1098 421 imo
1110 384 1333 434 perniciosum
1357 384 1416 419 else
1428 396 1546 419 votum
1565 387 1715 433 perpetui
1727 384 1904 419 caelibatus.
1929 388 2069 422 Fune'tio
2081 386 2137 421 illa

292 437 492 476 sanffiffima
503 444 537 474 &
548 439 698 475 Ecclefiae
707 436 859 486 perutilis
871 461 881 475 ‚
891 435 1023 470 labente
1040 437 1077 470 in
1086 435 1228 469 deterius
1238 446 1348 468 rerum
1359 433 1441 468 statu
1452 459 1461 473 ,
1480 435 1516 468 in
1530 432 1677 468 otiosum
1692 433 1898 468 Monialium
1919 435 2070 469 ordinem
2082 437 2139 469 de-

295 491 467 537 generauit
479 501 487 522 ι
505 491 563 535 qui
573 485 698 522 tametsi
709 489 727 520 a
744 487 852 534 prima
869 485 924 519 sua
936 485 1068 531 origine
1078 482 1214 518 vitiosus
1226 481 1290 517 fuit
1300 506 1310 520 ,
1330 494 1367 517 ac
1388 481 1489 516 verbo
1507 484 1571 516 Dei
1581 483 1783 521 contrarius,
1808 494 1900 517 nunc
1915 493 2028 518 tamen
2040 483 2080 518 ab
2093 483 2134 517 il-

295 538 331 572 lo
341 539 510 586 principio
522 537 603 570 adeo
615 533 733 570 defecit
741 560 752 576 ‚
762 544 798 568 vt
808 547 881 569 non
896 535 1010 568 minus
1021 531 1060 567 sit
1069 529 1271 567 discriminis
1282 554 1292 570 ‚
1303 531 1406 579 quain
1419 532 1504 565 inter
1521 529 1695 566 sacrarium
1715 528 1854 577 aliquod
1875 531 2029 567 castitatis
2039 535 2074 566 δε
2085 532 2138 567 lu-

320 598 409 621 anar.
976 606 982 610 .

295 599 318 635 p
345 644 360 678 3
399 635 538 667 Salutate
548 632 683 675 Priscam
693 635 732 671 ὠ·
742 631 910 672 Acytam.)
927 631 1014 677 Q
1023 627 1080 664 hic
1091 626 1291 663 nonnnullis
1301 629 1492 663 testimonia
1500 626 1611 666 defert,
1628 629 1749 676 partim
1760 626 1802 661 εὸ
1815 627 1956 662 tendunt
1965 639 2001 662 vt
2010 629 2089 663 dum
2101 632 2138 664 in

297 683 430 718 honore
440 681 604 716 habentur
613 681 672 726 qui
682 677 779 727 probi
789 676 864 715 sunt
873 691 910 714 ac
918 679 1034 727 digni,
1045 677 1191 726 probitas
1202 689 1339 723 quoque
1351 676 1418 726 ipsa
1436 676 1621 711 honoretur
1632 700 1642 714 ‚
1665 680 1698 711 &
1711 678 1734 710 ii
1743 677 1804 722 qui
1814 677 1962 723 prodcsse
1979 676 2054 725 plus
2063 677 2138 712 aliis

298 729 434 783 possunt
445 735 478 764 ὅ(
489 727 881 777 cupiunt,authoritatem
894 726 1051 762 habeant:
1062 727 1183 774 partim
1192 736 1227 759 vt
1237 724 1296 774 ipsi
1304 728 1460 760 aureae&
1469 727 1543 760 vitae
1554 723 1749 772 respondere
1759 723 1782 757 st
1788 726 1890 763 ridear,
1899 738 2007 771 neque
2017 728 2053 760 in
2062 737 2139 760 cur-

298 783 334 814 iu
345 780 475 827 pietatis
486 775 707 815 deficiant,vel
717 778 816 810 etiam
826 774 1015 824 languescat
1024 777 1099 824 pius
1109 786 1226 808 eorum
1236 774 1342 808 ardor.
1351 773 1534 822 Singularis
1549 771 1593 807 est
1602 774 1716 808 honor
1724 785 1824 818 quem
1833 771 2014 807 hictribuit
2027 773 2138 809 Priscae

300 831 337 862 &
347 826 469 873 Acylae‚
479 823 657 875 praesertim
667 828 702 860 in
713 824 860 860 foemina.
871 837 941 872 quo
952 826 1057 871 magis
1068 821 1175 857 elucet
1184 820 1286 858 sancti
1297 825 1358 857 viri
1371 821 1530 857 modestia
1539 848 1549 862 ‚
1560 824 1618 869 qui
1628 824 1662 856 in
1673 832 1773 869 opere
1787 821 1938 855 Domini
1949 820 2138 857 consortem

299 875 476 911 mulierem
489 887 550 910 nec
561 873 679 910 habere
689 874 886 921 dedignatur
895 895 904 911 ‚
914 874 985 908 necv
994 872 1087 907 fateri
1098 867 1267 906 erubescit.
1302 872 1381 906 Haec
1391 881 1503 905 autem
1513 869 1623 916 Acylae
1632 868 1731 919 ipsius
1744 881 1824 904 vxor
1834 868 1908 907 fuit,
1921 882 2022 917 quarn
2032 871 2137 906 Lucas

296 923 478 960 Priscillam
490 924 842 961 nominat‚Aet.18.a.1.

344 986 369 1018 4
416 971 542 1022 Qxbus
551 984 609 1005 non
619 984 670 1020 ego
671 971 770 1014 filus.
779 973 801 1011 )
837 972 930 1016 Qia
938 971 1012 1004 vitae
1024 967 1086 1005 sua:
1095 981 1167 1004 non
1177 977 1365 1017 pepercerat
1381 964 1487 1002 Prisca
1499 969 1533 1001 δι
1544 966 1661 1013 Acylas
1671 978 1733 1015 pto
1743 967 1865 1001 tuenda
1873 965 1967 1001 Pauli
1979 969 2059 1010 vita,
2069 972 2139 1017 pri-

294 1024 402 1058 uatim
412 1020 443 1057 se
452 1021 519 1056 illis
529 1031 661 1068 gratum
672 1017 732 1054 effe
741 1019 884 1054 testatur.
904 1019 1005 1053 Addit
1013 1016 1180 1056 tamen,ab
1191 1015 1351 1052 omnibus
1361 1016 1486 1050 Christi
1494 1013 1644 1050 Ecclesiis
1653 1015 1720 1049 illis
1730 1014 1842 1050 habeti
1853 1018 2008 1063 gratiam,
2025 1028 2061 1052 vt
2069 1018 2139 1055 hoc

294 1070 451 1119 exemplo
464 1072 642 1105 Romanos
650 1080 787 1115 quoque
800 1078 1006 1115 permoneat.
1030 1067 1155 1103 Meritb
1165 1077 1278 1100 autem
1295 1076 1366 1098 tam
1377 1063 1474 1099 chara
1485 1068 1518 1099 δε
1530 1063 1671 1110 pretiosa
1681 1066 1811 1099 cunetis
1822 1063 1987 1100 Gentibus
1997 1065 2061 1100 fuit
2070 1069 2140 1102 vita.

293 1122 394 1157 vnius
405 1119 603 1154 hominis‚vt
614 1124 681 1152 erat
690 1114 962 1164 incomparabilis
971 1112 1156 1150 thesaurus:
1176 1125 1276 1160 quare
1286 1114 1410 1147 mirum
1421 1125 1492 1147 non
1502 1112 1544 1146 ess
1554 1111 1578 1146 si
1590 1115 1660 1147 eius
1669 1111 1956 1148 conseruatoribus
1964 1114 2138 1151 obstrietas

294 1166 326 1204 se
337 1170 486 1216 putarint
496 1179 614 1201 omnes
625 1168 788 1200 Gentium
797 1163 954 1199 Ecclefiae.
972 1163 1080 1210 Qod
1089 1162 1178 1197 addit
1188 1162 1227 1195 de
1237 1159 1376 1196 Ecclesia
1388 1159 1536 1209 ipsorum
1545 1161 1735 1199 domestica,
1747 1159 1920 1197 obseruatu
1930 1162 2072 1210 dignum
2083 1164 2138 1199 est.

295 1217 418 1265 Neque
428 1218 518 1250 enim
530 1212 728 1263 splendidius
739 1225 856 1247 ornare
865 1214 977 1260 potuit
986 1223 1103 1246 eorum
1114 1209 1275 1246 familiam
1288 1210 1389 1256 quam
1398 1207 1546 1243 Ecclefiae
1555 1208 1667 1244 titulo.
1676 1210 1767 1244 Nam
1777 1210 2062 1258 Congregationis
2072 1225 2139 1248 no-

296 1278 375 1301 men
387 1265 478 1311 quod
493 1262 641 1298 Erasinus
650 1261 800 1303 reddidit,
814 1261 898 1296 mihi
910 1273 982 1297 non
992 1259 1119 1310 placet:
1133 1258 1232 1308 plane
1243 1260 1334 1293 enim
1344 1257 1450 1305 liquet
1466 1255 1607 1293 Paulum
1617 1256 1803 1294 honorifice
1813 1257 1902 1294 sacro
1911 1258 2062 1296 Ecclefiae
2069 1273 2139 1297 no-

295 1316 389 1350 mine
400 1310 491 1347 i'uisse
500 1310 607 1346 vsum.

334 1372 349 1409 5
387 1363 455 1410 Qi
464 1360 503 1407 est
510 1361 682 1410 primitia.)
704 1357 831 1394 Allufio
842 1358 887 1393 est
895 1357 935 1392 ad
944 1356 1065 1406 legales
1075 1358 1299 1392 caeremonias.
1321 1357 1413 1402 Qa
1423 1357 1513 1389 enim
1523 1352 1769 1390 sanetificantur
1776 1356 1852 1391 Deo
1863 1356 2020 1392 homines
2031 1369 2089 1406 per
2098 1351 2140 1393 fl-

293 1411 445 1458 dem,qui
455 1413 605 1458 primum
616 1410 651 1443 in
661 1406 834 1442 oblatione
846 1405 923 1442 loesi
931 1405 1177 1454 obtinent,apte
1188 1406 1343 1453 primitiae
1352 1406 1499 1439 vocatur.
1519 1402 1622 1437 Porro
1634 1415 1668 1438 vt
1677 1401 1816 1451 quisque
1833 1407 1925 1453 prior
1935 1417 2089 1454 tempore
2097 1408 2139 1442 ad

293 1457 394 1494 fidem
404 1470 541 1494 vocatus
553 1459 656 1496 est,ita
666 1457 808 1491 honoris
816 1457 1069 1504 praerogatiuam
1081 1453 1131 1488 illi
1144 1454 1245 1489 defert
1254 1452 1385 1488 Paulus.
1396 1452 1517 1487 Verum
1528 1452 1594 1486 hoc
1605 1450 1721 1486 locum
1729 1451 1840 1493 habet,
1848 1455 1930 1489 dum
1941 1453 2061 1490 vltima
2070 1459 2138 1502 pri-

294 1510 359 1544 mis
369 1506 553 1557 respodent.
564 1508 603 1541 Et
612 1505 698 1540 certe
710 1517 780 1540 non
791 1503 935 1551 vulgaris
944 1504 1097 1551 dignatio
1108 1503 1269 1550 est,quum
1281 1500 1413 1548 aliquos
1420 1503 1512 1535 Deus
1523 1502 1556 1535 in
1569 1502 1734 1548 primitias
1744 1500 1873 1549 deligit.
1889 1503 2028 1538 Accedit
2036 1507 2138 1539 etiarn

292 1570 332 1592 ex
343 1555 410 1606 ipsa
419 1557 584 1604 temporis
591 1555 809 1589 diuturnitate
819 1554 926 1587 maior
937 1556 971 1588 ὅ(
981 1550 1127 1600 amplior
1137 1550 1212 1586 fidei
1222 1550 1390 1600 probatio,
1403 1550 1484 1584 dum
1493 1552 1514 1595 ij
1528 1552 1586 1596 qui
1598 1551 1698 1597 primi
1709 1548 1895 1598 coeperun't,
1907 1549 1993 1586 bene
2003 1563 2138 1587 curren-

292 1606 339 1641 do
349 1619 420 1640 non
431 1604 621 1653 fatigantur.
632 1602 878 1638 Gratitudincm
892 1599 983 1635 suam
993 1602 1113 1635 iterum
1124 1599 1351 1637 testatur‚dum
1359 1600 1472 1634 Mariae
1483 1610 1558 1645 erga
1567 1596 1597 1633 se
1607 1595 1718 1632 officia
1728 1599 2066 1636 commemorat.Nec
2075 1599 2139 1637 du-

291 1654 389 1691 bium
400 1654 445 1689 est
455 1655 538 1701 quin
549 1651 660 1687 laudes
670 1652 744 1685 istas
753 1648 960 1688 adscribat,vt
970 1662 1013 1697 qu
1019 1662 1056 1684 os
1067 1648 1358 1686 laudat.Romanis
1368 1646 1478 1681 reddat
1487 1646 1800 1682 commendatiores.

336 1714 359 1749 7
405 1703 545 1736 Salutate
554 1699 792 1744 Andronicum.)
813 1700 1022 1746 Qanquam
1033 1710 1137 1746 genus
1149 1701 1182 1733 ὃς
1193 1695 1256 1731 alia
1265 1708 1338 1743 quae
1348 1696 1387 1731 ad
1398 1707 1530 1731 carnem
1543 1696 1796 1743 pertinenr‚non
1811 1696 2041 1745 magnifacere
2052 1696 2136 1735 solet

291 1751 426 1790 Paulus,
439 1753 518 1799 quia
532 1761 645 1785 tamen
658 1747 819 1784 nonnihil
829 1747 936 1782 valere
946 1757 1077 1795 poterat
1087 1745 1334 1794 cosanguinitas
1351 1757 1455 1792 quam
1467 1756 1546 1778 cum
1556 1756 1595 1778 eo
1605 1743 1748 1778 habebat
1756 1747 1854 1779 lunia
1864 1751 1899 1780 ὅ(
1909 1747 2138 1789 Andronicus,

292 1811 330 1836 vt
339 1799 468 1836 facilius
480 1796 724 1835 innotescerent
733 1820 743 1836 ‚
752 1797 839 1832 hanc
851 1808 988 1844 quoque
997 1795 1131 1831 laudem
1141 1808 1213 1830 non
1222 1792 1375 1842 negligit.
1409 1791 1487 1828 Plus
1497 1794 1664 1827 momenti
1674 1793 1762 1827 estin
1773 1791 1917 1828 secundo
1927 1794 2042 1843 elogio
2055 1797 2138 1832 dum

292 1852 451 1886 nominat
460 1850 661 1895 concaptiuos:
673 1847 753 1894 quia
759 1848 846 1882 inter
857 1845 977 1881 decora
985 1843 1115 1880 militia*¹
1126 1842 1262 1881 Christi,
1273 1840 1409 1878 vincula
1418 1854 1491 1878 non
1499 1840 1623 1876 vltimo
1632 1840 1711 1877 loco
1719 1840 1904 1877 censentur.
1930 1843 2025 1878 Dum
2036 1848 2138 1881 tertio

292 1897 372 1934 loco
382 1895 566 1946 equstolos
576 1896 732 1931 nominat
743 1921 755 1937 ,
764 1894 851 1931 hanc
860 1905 978 1929 vocem
989 1906 1061 1929 non
1080 1894 1202 1941 accipit
1213 1893 1249 1927 in
1257 1889 1501 1940 significatione
1508 1912 1511 1918 ‚
1519 1892 1654 1942 propria
1663 1893 1699 1926 δι
1708 1888 1822 1926 vsitata
1832 1914 1843 1930 ‚
1853 1889 1906 1926 sed
1914 1889 2013 1929 latius
2022 1904 2139 1933 exten-

291 1947 342 1982 dit
350 1946 390 1981 ad
400 1958 456 1981 eos
467 1957 588 1980 omnes
605 1946 664 1992 qui
682 1956 754 1979 non
763 1956 864 1978 vnam
881 1941 1012 1977 tantum
1023 1939 1201 1977 Ecclesiam
1211 1941 1389 1976 instituunt
1396 1965 1408 1980 ,
1417 1937 1469 1975 sed
1478 1937 1727 1987 promulgando
1737 1937 1864 1986 vbique
1873 1939 2059 1989 Euangelio
2068 1945 2136 1977 im·

317 1996 445 2030 endunt
455 2006 603 2043 operam.
614 1994 687 2041 Q
698 2005 777 2040 ergo
788 1990 897 2026 salutis
906 1990 1059 2027 (1οᾶῑίηέ
1067 1988 1133 2025 huc
1144 1993 1179 2025 &
1191 1988 1273 2024 illuc
1282 1985 1758 2036 circumferendo,plantabant
1765 1986 1991 2027 Ecclefias,eos
2000 1988 2138 2038 genera—

290 2008 367 2081 liter
376 2054 474 2078 vocat
484 2040 666 2091 Apostolos
676 2040 742 2076 hoc
752 2040 890 2087 quidem
899 2039 990 2074 loco.
1006 2038 1099 2074 Nam
1108 2037 1189 2073 alibi
1200 2037 1239 2072 ad
1249 2039 1446 2087 primatium
1456 2034 1555 2070 illum
1564 2036 1719 2071 ordinem
1729 2036 1906 2086 restringit,
1917 2050 2020 2084 quem
2032 2037 2137 2074 Chri-

288 2092 357 2128 stus
371 2093 472 2128 initio
482 2091 625 2126 instituit
637 2091 673 2125 in
683 2089 861 2124 duodecim
872 2085 1060 2136 discipulis:
1079 2086 1234 2134 alioquin
1251 2083 1431 2122 absurdum
1452 2082 1528 2119 effer
1538 2083 1785 2123 ‚excellentiam
1802 2096 1930 2121 tantam
1941 2085 2008 2121 illis
2018 2084 2137 2123 ascribi

288 2144 379 2178 inter
386 2152 524 2191 paucos.
570 2142 641 2174 Iam
650 2139 730 2187 quia
736 2139 828 2187 ptius
845 2134 1072 2186 Euangelium
1089 2134 1153 2172 fide
1162 2133 1307 2184 amplexi
1317 2145 1409 2169 erant
1419 2134 1522 2181 quam
1530 2132 1651 2169 Paulus
1659 2156 1670 2172 ‚
1684 2145 1741 2169 eos
1749 2132 1810 2169 fibi
1817 2133 1885 2170 hoc
1894 2132 2043 2183 respedlu
2052 2147 2137 2185 prae·

288 2189 371 2228 ferre
383 2202 454 2225 non
463 2187 602 2223 dubitat.
1603 2224 1607 2225 ⁷
2110 2200 2114 2204 ,

338 2250 368 2274 11
416 2238 485 2288 Q
487 2237 559 2280 fient
566 2248 610 2272 ex
619 2234 661 2272 N
661 2235 768 2279 arciſsi
768 2234 864 2280 fam.)
882 2234 999 2270 Nimis
1009 2233 1188 2282 indignum
1199 2231 1325 2271 esset,in
1335 2242 1404 2266 tarn
1413 2229 1521 2279 longo
1530 2230 1684 2278 catalogo
1693 2231 1832 2267 Petrum
1841 2229 2039 2280 praeteririssi
2053 2242 2135 2273 rum:

288 2290 411 2325 Roma:
421 2282 528 2322 fuisset
540 2299 548 2319 ε
558 2286 651 2332 atqui
660 2282 753 2319 fuisse
763 2293 908 2331 oportet,
920 2282 942 2318 si
952 2280 1222 2318 Romanenfibus
1233 2281 1386 2316 creditur.
1431 2280 1536 2314 Porro
1546 2279 1570 2314 si
1579 2281 1616 2314 in
1634 2279 1730 2321 rebus
1740 2278 1850 2315 dubiis
1860 2278 1947 2314 nihil
1958 2280 2078 2316 melius
2089 2283 2134 2317 est

289 2338 394 2386 quam
404 2333 614 2385 probabilem
625 2334 852 2368 coniecturam
864 2330 955 2380 sequi
966 2345 975 2366 ι
986 2343 1090 2366 nemo
1102 2332 1162 2378 qui
1174 2331 1385 2366 mediocriter
1397 2327 1558 2363 iudicabit
1566 2354 1576 2369 ,
1590 2325 1836 2377 persuadebitur
1845 2339 1960 2364 verum
1972 2327 2033 2364 effe
2041 2320 2136 2377 quod

290 2383 470 2423 affirmant.
479 2394 667 2430 numquam
695 2383 785 2416 enim
797 2381 815 2414 a
830 2379 936 2416 Paulo
951 2377 1058 2415 fuisset
1068 2376 1216 2414 omissus.
1257 2377 1423 2413 Caeteriim
1432 2388 1552 2412 notatu
1563 2377 1704 2424 dignum
1716 2377 1760 2412 est
1769 2400 1779 2415 ‚
1790 2375 1923 2412 nullum
1936 2376 1992 2412 hic
2001 2390 2040 2413 ex
2051 2374 2136 2430 sple-

289 2434 376 2470 didis
386 2432 453 2470 illis
463 2435 498 2468 δε
510 2429 698 2479 magnificis
708 2428 907 2465 nominibus
916 2428 1022 2463 audiri
1031 2451 1042 2466 ,
1059 2428 1146 2463 vnde
1156 2426 1314 2476 colligere
1331 2425 1427 2461 liceat
1438 2425 1577 2461 illustres
1587 2427 1678 2459 viros
1687 2424 1898 2471 Christianos
1906 2424 2016 2460 fuisse:
2032 2423 2136 2474 quos-

293 2495 429 2530 cunque
443 2483 535 2517 enim
554 2476 697 2515 recenset
713 2476 834 2514 Paulus
842 2502 853 2517 ,
869 2479 991 2512 Rornae
1002 2475 1132 2511 obscuri
1151 2480 1186 2511 δε
1199 2474 1366 2524 ignobiles
1384 2473 1528 2508 fuerunt.
1564 2472 1750 2508 Narciffiim
1770 2486 1873 2521 quem
1891 2472 1948 2509 hic
1964 2477 2138 2518 nominat,

293 2529 596 2567 Claudii‘libetmm
605 2525 666 2562 effe
676 2526 890 2575 puto‚multis
900 2524 1075 2560 sceleribus
1083 2528 1118 2560 δε
1130 2523 1266 2573 flagitiis
1275 2521 1524 2571 famosum-quo
1533 2523 1639 2573 magis
1646 2521 1850 2558 admirabilis
1860 2523 1904 2558 est
1913 2522 1981 2558 Dei
1988 2523 2136 2565 bonitas,

293 2593 368 2630 quae
379 2581 413 2614 in
434 2577 527 2613 illam
539 2577 706 2625 impuram
717 2575 859 2610 domurn
877 2577 912 2610 δε
922 2576 1019 2608 omni
1029 2574 1180 2620 nequitia
1189 2572 1383 2621 flagrantem
1395 2572 1580 2620 penetrauit
1591 2573 1683 2605 {non
1694 2570 1786 2618 quod
1798 2570 1975 2607 conuersus
1983 2571 2024 2606 ad
2032 2571 2137 2607 Chri-

292 2631 379 2666 stum
391 2626 489 2662 fuerit
498 2617 667 2661 Narciffus
678 2622 743 2672 ipse
754 2637 761 2658 :
774 2621 829 2665 sed·
842 2623 909 2666 hoe
930 2634 1092 2671 magnum
1103 2620 1167 2657 fuit
1175 2645 1186 2660 ,
1195 2623 1337 2657 domum
1354 2620 1444 2668 quafi
1457 2618 1570 2655 inferis
1580 2618 1720 2654 similem
1731 2643 1742 2657 ,
1753 2619 1878 2655 Christi
1887 2622 1990 2668 gratia
2000 2618 2133 2656 visitari.

293 2681 414 2725 Qum
434 2674 513 2709 verb
526 2673 697 2709 Christum
709 2671 789 2720 pure
798 2671 967 2707 coluerint
974 2673 1034 2717 qui
1044 2667 1102 2704 sub
1111 2668 1203 2704 foedo
1213 2669 1337 2704 lenone
1345 2693 1355 2708 ,
1367 2666 1425 2704 sub
1434 2665 1808 2717 praedonevoraciffimo
1819 2672 1852 2704 &
1864 2668 2006 2703 homine
2017 2664 2134 2704 corru—

291 2723 443 2778 ptiffimo
453 2721 631 2763 viuebant,
642 2735 712 2756 non
722 2721 767 2754 est
777 2720 870 2767 quod
879 2720 976 2754 heros
986 2718 1060 2758 suos
1073 2720 1246 2766 expedient
1253 2715 1339 2754 serui
1349 2744 1360 2759 ‚
1371 2716 1423 2752 sed
1432 2715 1571 2765 quisque
1581 2728 1642 2764 pro
1653 2713 1684 2751 se
1703 2714 1875 2751 Christum
1887 2713 2049 2764 sequatur.
2061 2718 2134 2753 imo

293 2775 448 2822 exceptio
457 2772 475 2806 a
484 2769 588 2806 Paulo
597 2771 754 2804 adiuncta
763 2769 907 2803 ostendit
917 2765 1055 2802 diuisam
1066 2764 1158 2801 fuisse
1169 2765 1343 2804 familiam,
1358 2776 1395 2800 vt
1404 2767 1501 2814 pauci
1511 2766 1641 2800 tantum
1653 2763 1762 2799 fideles
1773 2760 1882 2800 essent.

344 2825 384 2857 16
427 2821 568 2856 Salutate
586 2830 644 2852 vos
652 2821 684 2851 in
694 2817 790 2861 osculo
793 2817 924 2861 simlia.)
945 2813 1280 2861 Osculum,frequens
1289 2827 1326 2849 ac
1337 2813 1570 2862 peruulgatam
1587 2813 1831 2848 beneuolentiae
1841 2810 2031 2859 symbolum
2041 2812 2135 2850 fuisse·

294 2869 531 2921 apud-Iudaeos,
555 2865 647 2901 affim
659 2878 697 2900 ex
707 2867 883 2913 Scripturis
894 2864 1010 2911 liquet.
1021 2864 1120 2912 Apud
1129 2864 1305 2897 Romanos
1316 2864 1428 2897 minus
1439 2860 1567 2896 fortasse
1576 2861 1852 2908 vfitatumzneque
1860 2872 1973 2897 tamen
1987 2858 2134 2898 insolens

296 2931 375 2957 erat,
385 2916 446 2954 nisi
456 2880 553 2964 quod,
559 2914 712 2950 mulieres
723 2912 862 2949 osculari
873 2925 944 2948 non
956 2910 1076 2947 licebat
1084 2935 1094 2950 ,
1106 2922 1322 2960 praeterquam
1335 2909 1414 2945 solis
1424 2911 1586 2958 cognatis.
1600 2908 1687 2943 lllud
1696 2915 1808 2949 tamen
1820 2912 1854 2944 in
1865 2922 1996 2944 morem
2006 2909 2133 2947 transiit

293 2968 384 3019 apud
393 2975 565 3006 veteres,vt
576 2961 759 2998 Christiani
769 2973 846 2997 ante
855 2974 958 2996 coenae
968 2962 1318 2995 communicationem
1327 2957 1356 2993 se
1367 2959 1487 2994 mutuo
1497 2957 1721 2992 oscularentur
1729 2980 1739 2996 ‚
1749 2957 1789 2992 ad
1798 2958 1976 2993 testandam
1987 2972 2028 2994 eo
2038 2958 2134 3008 signo

292 3013 608 3052 amicitiamzdeinde
619 3007 843 3056 eleemosynas
854 3009 1068 3046 coferrent,vt
1077 3008 1110 3042 id
1120 3009 1213 3055 quod
1224 3005 1526 3056 representauerant
1539 3003 1702 3044 osculo,te
1711 3018 1850 3053 quoque
1861 3010 1894 3042 &
1906 3004 2025 3043 effectu
2035 3010 2134 3047 com?

292 3064 472 3117 probarent
483 3076 491 3096 :
501 3060 786 3109 quemadmodum
793 3061 930 3108 apparet
939 3068 977 3092 ex
987 3057 1129 3105 quadam
1138 3055 1368 3103 Chrysostomi
1377 3053 1532 3091 homilia.
1571 3054 1662 3089 Hinc
1674 3053 1776 3089 ‘fluxit‘
1786 3057 1876 3089 ritusL
1885 3054 1942 3090 ille
1955 3056 2020 3103 'qui
2030 3055 2133 3096 [lodie

295 3115 339 3149 est
348 3112 436 3161 apud
447 3109 612 3158 Papistasz*
619 3106 804 3143 osculandae
816 3118 942 3155 patenae
951 3130 962 3147 ,
974 3110 1008 3141 ὃ(
1019 3105 1226 3141 conferendae
1234 3104 1427 3140 oblationis.
1446 3105 1606 3149 Qrum
1616 3101 1756 3137 alterum
1767 3104 1864 3137 meraev
1875 3102 1920 3138 est
1931 3100 2135 3152 superstitio*

296 3165 349 3198 nis
359 3187 369 3201 ,
379 3160 446 3196 fine
455 3158 528 3195 vllo
535 3156 664 3193 fructu:
675 3155 815 3191 alterum
831 3167 903 3191 non
912 3153 981 3189 alib
992 3152 1069 3189 facit
1077 3177 1089 3192 ,
1110 3152 1170 3189 nifi
1182 3153 1222 3188 ad
1231 3153 1427 3202 explendam·
1436 3151 1836 3189 sacerdotum‘auaritiam‚
1852 3151 1875 3186 fi
1885 3163 1998 3187 tamen
2009 3152 2133 3202 expleri

296 3209 412 3259 posset.
448 3208 533 3244 Non
544 3216 655 3241 tamen
665 3205 794 3239 videtur
803 3202 923 3239 Paulus
931 3204 1157 3238 ceremoniam
1174 3202 1230 3238 hic
1240 3199 1372 3253 praecise
1382 3203 1520 3248 exigere,
1533 3198 1586 3234 sed
1595 3199 1723 3235 tantum
1736 3212 1792 3235 eos
1801 3200 1953 3236 hortatur
1961 3199 2132 3236 adsouenss

295 3259 379 3294 dum
397 3256 580 3292 fraternum
599 3265 749 3289 amorem
759 3280 770 3294 ,
792 3264 894 3300 quem
916 3253 934 3286 a
948 3249 1097 3300 profanis
1115 3252 1234 3286 mundi
1251 3252 1409 3285 amicitiis
1423 3246 1576 3284 discernit
1585 3250 1680 3296 ,quae
1689 3258 1724 3282 vt
1737 3246 1923 3296 plurimum
1940 3248 1994 3284 vel
2014 3248 2132 3284 fucoffl

297 3306 372 3341 sunt
383 3305 436 3339 vel
459 3303 633 3340 sceleribus
650 3301 820 3340 conflatae,
841 3299 894 3336 vel
905 3303 1091 3334 retinentur
1101 3298 1197 3334 malis
1212 3297 1337 3334 artibus
1347 3320 1357 3336 ‚
1374 3309 1550 3345 nunquam
1568 3298 1646 3331 verb
1666 3298 1701 3331 in
1711 3298 1840 3332 testum
1856 3295 1958 3334 finem
1977 3296 2130 3332 tendunt}

296 3354 443 3389 Salutem
454 3352 495 3388 ab
503 3350 652 3388 Ecclesiis
662 3349 825 3386 ascribens
833 3373 844 3388 ‚
862 3350 1074 3398 quantumin
1083 3345 1113 3383 se
1123 3347 1166 3384 est
1175 3371 1187 3387 ,
1199 3357 1319 3384 mutuo
1327 3347 1452 3382 amoris
1464 3357 1550 3381 nexu
1561 3345 1736 3380 deuincere
1755 3347 1843 3381 inter
1851 3342 1882 3382 se
1893 3346 1997 3381 studet
2014 3344 2132 3383 omnia

296 3402 419 3437 Christi
428 3400 586 3436 membra.

1914 3451 1951 3487 17
1999 3440 2132 3487 Obsecro
