2268 3705
286 125 359 172 1478
768 115 1596 168 1N1·-”*EPIST·PAVi„-1

308 190 553 227 confessionem
563 192 656 227 edere
665 189 775 226 voluit
785 216 795 231 ,
808 188 916 236 'atque
926 202 964 223 ex
974 192 1097 224 intimo
1109 188 1217 223 cordis
1246 185 1337 222 sensu
1349 188 1596 235 depromptam.
1606 183 1667 222 Sed
1675 193 1797 234 qussoe'r'et
1808 181 1866 224 hic
1876 187 2040 239 quispiam
2049 218 2060 234 ‚
2078 192 2157 228 cut-¹

311 248 392 276 iiam
403 241 432 276 se
441 244 527 275 inter
537 252 725 289 peccatores
737 242 878 288 praecipu
887 252 941 273 uin
956 245 1106 272 numerat
1122 261 1131 274 ,
1144 239 1201 282 qui
1213 235 1342 269 tantum
1356 235 1436 269 sanae
1447 236 1607 271 doetrinae
1627 238 1817 283 ignorantia
1827 237 1933 286 lapsus
1943 239 2005 280 est,
2026 240 2154 288 alioqui

307 300 385 323 -tota
397 293 470 324 vitae
483 289 696 337 inculpabilis
705 290 791 340 apud
805 289 980 322 hommes?
997 289 1101 332 Atqui
1111 285 1161 318 his
1178 283 1284 318 verbis
1295 286 1515 318 admonemur
1526 286 1626 330 quam
1639 285 1783 332 grauefit
1796 287 1883 333 apud
1893 288 2004 322 Deum
2019 292 2052 324 &
2063 301 2158 324 atrox

314 337 642 376 crimeiiinfideliras:
655 341 830 386 praesertim
843 335 897 369 vbi
909 336 1036 369 accedit
1046 334 1227 368 obstinatio
1241 337 1273 366 ἃ
1285 332 1440 367 saeuiendi
1450 332 1565 366 rabies.
1575 334 1681 368 Paeile
1691 335 1826 380 quidem
1838 336 1881 369 est
1891 337 1978 383 apud
1987 338 2160 379 homines,

313 398 427 421 totum
438 388 469 421 id
481 388 571 434 quod
582 389 620 421 de
629 385 660 422 se
671 384 834 421 confessus
844 385 887 417 est
897 382 1016 416 Paulus
1028 393 1200 416 extenuare
1210 381 1324 416 colore
1334 381 1397 415 zeli
1409 379 1650 416 inconsiderati.
1660 383 1719 416 Sed
1729 382 1835 430 pluris
1843 383 2071 420 obedientiam
2083 385 2159 420 fidei

315 434 392 470 facit
403 438 505 473 Deus,
517 439 616 483 quam
629 448 662 469 vt
675 447 735 482 pro
750 434 816 467 leui
825 431 948 466 delicto
960 430 1226 465 incredulitatem
1238 442 1276 463 cu
1284 443 1313 463 m
1326 431 1511 477 peruicacia
1531 432 1750 465 coniunctam
1761 432 1871 467 ducat.
1892 433 2007 478 Quare
2014 433 2158 482 diligen-

313 495 363 518 ter
376 486 540 519 notandus
555 486 598 518 est
611 484 662 518 hic
674 490 778 519 locus,
794 482 968 515 hominem
982 491 1092 513 coram
1105 479 1244 514 mundo,
1255 492 1325 512 non
1339 478 1443 512 modo
1455 480 1636 512 innoxium
1646 502 1655 516 ,
1682 477 1732 512 sed
1742 482 1871 514 eximiis
1881 481 2060 517 virtutibus
2077 495 2162 531 prae-

316 534 466 571 stantem,
481 546 619 578 vitaeque
631 528 853 565 laudatiffimae
878 531 974 574 ‚quia
985 527 1157 574 Euangelii
1171 528 1330 573 doetrinae
1352 528 1450 560 ruerit
1458 525 1678 565 aduersarius,
1699 538 1835 575 propter
1845 529 2084 566 incredulitatis
2100 530 2162 567 suae

314 585 577 617 contumaciam,
590 592 694 613 vnum
707 591 743 612 ex
755 575 950 626 grauiffimis
961 574 1191 624 peccatoribus
1204 574 1337 608 censeri.
1350 576 1438 608 Nam
1451 575 1528 608 inde
1536 574 1694 622 colligere
1705 586 1901 624 promptum
1913 579 1957 612 est
1966 580 2048 626 quid
2058 579 2161 615 vale-it

315 641 427 665 coram
439 632 514 664 Deo
524 641 642 663 omnes
654 628 900 675 hypocritarum
914 638 1059 673 pompae,
1071 625 1151 658 dum
1165 625 1408 657 contumaciter
1422 622 1557 657 Christo
1573 624 1734 658 refistunt.

364 683 399 712 16
449 680 536 711 Vim
547 679 697 725 mgprimo
713 674 876 720 ostmderet
888 674 993 718 Iefiss.)
1047 675 1166 716 Qum
1180 673 1273 711 dicit,
1287 673 1412 712 Primo,
1426 671 1542 705 alludit
1553 674 1591 706 ad
1601 674 1636 707 id
1645 673 1852 721 quodnuper
1862 674 1998 716 dixerat,
2010 672 2040 708 se
2050 677 2162 723 primi'i

316 723 375 760 esse
387 729 472 761 iuter
484 736 682 774 peccatores.
694 726 773 759 Ideo
785 724 982 758 tantundem
995 721 1080 755 valet
1091 733 1127 755 ac
1137 722 1303 766 Praecipue
1315 719 1367 753 vel
1375 722 1412 754 In
1426 722 1551 768 primis.
1565 719 1735 769 Significat
1749 723 1872 762 autem,
1891 722 1997 757 statim
2006 722 2046 758 ab
2058 720 2161 759 initio
2221 734 2231 769 ’ἦ

315 776 425 808 Deum
440 772 642 822 proposuisse
653 772 715 808 tale
727 771 904 819 exemplar,
915 771 1008 818 quod
1019 781 1177 816 tanquam
1191 781 1228 802 ex
1241 769 1356 802 illustri
1366 782 1403 803 ex
1416 766 1573 815 celsoque
1601 770 1732 804 theatro
1741 767 1888 818 conspici
1897 768 2002 818 posset
2011 795 2022 810 ,
2041 775 2162 820 nequis

314 821 476 858 diffideret
489 833 631 870 paratam
644 821 700 856 fibi
713 821 782 856 fore
793 823 923 854 veniam
936 843 946 857 ,
960 818 1062 853 modo
1074 817 1137 852 fide
1147 818 1312 851 accederet
1322 818 1360 850 ad
1372 818 1555 852 Christum.
1565 820 1603 852 Et
1613 818 1697 853 certe
1711 821 1912 868 praeuenitur
1922 821 2031 855 nostra
2041 824 2163 858 omnisi

311 869 498 907 diffidentia
512 873 592 905 dum
604 874 686 909 cius,
697 883 795 916 quam
810 872 988 916 quaerimus
1000 869 1122 914 grariae,
1132 877 1262 913 typum,
1276 869 1308 899 in
1321 865 1425 900 Paulo
1436 865 1477 900 lic
1487 868 1637 901 videmus
1648 867 1843 915 expreffum.

363 931 398 964 17
451 924 524 967 Regi
534 919 843 963 autemseculorum.)
896 919 963 950 1³1·ae
971 917 1086 950 ardore
1098 917 1244 962 erumpit
1255 916 1290 948 in
1302 915 1393 950 istam
1405 913 1775 962 exclamationemzquia
1785 914 1919 951 deerant
1929 916 2028 952 verba
2039 918 2165 965 quibus
2203 864 2234 981 ⁴

312 967 403 1002 suam
415 970 652 1017 gratitudinem
665 969 870 1015 exprimeret.
881 966 972 999 Nam
986 966 1245 1012 epiphonemata
1258 963 1420 1010 praecipue
1431 962 1544 998 locum
1555 963 1679 998 habent
1691 964 1745 998 vbi
1756 963 1952 1013 abrumpere
1971 971 2162 1003 orationem

310 1020 480 1064 cogimur,
496 1020 573 1065 quia
584 1020 628 1050 rei
642 1015 838 1062 magnitudo
850 1012 987 1061 superat.
1006 1014 1098 1057 Quid
1111 1023 1220 1045 autem
1231 1005 1323 1045 Pauli
1336 1010 1555 1047 conuersioue
1565 1012 1814 1055 admirabilius?
1830 1016 2036 1061 Qanquam
2047 1029 2110 1051 nos
2122 1015 2164 1051 si—

311 1066 385 1099 mul
397 1079 515 1101 omnes
526 1067 682 1099 admonet
694 1064 751 1098 suo
762 1062 928 1110 exemp10,
941 1073 1115 1107 nunquam
1126 1061 1165 1094 de
1175 1061 1278 1106 gratia
1289 1060 1423 1094 Diuinae
1435 1062 1624 1097 vocationis
1638 1060 1696 1096 ess'e
1709 1064 1945 1109 cogitandum,
1957 1066 2042 1110 quin
2052 1065 2163 1102 tz‘idem

310 1113 486 1149 efferamur
498 1115 729 1147 admiratione.
745 1112 835 1145 Adde
846 1110 937 1158 quod
948 1110 1013 1143 hoc
1025 1121 1093 1142 tam
1108 1106 1326 1155 magnificum
1340 1111 1535 1143 encomium
1545 1133 1555 1147 ‚
1567 1112 1671 1145 totius
1683 1109 1859 1158 superioris
1873 1113 1947 1146 vitae
1961 1115 2162 1149 memoriam

309 1161 472 1197 absorbet.
485 1162 604 1209 Qalis
619 1164 709 1195 enim
723 1158 847 1205 abyssus
860 1161 903 1193 est
915 1160 980 1193 Dei
993 1157 1121 1205 gloria?
1149 1157 1305 1204 Epithcta
1318 1169 1390 1203 quae
1401 1155 1457 1191 hic
1468 1157 1584 1193 tribuit
1596 1159 1683 1196 Deo,
1692 1158 1819 1193 tametsi
1833 1172 1988 1208 perpetua
1998 1159 2074 1196 sunt
2091 1188 2102 1204 ‚
2113 1173 2164 1196 ta-

312 1224 389 1246 men
401 1213 535 1259 proprie
545 1212 756 1244 conueniunt
768 1208 834 1242 loci
846 1207 1099 1242 circunstantiae.
1111 1207 1217 1239 Vocat
1227 1206 1356 1252 Regem
1367 1217 1526 1240 aeternum
1539 1205 1591 1240 vel
1601 1206 1798 1246 seculorum,
1810 1210 1844 1242 in
1859 1220 1958 1255 quem
1971 1209 2065 1245 nulla
2074 1212 2162 1245 cadit

314 1263 468 1299 mutatio,
480 1257 670 1305 inmfibtlem,
682 1260 760 1305 quia
769 1257 879 1292 lucem
890 1255 1016 1290 habitat
1026 1253 1232 1294 inacccssaim
1244 1264 1278 1286 vt
1290 1254 1401 1302 postea
1411 1254 1783 1304 dicensot'umfizpiemem
1791 1279 1804 1294 ,
1812 1259 1891 1303 quia
1902 1256 2042 1292 infatuet
2055 1271 2092 1293 ac
2104 1272 2161 1294 va-

312 1310 424 1342 nitatis
436 1309 508 1341 dam
515 1319 569 1341 net
580 1319 717 1341 omnem
729 1306 910 1340 hominum
923 1302 1126 1352 sapientiam.
1153 1304 1290 1337 Summa
1300 1301 1379 1336 verb
1392 1303 1474 1336 redit
1482 1304 1522 1337 ad
1535 1315 1605 1337 earn
1617 1301 1795 1339 clausulam
1805 1331 1818 1345 ‚
1840 1317 1905 1352 qua
1914 1308 2018 1341 vtitur
2027 1308 2068 1341 ad
2085 1309 2162 1343 Ro·
2192 1326 2195 1327 ⁷

312 1369 428 1401 manos
442 1368 478 1390 11.
492 1358 523 1390 d.
538 1367 579 1401 33.
591 1356 625 1390 O
638 1354 901 1403 profunditatem
912 1354 1118 1389 diuitiarum,
1130 1354 1194 1385 &c.
1212 1351 1314 1399 quam
1325 1349 1514 1386 abscondita
1525 1351 1600 1386 funt
1611 1353 1674 1386 Dei
1688 1351 1839 1397 consilia,
1848 1355 1949 1400 qu‘am
1962 1351 2167 1393 inscrutabiss.

310 1404 356 1439 les
367 1407 427 1439 viae
438 1407 530 1439 eius?
546 1399 623 1439 vult
634 1406 722 1438 enim
737 1401 934 1437 immensam
944 1413 981 1435 ac
990 1398 1362 1447 incomprehensibilem
1373 1401 1436 1433 Dei
1449 1398 1642 1448 sapientiam
1655 1403 1701 1434 ita
1711 1413 1897 1436 reuereiiter
1906 1413 1909 1415 ·
1919 1403 1937 1436 ἐι
1947 1403 2047 1439 nobis
2057 1403 2160 1453 suspi-

309 1455 340 1488 ci
358 1480 368 1494 ‚
380 1465 414 1488 vt
425 1453 447 1488 si
458 1466 557 1501 opera
569 1456 637 1488 eius
650 1451 756 1487 sensus
769 1453 897 1486 nostros
916 1449 1079 1498 superant,
1094 1449 1270 1482 admiratio
1281 1459 1392 1482 tamen
1404 1461 1466 1483 nos
1478 1451 1660 1484 contineat.
1688 1448 1840 1484 Dubium
1852 1461 1964 1486 tamen
1977 1453 2038 1486 est:
2049 1466 2160 1500 quum

311 1505 348 1536 in
361 1501 529 1550 postremo
542 1501 691 1550 epitheto
707 1502 787 1535 dicit
798 1500 888 1538 Soli,
901 1498 1026 1534 velitne
1039 1499 1114 1533 Deo
1127 1495 1269 1544 gloriam
1283 1509 1421 1530 omnem
1435 1494 1495 1531 soli
1507 1498 1692 1535 vendicare,
1703 1510 1743 1532 an
1756 1509 1852 1546 vocet
1865 1497 1972 1546 ipsum
1984 1498 2092 1536 solum
2109 1500 2160 1537 sa-

309 1553 470 1599 pientem,
483 1564 523 1585 an
535 1550 612 1584 vero
625 1548 731 1584 solum
743 1551 855 1584 Deum
867 1546 926 1584 effe
936 1547 1034 1580 dicat.
1061 1545 1228 1579 Secundus
1241 1542 1347 1580 sensus
1362 1548 1466 1592 magis
1480 1546 1564 1581 mihi
1574 1545 1745 1593 probatur.
1775 1544 1942 1582 Praesentis
1954 1550 2045 1583 enim
2055 1551 2158 1590 causae

310 1601 452 1634 maxime
466 1598 615 1634 interfuit
626 1621 635 1635 ‚
653 1610 773 1632 arcano
785 1600 847 1632 Dei
859 1594 1000 1632 confilio
1010 1592 1126 1628 subiici
1147 1594 1303 1675 quamuis
1324 1592 1508 1630 hominurn
1526 1593 1798 1641 intelligentiam.
1824 1595 1945 1642 Neque
1955 1608 2068 1632 tamen
2078 1597 2160 1634 infi-n

306 1649 380 1682 iiior
398 1651 481 1696 quin
493 1649 604 1681 Deum
624 1659 731 1682 vnum
742 1648 839 1680 omni
858 1644 965 1694 gloria
975 1643 1117 1693 dignum
1129 1646 1157 1676 ci
1173 1655 1190 1675 e
1208 1641 1371 1689 praedicet.
1389 1640 1431 1676 fic
1443 1645 1534 1678 enim
1552 1641 1666 1690 gl'oriae
1677 1642 1737 1678 suae
1776 1641 1934 1679 scintillas
1952 1644 2019 1681 huc
2029 1645 2110 1682 illuc
2119 1649 2158 1684 in

309 1708 469 1731 creaturas
481 1695 613 1745 spargit,
626 1706 658 1730 vt
669 1706 739 1730 tota
750 1708 851 1744 penes
865 1706 937 1741 earn
951 1695 1030 1728 &in
1042 1690 1184 1726 solidum
1197 1700 1338 1726 maneat.
1365 1691 1428 1726 Sed
1438 1703 1604 1742 vrrunque
1616 1694 1771 1742 exprimit
1781 1715 1792 1731 ,
1804 1691 1895 1728 nihil
1905 1692 2019 1743 gloriae
2030 1694 2159 1731 efle‘ex·

306 1755 357 1779 tra
366 1747 488 1781 Deum.

363 1829 402 1860 18
459 1825 732 1875 Hocpraeceptum
741 1815 940 1858 commendo
953 1813 1029 1863 tibi,
1041 1815 1094 1866 fili
1105 1812 1827 1880 Timothee,secundumpraecedentesfhper
1831 1827 1865 1858 te
1869 1816 2065 1876 prophetias·
2071 1849 2084 1869 ‚
2111 1829 2159 1862 vt

306 1876 436 1916 milites
445 1877 484 1915 in
493 1877 564 1916 illis
574 1874 698 1915 bonam
707 1875 885 1920 militiam,

353 1948 399 1981 '19
456 1930 601 1973 Habeas
614 1932 728 1984 fidem
749 1931 790 1979 ά
808 1928 934 1971 bonam
962 1926 1201 1984 conftientiam
1217 1941 1226 1964 ε
1247 1925 1348 1986 ἆᾳιηι
1372 1929 1481 1984 auersi
1496 1928 1641 1985 quidam
1649 1932 1734 1971 circa
1748 1930 1856 1983 fidem
1865 1930 2081 1988 naufragium
2090 1931 2157 1989 ft:

306 2000 439 2031 cerunt:
1886 2011 1892 2025 .-

359 2061 406 2084 20
466 2054 524 2087 Ex
534 2043 746 2102 quibussimt
755 2051 791 2085 H
785 2057 959 2099 ymenaeus
971 2041 1011 2090 ἀ·
1021 2039 1293 2098 tAlexander,q
1299 2057 1360 2082 uos
1370 2040 1501 2081 tradidi
1510 2045 1656 2088 satam,
1667 2052 1713 2081 vt
1720 2041 1852 2096 dtstam
1860 2032 1933 2084 tion
1939 2043 2156 2089 maledicere

349 2138 384 2171 18
435 2140 511 2172 Hoc
516 2145 700 2186 preceptum.
706 2136 727 2174 )
779 2132 955 2179 chuid
973 2132 1013 2166 de
1026 2134 1164 2179 persona
1177 2132 1231 2168 sua
1242 2131 1456 2180 interposuit,
1477 2129 1540 2165 fuit
1551 2130 1639 2178 quasi
1650 2130 1804 2180 digreffio
1821 2132 1862 2167 ab
1872 2133 2038 2170 instituto.
2058 2136 2152 2172 Nam

302 2199 409 2234 quum
419 2185 646 2219 Timotheum
658 2184 814 2218 instruere
824 2181 1024 2215 authoritate
1037 2181 1147 2220 vellet,
1159 2180 1287 2217 summa
1298 2179 1409 2229 ipsum
1418 2180 1590 2227 praeditum
1604 2178 1664 2214 esse
1674 2183 1836 2228 oportuit.
1850 2182 1976 2217 mature
1989 2185 2102 2231 itaque
2111 2198 2152 2220 o·

304 2238 481 2283 pinioiiem
494 2232 736 2278 refutauit,quae
749 2230 806 2265 sibi
821 2229 946 2264 obstare
957 2241 1095 2277 poterat.
1109 2231 1213 2266 Nunc
1223 2241 1333 2264 autem
1348 2230 1524 2277 postquam
1534 2228 1812 2276 probauit.nihilo
1825 2233 1964 2265 minoris
1975 2233 2062 2279 apud
2072 2235 2151 2280 pios

304 2283 533 2318 aestimandum
546 2280 606 2316 effe
616 2279 711 2315 suuni
723 2278 1052 2327 Apostolatuni‚quia
1060 2279 1242 2326 aliquando
1255 2278 1380 2313 Christi
1387 2290 1528 2325 regnum
1542 2275 1760 2326 oppugnasset
1777 2301 1788 2316 ‚
1798 2277 1887 2324 quasi
1898 2276 2028 2314 sublato
2039 2280 2150 2316 obsta-

306 2331 383 2366 culo
394 2333 432 2366 ad
444 2331 685 2366 exhortationis
696 2327 755 2362 suae
767 2338 962 2362 contextum
974 2328 1067 2361 redit.
1075 2330 1163 2376 Ergo
1173 2337 1375 2376 praeceptum
1386 2327 1429 2360 est
1438 2328 1533 2360 cuius
1543 2327 1643 2360 initio
1655 2328 1820 2360 meminit.
1836 2327 1924 2362 filiii
1932 2329 2148 2368 vocando‚n6

305 2379 394 2414 suam
408 2380 510 2414 modo
519 2377 791 2413 beneuolentiam
803 2376 891 2424 apud
904 2388 980 2409 eum
991 2374 1189 2414 testatur-,sed
1199 2375 1271 2411 aliis
1281 2376 1344 2409 etia
1352 2374 1568 2409 commendat
1580 2371 1685 2422 ipsum
1696 2374 1762 2407 hoc
1772 2377 1923 2409 nomine.
1932 2376 2036 2410 Porro
2048 2389 2084 2413 vt
2094 2391 2150 2414 ma

307 2432 356 2475 gis
367 2442 443 2462 eum
454 2426 719 2472 animem-educit
730 2428 765 2459 in
778 2426 975 2458 memoriam
988 2424 1084 2471 quale
1097 2427 1115 2460 ὲ
1126 2427 1249 2473 Spiritu
1259 2423 1564 2458 Deire-stimonium
1575 2422 1736 2457 habuerit.
1746 2422 1837 2457 Nam
1849 2434 1915 2458 erat
1925 2423 1981 2459 hic
1989 2438 2062 2461 non
2071 2438 2149 2474 pat-

309 2490 369 2511 uus
384 2476 545 2511 stimulus.
559 2475 652 2521 quod
664 2476 839 2509 Diuinitus
851 2472 1031 2507 ministeriu
1043 2476 1111 2508 eius
1125 2473 1227 2508 fuerat
1237 2471 1431 2520 approbata:
1443 2474 1475 2505 δε
1487 2470 1581 2517 quod
1593 2472 1683 2518 prius
1692 2471 1756 2504 Dei
1767 2470 1909 2506 oraculis
1925 2484 2062 2509 vocatus
2073 2474 2149 2510 fue-

309 2536 368 2562 rat,
381 2527 479 2572 qnam
493 2524 616 2559 deeius
625 2523 807 2558 hominum
819 2519 988 2569 suffragiis.
999 2522 1112 2569 Turpe
1123 2523 1247 2556 estnon
1258 2520 1451 2568 respondere
1463 2520 1644 2553 hominum
1658 2516 2025 2567 expectationuquanto
2033 2524 2148 2570 itaque

308 2576 394 2621 turpi
402 2587 437 2608 us
448 2576 506 2607 erit
520 2575 662 2609 irritum,
675 2571 786 2618 quoad
797 2572 830 2604 in
846 2581 877 2603 te
888 2568 937 2607 sit,
948 2568 1051 2603 facete
1065 2572 1131 2604 Dei
1142 2571 1265 2604 iudiciu
1273 2576 1325 2603 m?
1342 2569 1403 2603 Sed
1412 2567 1558 2616 primum
1570 2566 1741 2602 sciendum
1751 2568 1795 2601 est
1803 2568 1843 2602 de
1853 2568 1976 2617 quibus
1985 2569 2147 2618 loquarne

305 2621 482 2670 Prophetiis.
503 2622 623 2654 Putant
633 2619 736 2666 aliqui
748 2618 951 2653 reuelatione
961 2618 1173 2653 admonitum
1185 2616 1276 2652 fuiffe
1286 2616 1439 2654 Paulum,
1450 2627 1484 2650 vt
1493 2615 1680 2650 Timotheo
1691 2628 1814 2651 munus
1825 2617 2026 2665 iniungeret.
2053 2619 2148 2667 quod

305 2683 421 2704 verum
437 2667 495 2702 esse
507 2668 618 2703 fateor:
629 2666 678 2702 sed
689 2668 773 2701 addo
784 2665 1002 2701 reuelationes
1012 2666 1052 2700 ab
1062 2667 1134 2700 aliis
1145 2668 1301 2714 proditas.
1313 2678 1422 2712 neque
1432 2666 1522 2698 enim
1533 2664 1652 2698 Paulus
1662 2676 1707 2698 nu
1714 2675 1806 2699 mero
1815 2663 1934 2712 plurali
1945 2664 2060 2701 frustra
2070 2665 2146 2704 vsus

306 2720 364 2753 est.
376 2718 518 2753 Proinde
530 2730 566 2750 ex
577 2719 645 2751 eius
654 2715 760 2750 verbis
771 2714 976 2762 colligimus,
991 2714 1099 2762 plures
1110 2713 1202 2749 fuisse
1212 2714 1312 2748 editas
1324 2713 1517 2761 prophetias
1526 2712 1565 2747 de
1573 2711 1780 2755 Timotheo,
1790 2724 1864 2758 quae
1876 2710 1984 2760 ipsum
1996 2714 2146 2752 Ecclefiae

303 2766 590 2803 commendarent.
600 2765 689 2798 Nam
703 2777 808 2810 quum
819 2765 950 2797 iuuenis
960 2763 1068 2798 adhuc
1079 2761 1164 2800 effer,
1177 2773 1304 2811 poterat
1314 2763 1527 2809 contemptui
1537 2759 1598 2796 else
1607 2759 1697 2795 illius
1707 2771 1792 2795 aetas:
1803 2759 1966 2809 expositus
1977 2764 2077 2798 etiam
2088 2776 2146 2799 ca-

304 2816 446 2852 lumniis
458 2811 563 2847 fuiss'ct
573 2812 703 2849 Paulus,
714 2812 806 2858 quod
814 2808 1076 2846 adolescentulos
1087 2824 1162 2847 ante
1173 2822 1306 2858 tempus
1316 2821 1532 2858 promoueret
1543 2809 1583 2843 ad
1594 2806 1694 2843 senile
1705 2807 1869 2845 officium.
1887 2810 2041 2845 Praeterea
2051 2813 2145 2849 Deus

302 2864 360 2899 il'lsi
373 2865 410 2898 ad
423 2875 471 2896 res
482 2872 616 2908 magnas
628 2864 657 2894 &
672 2861 784 2894 arduas
794 2860 1093 2895 destinauerat.non
1103 2863 1193 2894 enim
1203 2858 1266 2894 fuit
1276 2871 1361 2893 vnus
1372 2871 1408 2893 ex
1418 2857 1589 2905 vulgo‚sed
1599 2857 1770 2904 Apostolis
1782 2858 2027 2907 proximus‚qui
2037 2859 2144 2896 Paulo

301 2910 434 2948 absente
444 2909 524 2957 saepe
535 2912 604 2943 eius
616 2906 786 2955 personam
797 2906 983 2942 sustinebat.
994 2911 1107 2950 Quare
1119 2921 1204 2956 opus
1215 2906 1331 2943 habuit
1342 2905 1498 2953 singulari
1508 2905 1803 2942 testimonio‚vnde
1811 2916 1936 2952 pateret
1948 2919 2019 2943 non
2030 2907 2146 2944 homi-

301 2974 384 2996 num
399 2961 582 2995 temeritate
593 2956 721 2991 tantum
734 2955 783 2989 illi
794 2955 923 2996 deferri,
934 2955 987 2991 sed
997 2957 1140 2992 elcekum
1153 2954 1276 3003 abipso
1285 2957 1361 2989 Deo
1373 2952 1442 2988 effe.
1463 2954 1583 2999 Neque
1594 2955 1684 2987 enim
1695 2964 1775 2990 tunc
1785 2955 1993 2989 ordinarium
2003 2954 2068 2991 fuit
2085 2969 2144 2993 aut

303 3008 418 3048 multis
428 3018 624 3045 commune,
632 3006 741 3039 ornari
752 3005 993 3050 Prophetarum
1006 3003 1222 3040 encomis:sed
1233 3006 1311 3051 quia
1321 3006 1355 3037 in
1366 3001 1551 3037 Timotheo
1563 2999 1742 3050 peculiares
1752 3011 1844 3036 erant
1853 2999 1965 3043 causae,
1978 3003 2091 3042 noluit
2100 3007 2142 3040 εὖ

300 3060 393 3093 Deus
404 3057 442 3091 ab
455 3054 652 3091 hominibus
664 3054 806 3088 admitti,
817 3051 876 3085 nisi
887 3051 941 3088 sua
949 3066 1030 3088 voce
1042 3057 1107 3087 iam
1119 3052 1309 3100 probatum:
1322 3050 1434 3086 noluit
1445 3062 1520 3084 eam
1532 3051 1569 3083 ad
1580 3048 1768 3084 obeundam
1779 3048 1991 3086 funerionem
2005 3054 2142 3089 accede-

304 3120 347 3141 re,
358 3105 418 3140 nisi
433 3105 638 3153 propheticis
648 3100 789 3135 oraculis
801 3103 956 3134 accitum.
980 3103 1086 3136 Sicuti
1106 3104 1205 3135 etiam
1216 3099 1320 3135 Paulo
1333 3104 1366 3134 &
1376 3097 1529 3134 Barnabae
1537 3099 1683 3148 contigit
1693 3123 1703 3135 ,
1727 3097 1808 3132 dum
1819 3097 1983 3135 Gentibus
1994 3102 2142 3138 ordinati

304 3155 377 3189 sunt
388 3156 551 3188 doCtorcs.
563 3152 638 3186 Erat
649 3152 739 3184 enim
752 3161 798 3182 res
811 3160 901 3182 noua
913 3152 946 3182 δε
960 3148 1117 3190 insolens,
1128 3161 1189 3184 nec
1197 3148 1325 3195 alioqui
1336 3144 1516 3195 potuissent
1525 3146 1648 3180 famam
1658 3146 1851 3181 temeritatis
1870 3144 2024 3196 effugere.
2036 3149 2142 3185 Obii-

302 3206 368 3237 ciet
379 3216 421 3236 nu
429 3214 468 3236 nc
479 3198 656 3248 quispiam,
666 3199 699 3232 Si
708 3198 799 3232 Deus
810 3208 868 3245 per
877 3195 950 3230 suos
959 3198 1142 3245 Prophetas
1151 3197 1228 3232 ante
1239 3197 1513 3245 pronuntiauerat
1524 3193 1631 3240 qualis
1642 3192 1772 3228 futurus
1785 3192 1859 3228 eiset
1870 3195 2020 3231 minister
2029 3199 2140 3235 Timo

304 3251 413 3285 thetis,
425 3248 582 3294 quorsum
594 3244 752 3281 attinebat
765 3258 841 3279 eum
854 3247 985 3279 moneri
996 3257 1030 3279 vt
1041 3244 1070 3279 se
1079 3244 1179 3280 talem
1192 3246 1370 3293 praestaret?
1384 3256 1425 3277 an
1438 3245 1550 3294 potuit
1559 3243 1623 3278 Dei
1633 3239 1776 3276 oraculis
1787 3240 1885 3277 fidem
1896 3243 2140 3294 abrogareffie·

306 3298 452 3345 spondeo
464 3323 473 3337 ‚
495 3310 563 3330 non
574 3296 665 3330 aliter
678 3291 816 3343 potuiist
828 3295 961 3328 euenire
970 3294 1071 3339 quam
1080 3294 1170 3327 Deus
1185 3290 1395 3341 promiserat:
1407 3289 1457 3325 sed
1468 3292 1604 3325 interim
1622 3302 1694 3325 non
1709 3288 1822 3325 debuit
1833 3292 2036 3328 Timotheus
2053 3293 2138 3329 desi,

305 3348 364 3380 diae
385 3346 413 3380 se
423 3357 458 3378 :ic
470 3346 596 3391 torpori
607 3344 681 3377 darc
692 3367 701 3383 ‚
725 3341 776 3376 sed
785 3343 903 3376 viuum
917 3353 933 3374 a
960 3340 1070 3388 ilique
1080 3353 1245 3388 organum
1256 3343 1320 3375 Dei
1341 3340 1559 3387 prouidentiae
1568 3335 1782 3384 obsequendo
1791 3337 1820 3374 se
1839 3340 2003 3375 exhibere.
2039 3342 2138 3388 Q<

303 3407 336 3431 te
359 3392 478 3428 Paulus
485 3405 558 3428 nou
579 3391 635 3426 abs
648 3404 681 3426 re
691 3415 700 3428 ,
720 3391 801 3425 dum
814 3389 917 3425 calcar
930 3353 980 3424 iili
1002 3389 1117 3425 addere
1128 3387 1200 3424 vult
1210 3412 1221 3427 ,
1240 3388 1430 3439 prophetias
1441 3397 1686 3427 commemorat
1703 3386 1826 3435 quibus
1835 3387 1866 3423 se
1884 3399 1947 3437 pro
1957 3387 2018 3425 illo
2037 3388 2135 3430 Deus

2045 3437 2137 3485 quafi
