2268 3705
134 1513 298 1551 :festma-

327 96 395 139 *¹296
841 87 1694 139 INII·EPIST·1’.AVL1

392 175 423 219 ῖς
483 167 552 222 Egb
561 160 647 204 'verb
657 157 869 219 libentisscmk
878 161 1074 219 impendam
1088 162 1128 210 ἔγ
1140 159 1378 218 expendarpro
1387 159 1566 202 animabus
1578 160 1711 214 valla&
1723 159 1802 201 licet
1816 156 1960 201 vberius
1968 175 2037 203 vos
2045 161 2184 218 dilth‘s,

331 229 453 264 <minm-
465 222 604 278 diligar.
970 224 972 227 ·

385 320 416 344 u
464 311 492 343 F
495 311 578 343 astus
578 310 651 352 sum
661 309 798 355 insipiens
801 307 876 355 glor.
879 309 900 347 )
950 308 1057 341 Variis
1068 303 1333 341 excusationibus
1344 303 1503 342 hacteuus
1514 308 1645 342 veniam
1656 307 1846 355 deprecatus
1856 295 1962 341 fuerat
1973 319 1981 338 ε
2000 306 2093 353 quod
2104 320 2188 355 prae-

338 368 392 392 'ter
404 370 532 392 morem
544 357 799 402 institutumque
811 357 918 391 suum,
929 365 1042 401 praeter
1052 356 1209 389 decorum
1220 355 1320 388 etiam
1332 359 1366 389 c&
1378 354 1566 403 Apostolici
1576 354 1679 390 officii
1693 357 1857 389 rationem
1868 380 1878 394 ,
1889 354 1958 389 suas
1970 354 2092 401 glorias
2102 369 2187 403 prat-

341 408 476 441 dicaret.
486 407 589 442 Nunc
601 406 678 439 loco
688 405 928 450 deprecationis
938 403 1193 450 exprobratione
1201 402 1453 451 vtitur,culpam
1466 405 1616 438 reiiciens
1627 405 1661 438 in
1674 403 1886 440 Corinthios,
1898 406 1958 449 qui
1969 405 2119 438 hasvires
2130 406 2185 438 de·-

342 455 486 491 buerant
497 465 668 502 occupare.
680 464 758 486 nam
768 463 873 496 quum
883 450 987 484 Paulo
1000 451 1206 485 detraherent
1216 450 1492 499 pseudoapostoli,
1507 451 1686 491 debuerant
1696 452 1823 486 strenue
1835 456 1862 485 [e
1874 457 2095 499 opponere,&
2107 451 2186 486 fide-

342 504 419 539 liter
429 504 561 538 reddere
572 502 722 535 debitum
733 501 802 532 eius
814 498 992 533 virtutibus
1003 502 1245 534 testimonium.
1260 500 1390 534 Mature
1401 501 1479 533 vero
1492 513 1548 544 eos
1559 500 1771 547 obiurgat‚ne
1781 499 2005 534 defensionem
2017 513 2118 546 quam
2129 515 2187 535 eo-

346 565 424 587 rum
435 550 676 598 ingratitudine
691 549 827 582 coathls
836 546 948 580 attulit
957 571 966 584 ‚
981 550 1017 582 in
1027 548 1185 598 sinistram
1197 560 1324 595 partem
1335 560 1461 582 vertant
1472 572 1482 586 ,
1501 547 1553 582 vel
1565 560 1702 597 pergant
1712 547 1896 595 obstrepere
1907 551 1967 594 qui
1979 561 2054 595 erga
2065 562 2142 583 eum
2153 563 2188 583 e—

341 612 416 635 rant
425 599 510 634 male
521 596 639 632 affesti.
697 596 805 629 Nulla
815 607 894 629 emm
903 608 936 628 m
944 609 986 630 re.
1013 598 1137 644 Ingrati
1149 598 1260 630 [umus
1268 598 1355 633 Deo,
1370 595 1391 630 si
1401 600 1546 645 patimur
1558 598 1626 631 eius
1637 598 1724 631 dona
1735 597 1894 642 (quorum
1905 601 2016 631 lumus
2027 598 2133 640 testes)
2145 599 2187 632 ab

342 649 507 696 improbis
520 651 554 681 &
569 644 725 691 malignis
741 646 919 691 vituperari
929 656 982 678 aut
993 645 1166 693 vilipendi.
1191 645 1303 678 Huius
1315 644 1419 692 culpae
1430 657 1502 679 reos
1512 644 1588 679 facit
1600 645 1811 679 Corinthios.
1826 643 1933 691 ipsum
1944 648 2034 679 enim
2048 643 2188 682 summis

341 696 515 744 Apostolis
528 705 640 742 parem
651 704 880 740 cognouerant
893 705 900 725 :
923 697 956 726 δε
968 704 1079 728 tamen
1091 705 1182 727 aures
1193 692 1380 739 praebebant
1401 694 1697 728 calumniatoribus
1709 706 1814 740 quum
1825 692 1876 726 illi
1885 694 2099 728 detraherent.
2127 697 2188 730 Per

333 746 467 789 fiunmos
478 741 636 790 Apostolos
648 740 807 776 nonnulli
817 740 955 775 aemulos
967 744 1035 777 cius
1045 741 1316 788 intelligunt,qui
1327 741 1385 775 fibi
1395 744 1517 789 primas
1527 743 1707 790 arrogabat.
1729 753 1790 788 ego
1801 753 1912 776 autem
1923 742 2076 790 intelligo
2088 746 2188 778 etiam

340 793 569 841 quipraecipui
585 801 675 825 erant
687 792 772 823 inter
784 789 961 824 duodecim
975 803 983 824 :
1004 789 1092 838 quafi
1103 791 1235 827 diceret,
1247 791 1337 824 Cum
1349 793 1472 837 quouis
1485 791 1726 837 Apostolorum
1737 788 1887 824 conferat
1903 803 1911 823 :
1940 803 2011 824 non
2026 802 2130 826 timeo
2145 806 2197 826 ne>

341 852 483 889 reperiar
493 851 616 875 minor.
627 836 770 872 Tametsi
781 840 871 872 enim
884 836 987 872 Paulo
998 839 1126 886 optime
1137 850 1215 872 cum
1225 836 1394 886 Apostolis
1405 839 1563 874 omnibus
1577 837 1813 877 conueniebat,
1824 849 1858 872 vt
1867 850 1930 886 prce
1942 835 1970 872 se
1983 852 2039 872 cos
2050 839 2189 875 extolle-

340 898 376 924 re
385 900 516 938 paratus
527 887 601 923 elset
612 901 620 921 ε
632 897 697 922 erat
708 898 820 920 tamen
840 886 888 920 illi
900 897 1065 921 certamen
1078 899 1154 921 cum
1175 890 1345 921 ementitis
1357 901 1474 922 eorum
1484 888 1682 922 nominibus
1693 901 1701 921 ε
1713 888 1789 921 Hoc
1801 889 1893 932 enim
1904 898 2059 933 praetextu
2071 888 2188 925 abute-

341 937 464 973 bantur
476 935 754 985 pseudoapostoli,
766 934 794 968 se
807 932 898 969 fuiffe
910 937 946 968 in
959 935 1183 970 contubernio
1193 935 1382 973 duodecim,
1396 949 1514 971 omnes
1526 948 1641 970 eorum
1656 934 1763 970 sensus
1772 946 1883 968 tenere
1903 961 1912 976 ‚
1926 934 2043 969 habere
2053 939 2190 984 cognita

341 989 460 1022 omnia
474 998 591 1020 eorum
603 985 760 1019 instituta:
773 987 806 1017 &t
821 981 991 1018 similibus.
1004 995 1082 1031 ergo
1094 995 1200 1030 quum
1211 985 1278 1018 istis
1291 983 1389 1018 laruis
1401 996 1456 1019 aut
1465 983 1580 1018 fucatis
1591 984 1697 1019 titulis
1711 984 1831 1017 videret
1843 983 1962 1017 Pauius
1974 982 2056 1018 falso
2068 985 2189 1020 eos-su-

341 1035 470 1084 perbire
483 1057 492 1072 ,
514 1037 548 1069 &
560 1033 647 1081 apud
666 1030 1030 1085 imperitos-proficere:
1049 1031 1190 1066 adulam
1202 1035 1489 1079 comparationem
1500 1033 1695 1068 descendere
1705 1029 1829 1066 neceffe
1840 1030 1990 1066 habebat.
2013 1035 2189 1069 eorrectio

341 1084 451 1118 addita
460 1106 470 1121 ,
491 1079 787 1128 Tametfim'ht‘lfiam
795 1103 806 1117 ‚
828 1078 989 1128 significat
999 1080 1140 1115 Paulum
1160 1081 1246 1114 nihil
1258 1080 1340 1114 velle
1351 1081 1408 1115 sibi
1419 1084 1591 1129 proprium
1604 1081 1728 1116 sumere
1737 1106 1748 1120 ,
1784 1078 1836 1114 sed
1848 1080 1979 1114 tanturn
1990 1083 2024 1115 in
2035 1083 2191 1118 Domino·
2205 1098 2207 1100 ·

341 1132 497 1181 gloriari,
510 1129 570 1165 nisi
581 1129 664 1163 forte
676 1130 780 1176 magis
792 1128 918 1177 placeat
927 1127 1176 1164 concessionem
1186 1126 1245 1163 else
1254 1153 1264 1166 ,
1275 1130 1311 1163 in
1325 1141 1390 1176 qua
1405 1133 1564 1178 exprimat
1576 1131 1655 1177 quid
1664 1132 1702 1164 de
1713 1128 1743 1163 se
1753 1127 1955 1163 amaleuolis
1980 1133 2013 1164 ὅ(
2025 1129 2191 1166 obtresta-

344 1180 476 1216 toribus
486 1182 635 1214 iacit-etur.

391 1240 423 1262 12
474 1230 568 1275 Signa
579 1224 701 1273 quadem
712 1225 896 1277 eApostoli.)
939 1225 1041 1271 Signa
1051 1225 1204 1273 Apostoli
1213 1228 1335 1274 accipit
1345 1239 1406 1274 pro
1417 1225 1530 1274 sigillis
1541 1239 1612 1274 quae
1623 1226 1660 1260 ad
1672 1225 1908 1273 obsignandam
1921 1226 2134 1274 Apostolatus
2152 1227 2193 1263 6-
2223 1236 2230 1246 ’-

342 1279 420 1312 deni
434 1276 554 1313 valent,
564 1274 616 1309 vel
627 1275 712 1309 certe
722 1286 784 1322 pro
795 1285 999 1322 argumentis
1010 1285 1065 1308 aut
1075 1273 1343 1322 probationibus:
1353 1273 1413 1309 acsi
1423 1274 1653 1314 dixilset‚Deus
1661 1274 1894 1324 Apoltolatum
1909 1287 2022 1320 meum
2034 1279 2119 1310 inter
2129 1290 2189 1312 vos

342 1327 390 1360 ita
400 1323 614 1360 confirmauit
623 1333 656 1357 vt
669 1324 795 1357 nullam
808 1322 1086 1371 approbationem
1096 1322 1259 1358 desideret.
1270 1325 1420 1358 Primum
1430 1323 1560 1371 lignum
1571 1327 1726 1358 nominat
1739 1327 1938 1360 Patiemmm,
1951 1321 2001 1357 vel
2012 1326 2087 1358 ideo
2099 1325 2192 1372 quod

348 1386 467 1409 omnes
479 1375 603 1408 Satanae
616 1375 649 1406 δέ
660 1372 807 1407 hostium
817 1369 955 1406 insultus
967 1371 1122 1417 generose
1135 1371 1324 1407 sustinendo
1336 1377 1367 1407 dc
1379 1372 1543 1418 nusquam
1554 1373 1711 1411 cedendo,
1723 1374 1870 1406 inuiCtus
1882 1372 2002 1405 steterit
2015 1372 2086 1407 :vel
2099 1374 2191 1421 quod

345 1421 523 1458 excelletiae
534 1420 596 1455 suae
607 1419 864 1459 oblitus‚omnes
875 1422 1011 1454 iniurias
1022 1419 1192 1468 pertulerit
1207 1433 1302 1467 aequo
1314 1421 1532 1458 animo‚tael.ia
1543 1419 1674 1455 infinita
1683 1420 2122 1467 deuorauerinindignitates
2131 1435 2192 1470 pa-

344 1473 462 1506 tientia
473 1472 598 1505 vicerit.
623 1470 795 1516 Siquidem
808 1481 876 1502 tam
886 1468 1020 1502 heroica
1031 1472 1131 1503 virtus
1141 1468 1230 1516 quasi
1239 1468 1360 1503 caelcstc
1370 1470 1413 1503 est
1423 1468 1580 1516 sigillum,
1593 1482 1660 1515 quo
1671 1467 1851 1516 Apostolos
1862 1466 1937 1502 suos
1947 1470 2119 1504 Dominus
2130 1474 2190 1505 εὸ-

346 1519 654 1568 signat.Secundum
668 1520 781 1552 iocum
791 1518 844 1551 dat
856 1515 1033 1551 miraculis.
1044 1530 1120 1551 nam
1132 1517 1311 1565 quodfigna
1321 1522 1358 1557 ῤ’
1367 1517 1508 1566 prodigia
1520 1522 1556 1556 ώ-
1566 1528 1699 1551 virtutes
1708 1519 1864 1552 nominat
1876 1515 1981 1551 tribus
1993 1519 2193 1554 nominibus

343 1567 644 1617 (quemadmodum
655 1565 748 1610 alibi)
760 1578 828 1600 rem
840 1566 977 1599 eandem
990 1568 1156 1614 exprimit.
1168 1568 1268 1613 Signa
1279 1567 1379 1614 porro
1391 1578 1550 1600 vocantur
1563 1590 1572 1603 ‚
1596 1567 1688 1612 quod
1699 1579 1769 1600 non
1780 1564 1854 1599 sunt
1867 1568 1979 1599 inania
1992 1565 2189 1613 spectacula.-

345 1617 399 1652 sed
412 1629 483 1664 quae
495 1615 652 1649 destinata
661 1612 734 1649 sunt
745 1615 903 1649 docendis
913 1613 1122 1648 hominibus.
1132 1616 1287 1661 Prodigia
1298 1638 1307 1651 ‚
1317 1615 1408 1661 quod
1417 1613 1470 1649 sua
1481 1617 1631 1649 nouitate
1642 1612 1884 1662 expergefacere
1894 1613 2050 1649 homines
2070 1615 2192 1651 debent

347 1670 382 1702 &
396 1663 579 1714 percellere.
611 1664 771 1698 Potentiae
781 1673 836 1697 aut
847 1665 984 1697 virtutes
994 1684 1004 1699 ,
1023 1663 1113 1709 quod
1124 1661 1198 1697 sunt
1210 1665 1314 1710 magis
1327 1661 1468 1710 insignia
1479 1661 1657 1710 specimina
1667 1664 1804 1697 Diumae
1817 1665 1975 1709 potentiae
1985 1686 1995 1699 ‚
2007 1664 2108 1710 quam
2119 1677 2194 1711 quae

344 1716 513 1751 cernimus
536 1712 751 1746 inordinatio
763 1723 885 1747 naturae
903 1708 1007 1748 cursu.
1031 1711 1134 1745 Porro
1145 1710 1265 1746 scimus
1285 1711 1376 1746 hunc
1387 1714 1592 1759 praecipuum
1605 1711 1697 1746 fuiffe
1715 1709 1953 1745 miraculorum
1966 1710 2067 1746 finem
2078 1711 2135 1747 sub
2148 1715 2192 1748 E-

347 1761 496 1811 uangelii
505 1761 637 1796 exordia
647 1783 657 1798 ,
670 1771 705 1794 vt
713 1761 872 1795 doctrina:
894 1759 1060 1794 accederet
1071 1761 1176 1794 maior
1185 1762 1354 1795 autoritas.
1377 1772 1456 1808 ergo
1467 1773 1536 1806 quo
1546 1759 1686 1808 quisque
1695 1758 1848 1807 pluribus
1861 1759 2029 1797 miraculis
2046 1761 2190 1797 donatus

348 1811 412 1849 fuit
422 1835 432 1851 ‚
455 1824 496 1846 eo
506 1811 610 1858 magis
621 1807 860 1843 confirmatum
876 1806 940 1842 fuit
951 1809 1021 1842 eius
1031 1808 1260 1843 ministerium.
1277 1809 1562 1855 quemadmodum
1574 1808 1702 1845 dictum
1714 1808 1798 1842 estin
1808 1818 1849 1851 15.
1868 1810 1976 1856 capite
1988 1809 2139 1857 Epistolae
2149 1811 2192 1846 ad

346 1863 536 1898 Romanos.

393 1919 422 1953 13
472 1906 563 1959 Qd
577 1904 615 1952 est
626 1909 658 1940 in
667 1909 748 1952 quo.)
797 1907 1014 1954 Exaggeratio
1025 1905 1286 1953 ingratitudinis,
1298 1905 1388 1953 quod
1400 1908 1435 1940 in
1445 1919 1563 1943 eorum
1573 1904 1705 1942 bonum
1715 1903 1921 1942 excelluerat,
1936 1905 2027 1952 quod
2042 1905 2191 1943 fructum

343 1967 557 2007 perceperant
573 1968 612 1990 ex
629 1954 872 2003 approbatione
883 1955 930 1989 sui
948 1954 1162 2002 Apostolatus
1174 1958 1209 1989 &
1228 1965 1340 1989 tamen
1351 1953 1705 2003 pseudoapostolorum
1730 1953 1913 1988 maledietis
1924 1954 2189 1992 assentiebantur.

350 2007 591 2054 Exceptionem
611 2001 739 2038 ironice
750 2003 921 2050 adiungit,
941 2003 1032 2050 quod
1044 2002 1110 2037 illis
1120 2016 1192 2037 non
1212 2001 1318 2037 fuisset
1329 2005 1434 2038 oneri.
1459 2016 1538 2037 nam
1549 2015 1660 2037 tenera
1671 2002 1725 2036 hic
1746 2013 1812 2035 erat
1824 2002 1979 2037 cumulus
1990 2014 2041 2037 tot
2061 2003 2188 2039 benefi-

346 2057 479 2092 ciorum
500 2066 572 2101 quae
584 2051 650 2087 illis
668 2051 874 2100 praestiterat,
893 2052 1039 2099 gratuito
1049 2051 1114 2085 illis
1131 2048 1287 2086 seruiiffe:
1313 2052 1438 2086 strenue
1450 2052 1560 2099 postea
1577 2050 1685 2099 ipsum
1695 2061 1911 2085 contemnere
1930 2077 1939 2091 ‚
1961 2050 2180 2091 vtfacicbant,

344 2104 429 2153 quid
441 2112 507 2137 erat
517 2101 607 2136 aliud
618 2101 677 2135 nisi
687 2101 757 2134 eius
768 2101 931 2134 modestiae
943 2098 1119 2134 insultare?
1140 2100 1173 2133 id
1183 2100 1260 2133 verb
1272 2112 1401 2147 quantae
1412 2113 1478 2134 erat
1488 2100 1742 2134 inhumanitatis
1762 2102 1777 2130 ?
1797 2112 1897 2145 quare
1909 2100 2029 2133 merito
2042 2111 2109 2134 tam
2129 2114 2187 2135 ve-

345 2153 483 2189 cordem
504 2148 690 2198 superbiam
703 2150 818 2183 acriter
827 2149 1027 2196 perstringit.
1077 2151 1103 2181 C
1104 2147 1256 2181 ondonate
1263 2152 1338 2183 mihi
1347 2148 1428 2182 hanc
1436 2151 1580 2182 iniuriam
1593 2174 1602 2188 ‚
1628 2150 1751 2194 inquit.
1769 2147 1825 2180 Bis
1847 2151 1936 2181 enim
1949 2150 2070 2196 ingrati
2080 2161 2184 2189 erant,

345 2202 488 2249 quinon
513 2198 616 2233 modo
638 2210 716 2231 eum
725 2196 988 2233 contemnebant
1006 2222 1016 2237 ,
1036 2199 1131 2231 cuius
1151 2194 1321 2231 beneficiis
1340 2207 1430 2231 erant
1447 2196 1596 2232 obstristi
1617 2209 1625 2230 :
1653 2193 1704 2230 sed
1715 2195 1839 2244 probro
1859 2208 1995 2243 quoque
2015 2196 2187 2235 vertebant

348 2250 400 2284 illi
412 2247 502 2283 suam
515 2245 781 2282 beneficentiam.
807 2244 1064 2290 Chrysostomus
1082 2256 1175 2294 putat
1190 2243 1318 2280 nullam
1330 2247 1473 2279 ironiam
1488 2243 1606 2279 subeffe
1618 2271 1625 2282 ,
1637 2246 1751 2295 potius
1762 2242 1822 2277 effe
1834 2242 2052 2279 excusationis
2074 2246 2186 2282 verba:

346 2296 400 2334 sed
409 2296 508 2344 siquis
518 2297 656 2344 propius
667 2295 826 2343 expendat
836 2305 946 2328 toturn
958 2304 1165 2334 contextum,
1176 2292 1270 2329 facile
1282 2293 1452 2342 perspiciet
1486 2291 1600 2328 lossam
1611 2293 1697 2328 hanc
1711 2292 1852 2327 alienam
1863 2291 1923 2328 eise
1933 2295 2071 2327 amente
2082 2295 2185 2331 Pauli.

402 2357 444 2392 14
489 2348 569 2379 Ecce
590 2345 709 2384 tertio.)
760 2342 986 2377 Commendat
995 2340 1223 2377 factum-suum
1233 2364 1242 2379 ‚
1253 2355 1314 2391 pro
1324 2355 1393 2389 quo
1405 2345 1457 2390 pei
1472 2355 1575 2376 imam
1585 2344 1723 2388 gratiam
1734 2340 1887 2375 retulerat
1896 2341 1919 2376 ὲ,
1936 2342 2135 2377 Corinthiis.
2145 2345 2187 2379 Se

346 2397 441 2429 enim
452 2392 578 2428 duabus
590 2393 630 2426 de
639 2390 740 2426 cautis
757 2391 918 2425 abstinere
925 2391 1006 2424 dicit
1016 2389 1056 2424 ab
1067 2403 1184 2425 eorum
1196 2389 1417 2428 facultatibus,
1429 2391 1522 2437 quod
1533 2403 1588 2424 eos
1603 2401 1734 2436 quaerat,
1745 2401 1815 2423 non
1828 2401 1944 2423 eorum
1955 2401 2035 2437 opes
2050 2392 2187 2429 :deinde

348 2443 440 2490 quod
452 2444 552 2490 patris
562 2439 714 2475 officium
725 2451 800 2487 erga
809 2437 896 2487 ipsos
910 2438 988 2472 velit
1000 2437 1203 2485 facere.hinc
1212 2451 1345 2488 apparet
1354 2451 1456 2486 quam
1467 2439 1596 2473 laudem
1608 2448 1769 2472 mereatur
1779 2439 1848 2471 eius
1863 2437 2031 2476 modestia,
2042 2451 2114 2485 quae
2125 2443 2184 2474 co-

347 2501 515 2539 temptum
527 2488 575 2523 illi
587 2487 732 2537 pariebat
741 2489 827 2536 apud
853 2487 1065 2522 Corinthios.
1117 2488 1159 2521 N
1162 2499 1199 2520 on
1207 2499 1298 2532 quaro
1308 2500 1367 2534 qua
1377 2487 1476 2531 vestra
1479 2487 1560 2531 Jimt.
1610 2488 1687 2520 Veri
1698 2484 1861 2533 probique
1870 2487 2008 2520 Pastoris
2019 2485 2184 2528 officium,

346 2551 418 2575 non
429 2538 562 2573 lucrum
572 2550 610 2571 ex
620 2536 741 2573 ouibus
754 2548 907 2588 quaerete,
916 2532 967 2569 sed
979 2537 1098 2569 ouium
1110 2535 1257 2570 salutem.
1267 2548 1459 2583 quanquam
1467 2534 1654 2570 notandum
1666 2535 1721 2572 est,
1732 2546 1802 2568 non
1813 2536 1858 2567 ita
1865 2535 2058 2580 quaerendos
2067 2533 2126 2571 esse
2137 2537 2184 2572 ho

346 2590 468 2626 mines,
482 2598 516 2620 vt
525 2585 664 2633 quisque
674 2584 748 2619 suos
759 2583 816 2619 libi
826 2581 1005 2632 discipulos
1019 2583 1145 2618 habeat.
1157 2583 1287 2619 Malum
1299 2583 1343 2619 est
1354 2583 1449 2619 lucro
1460 2582 1519 2618 elle
1529 2583 1697 2620 addidtum
1707 2606 1717 2621 ‚
1737 2593 1793 2616 aut
1802 2583 1940 2629 quaestus
1952 2581 2093 2618 faciendi
2103 2598 2177 2619 cau-

347 2635 391 2675 sa,
402 2635 540 2669 Pastoris
551 2646 674 2669 munus
682 2631 778 2667 obire
789 2646 796 2667 :
807 2631 859 2667 sed
867 2632 1044 2680 discipulos
1055 2631 1214 2667 abducere
1224 2632 1297 2680 post
1308 2631 1337 2667 se
1352 2632 1546 2668 ambitionis
1560 2630 1663 2668 causa,
1674 2629 1784 2666 'multo
1794 2632 1898 2678 peius.
1909 2642 1941 2664 at
1951 2630 2071 2666 Paulus
2082 2633 2183 2668 intel-

349 2684 425 2732 ligit
437 2683 621 2718 mercedem
632 2680 661 2716 se
680 2694 750 2716 non
762 2692 890 2729 captare
903 2703 912 2718 ‚
924 2678 975 2715 sed
986 2681 1025 2714 de
1035 2685 1223 2715 animarum
1234 2679 1334 2715 salute
1344 2681 1501 2716 duntaxat
1519 2677 1579 2714 effe
1590 2675 1768 2713 solicitum.
1781 2678 1854 2726 plus
1867 2689 1978 2713 tamen
1992 2677 2114 2727 leporis
2125 2681 2185 2716 ha-

346 2731 404 2768 bet
416 2732 505 2778 quod
515 2732 605 2765 dicit:
617 2729 702 2764 valet
713 2732 803 2763 enim
813 2729 948 2777 perinde
958 2727 1019 2763 acsi
1028 2727 1152 2763 dixiss'ec
1161 2752 1170 2765 ‚
1181 2731 1252 2777 Ego
1264 2729 1463 2777 ampliorem
1475 2729 1657 2763 mercedem
1670 2728 1770 2774 quam
1781 2728 1902 2774 putetis
1913 2749 1922 2763 ‚
1934 2730 2067 2773 requiro
2079 2743 2087 2760 :
2108 2743 2181 2768 non

351 2780 424 2816 sum
431 2778 554 2828 opibus
565 2779 676 2813 vestris
688 2790 867 2812 contentus
877 2801 887 2815 ,
898 2777 949 2811 sed
959 2790 1018 2811 vos
1028 2790 1140 2824 quaero
1150 2788 1240 2812 totos
1251 2800 1261 2814 ,
1279 2788 1314 2811 vt
1326 2776 1519 2812 sacrificium
1530 2789 1567 2810 ex
1578 2777 1750 2811 ministerii
1765 2776 1829 2809 mei
1839 2786 2004 2822 prouentu
2024 2778 2180 2814 Domino

351 2828 502 2865 offeram.
512 2827 608 2873 Qd
619 2838 727 2861 autem
739 2825 837 2874 siquis
848 2839 885 2860 ex
895 2825 1006 2860 labore
1017 2824 1074 2861 suo
1083 2823 1228 2874 pascatur
1237 2827 1251 2858 ?
1260 2838 1302 2860 an
1314 2824 1369 2859 ille
1383 2837 1504 2871 quaeret
1515 2823 1634 2872 populi
1645 2823 1854 2859 substantiam
1868 2825 1881 2855 ?
1891 2824 1978 2858 certe
1987 2822 2008 2857 si
2021 2823 2124 2860 fidelis
2136 2828 2181 2863 est

353 2875 465 2913 Pastor
475 2903 485 2916 ,
502 2873 625 2922 semper
635 2877 752 2909 ouium
777 2874 913 2909 salutem
925 2885 1046 2922 quaeret
1056 2897 1066 2912 ,
1084 2887 1155 2908 non
1165 2872 1266 2908 aliud.
1276 2874 1476 2921 stipendium
1488 2874 1622 2920 quidem
1641 2869 2005 2916 acceffioeritzsednon
2018 2872 2078 2907 nifi
2103 2887 2181 2912 eum

315 2922 318 2925 ¹
351 2939 455 2974 quem
465 2925 531 2958 dixi
542 2921 677 2971 scopum
694 2921 834 2970 speetatc
844 2921 950 2957 deber.
968 2935 1014 2957 vae
1024 2921 1091 2957 alib
1102 2920 1364 2956 collimantibus.
1408 2925 1553 2955 Parentes
1562 2922 1662 2953 filus.
1700 2922 1786 2968 Ergo
1797 2922 1964 2966 paternon
1978 2932 2042 2954 etat
2052 2921 2180 2971 Philip-

354 2972 517 3023 pensium,
528 2984 672 3018 quicum
687 2972 784 3004 etiam
795 2969 962 3005 absentem
971 2969 1120 3007 alebant?
1131 2983 1210 3020 ergo
1220 2983 1257 3005 ex
1267 2969 1403 3016 reliquis
1412 2967 1584 3017 Apostolis
1596 2967 1707 3002 nullus
1718 2978 1784 3001 erat
1796 2978 1886 3014 pater
1896 2994 1906 3007 ‚
1919 2967 2041 3014 quibus
2051 2973 2180 3006 vio'cum

354 3020 584 3059 ministrabant
594 3018 762 3053 Ecclefiae?
783 3019 1005 3065 Nequaquam
1017 3022 1049 3053 id
1059 3019 1187 3053 voluit:
1205 3030 1285 3053 nam
1297 3022 1329 3053 δι
1341 3029 1491 3065 patentes
1502 3019 1537 3050 in
1547 3015 1715 3052 stneeiute
1726 3014 1796 3049 alia
1809 3013 1884 3049 filiis
1896 3029 1965 3050 non
1977 3018 2020 3051 cst
2030 3031 2173 3062 nouum.

353 3085 425 3107 non
437 3082 516 3117 ergo
531 3070 685 3117 protinus
697 3068 826 3114 indigni
837 3078 967 3114 patrum
977 3066 1119 3105 honore,
1129 3069 1235 3114 quiex
1244 3065 1390 3102 Eccleiiae
1401 3063 1586 3113 sumptibus
1600 3066 1729 3099 viuunt:
1739 3062 1788 3097 sed
1800 3063 1919 3099 Paulus
1937 3065 2064 3100 tantum
2077 3080 2113 3102 ex
2123 3071 2182 3102 co-

348 3121 450 3155 muni
461 3128 583 3153 naturae
594 3115 664 3163 lege
676 3116 844 3149 ostendere
854 3114 977 3153 voluit,
997 3118 1176 3163 prouenire
1190 3127 1226 3149 ex
1239 3125 1376 3163 paterno
1396 3111 1512 3148 affeetu
1524 3113 1614 3160 quod
1626 3111 1750 3147 fecerat.
1770 3113 1884 3157 Qare
1895 3126 1966 3149 non
1978 3113 2073 3149 debet
2083 3128 2182 3163 argu-

352 3179 505 3202 mentum
516 3166 626 3200 hocin
637 3166 835 3199 contrariam
847 3173 974 3211 partem
983 3166 1177 3211 retorqueri.
1196 3164 1285 3199 Fecit
1299 3165 1389 3199 enim
1401 3162 1465 3197 hoc
1476 3173 1633 3209 tanquam
1644 3171 1733 3209 pater
1743 3174 1751 3194 t
1763 3159 1815 3194 sed
1824 3160 1917 3196 aliter
1926 3163 2055 3209 agendo
2064 3186 2074 3200 ‚
2091 3171 2181 3211 pater

351 3214 410 3250 effe
423 3228 491 3249 non
502 3209 648 3248 desiisset.

403 3272 431 3306 ις
483 3264 542 3309 Ego
553 3257 624 3295 verb
635 3256 819 3306 libentiffimz
827 3257 1036 3309 impendam.)
1086 3261 1165 3294 Hoc
1175 3259 1254 3295 verb
1265 3261 1398 3308 pietatis
1411 3261 1515 3306 magis
1525 3258 1624 3304 quam
1636 3268 1776 3304 paternae
1785 3258 2125 3305 testimonium,qubd
2136 3261 2182 3294 116

351 3308 441 3344 suam
452 3323 587 3357 operam
600 3310 702 3344 modo
716 3313 748 3343 διε
761 3308 922 3355 quicquid
931 3306 1028 3341 habet
1039 3306 1202 3342 facultatis
1212 3308 1403 3355 impendere
1415 3318 1544 3354 paratus
1556 3306 1600 3340 est
1610 3316 1684 3353 erga
1695 3319 1763 3346 eos,
1774 3306 1825 3341 sed
1835 3309 1937 3342 vitam
1948 3319 2083 3355 quoque
2093 3319 2099 3339 :
2110 3308 2181 3341 imo

352 3371 457 3407 quum
471 3358 586 3406 frigide
596 3360 772 3399 ametut,in
784 3357 848 3395 boc
859 3355 1085 3395 nihilominus
1095 3355 1212 3392 εἰῇ-εἶα
1222 3367 1344 3406 pergat.
1356 3358 1470 3404 Qun
1481 3353 1532 3391 vel
1543 3353 1635 3389 ferrei
1647 3357 1792 3405 pecieris
1801 3356 1957 3391 duritiem
1967 3358 2011 3391 116
2021 3353 2184 3400 emolliat,

2128 3415 2186 3443 aut
