2268 3705
338 113 402 161 ἠε
818 79 1621 153 ,ΙΝΕΡΙςἹϊΡΑνιῑ

337 174 480 216 nomine
491 175 589 212 multi
601 170 795 225 intelligunt
807 189 863 210 eos
875 179 934 222 qui
945 175 1116 224 pollebant
1126 175 1217 208 dono
1231 174 1434 206 vaticinandi
1453 173 1492 206 de
1503 173 1599 206 rebus
1619 170 1757 206 futuris:
1774 170 1881 219 qualis
1894 170 1958 207 fuit
1969 172 2113 220 Agabus.
2133 176 2179 209 E„

339 241 384 276 go
394 251 404 265 ,
417 227 579 274 quoniam
590 225 645 260 hic
655 228 762 273 agitur
773 226 811 259 de
823 226 976 260 doetrina
987 248 997 262 ‚
1018 222 1108 258 malo
1119 224 1325 267 interpretari
1336 221 1620 266 quemadmodum
1639 231 1690 264 14.
1704 223 1824 268 prioris
1835 223 1876 254 ad
1887 222 2086 266 Corinthios
2096 249 2106 264 ,
2120 236 2181 271 pro

340 279 472 311 eximiis
485 274 606 309 scilicet
617 274 868 322 prophetiarum
896 271 1131 320 interpretibus
1140 296 1150 310 ,
1161 281 1195 302 vt
1206 271 1305 303 casin
1316 281 1385 302 rem
1410 269 1598 316 praesentem
1611 291 1620 304 ‚
1640 268 1793 315 singulari
1805 270 1951 315 quodam
1969 270 2182 306 reuelationis

343 325 436 359 dono
447 324 755 358 accommodarent:
785 321 826 356 sic
839 333 950 354 tamen
963 332 996 354 vt
1009 321 1138 353 donum
1159 317 1383 354 vaticinandi,
1399 329 1563 363 quatenus
1580 317 1738 351 dolitrinae
1757 330 1924 351 annexum
1936 329 2002 351 erat
2014 342 2023 355 ,
2037 331 2106 353 non
2127 334 2182 354 cx-

342 372 487 408 cludam.
507 373 566 406 Per
582 373 726 405 DoHores
739 374 772 404 &
783 367 917 411 Pastores
928 380 1033 401 vnum
1045 365 1197 400 officium
1208 366 1282 399 ideo
1298 365 1456 413 designari
1476 366 1608 410 quidam
1622 376 1759 411 putant,
1782 369 1861 412 quia
1871 365 2070 401 difiunffiua
2080 371 2181 414 parti-

342 420 417 455 cula
426 444 436 458 ‚
446 420 730 467 quemadmodum
742 421 775 451 in
788 415 964 463 prioribus,
976 428 1046 449 non
1058 414 1206 450 habetur,
1218 426 1289 459 quae
1301 414 1439 448 alterum
1453 412 1493 446 ab
1503 412 1605 446 altero
1621 412 1789 448 discernat.
1811 427 1876 460 qua
1891 417 1925 448 in
1937 412 2096 449 sententia
2109 415 2183 450 sunt

343 468 601 515 Chrysostomus
613 471 645 501 &
658 466 873 512 Augustinus.
884 464 973 498 Nam
985 477 1057 510 quae
1068 465 1102 496 in
1113 464 1363 496 commentariis
1375 459 1600 494 Ambroiianis
1610 460 1778 507 leguntur,
1793 465 1895 496 nimis
1906 463 2048 510 puerilia
2061 461 2136 497 sunt
2148 468 2184 499 δε

342 519 483 564 indigna
497 513 680 550 Ambrosio.
702 516 739 547 Et
753 511 818 546 illis
828 513 964 558 quidem
976 525 1013 545 ex
1023 523 1114 559 parte
1123 509 1289 544 subscribo
1300 534 1310 547 ‚
1328 509 1468 543 Paulum
1479 509 1516 542 de
1526 509 1711 543 Pastoribus
1732 513 1764 544 ἃ
1776 511 1985 546 Βοέὶοῑὼιιε
1995 510 2182 559 promiscue

333 559 453 612 loqui,
464 563 524 598 acsi
537 576 619 597 vnus
631 560 787 607 idemque
799 560 872 594 eiset
884 561 976 594 ordo:
989 572 1097 606 neque
1107 561 1205 592 etiam
1219 571 1306 605 nego
1319 559 1478 592 Doctoris
1488 570 1615 591 nomen
1626 560 1660 591 in
1672 570 1790 592 omnes
1817 560 1962 593 Pastores
1976 561 2185 606 aliquatenus

346 624 545 661 competere.
557 612 670 644 vetum
683 612 767 643 ratio
782 607 837 642 illa
852 622 904 642 me
915 622 985 643 non
995 618 1119 646 mouet,
1134 618 1169 641 vt
1180 608 1247 640 duo
1261 607 1327 640 hae:
1340 605 1545 639 confundam
1557 618 1629 651 quae
1642 607 1737 639 video
1749 608 1835 640 inter
1846 606 1874 640 se
1884 604 2019 641 differre.
2040 608 2185 643 Tametfi

350 666 443 697 enim
454 663 607 695 omnium
619 658 791 692 Pastorum
803 658 843 691 est
855 657 980 691 docere:
993 655 1156 704 peculiare
1167 666 1278 689 tamen
1290 655 1332 688 est
1345 654 1474 695 donum
1484 654 1733 700 interpretandae
1744 651 1928 703 Seriprurae,
1938 667 1973 690 vt
1985 656 2184 702 dogmatum
2266 651 2268 684 i

347 710 464 744 sanitas
484 710 672 742 retineatur.
696 710 728 740 &
737 705 871 740 'Doctor
879 704 999 751 aliquis
1012 702 1071 738 esse
1087 705 1209 751 poterit
1218 727 1229 741 ,
1249 704 1308 749 qui
1319 714 1430 736 tamen
1441 704 1676 736 concionando
1686 715 1756 736 non
1769 706 1830 736 erit
1841 703 2018 751 appositus.
2041 706 2186 739 Pastores
2226 715 2249 743 ..p

347 770 426 804 ergo
439 754 511 790 sunt
530 779 540 795 ,
552 768 628 789 meo
640 755 765 789 iudicio
776 777 786 792 ‚
799 753 919 800 quibus
931 755 1010 787 certi
1021 754 1128 800 gregis
1140 764 1217 786 cura
1228 751 1400 786 commiffa
1413 752 1476 784 est:
1495 750 1617 797 quibus
1627 752 1817 785 Doctorum
1830 765 1956 786 nornen
1965 751 2102 788 attribui
2113 766 2186 788 non

347 805 510 852 displicet,
523 804 624 838 modo
638 805 772 838 interim
785 800 922 836 sciamus
932 801 1072 835 alterum
1083 799 1142 834 effe
1150 801 1341 834 Doctorum
1353 812 1456 846 genus
1472 823 1483 836 ‚
1504 801 1562 844 qui
1574 810 1640 832 tam
1651 797 1834 833 formandis
1846 799 2030 834 Pastoribus
2040 801 2141 847 quam
2152 815 2186 836 e-
2231 800 2240 838 ¹.

346 853 513 887 rudiendae
524 854 588 887 toti
598 850 747 886 Ecclesia:
762 848 910 897 praesunt.
924 863 994 884 non
1006 852 1090 896 quin
1103 849 1190 883 idern
1205 849 1370 882 interdum
1382 848 1491 881 Pasior
1503 846 1562 880 effe
1586 858 1683 893 queat
1692 850 1750 893 qui
1762 849 1897 882 Βοᾶοι·
1908 849 1970 882 est:
1985 848 2036 882 sed
2046 851 2124 894 quia
2139 848 2188 884 fa.-

346 901 484 937 cultates
497 899 570 935 sunt
584 897 724 934 diuersae.
741 899 939 932 Notandum
950 909 1100 944 praeterea
1110 898 1165 934 est,
1176 910 1213 931 ex
1223 894 1343 930 officiis
1355 909 1426 942 quae
1436 895 1490 930 hic
1501 907 1672 929 enumerat
1681 895 1800 930 Paulus
1809 919 1818 933 ‚
1831 898 1994 943 postrema
2003 898 2106 931 tatum
2117 898 2188 933 duo
2236 925 2239 928 .

347 950 510 1002 perpetuo
521 947 590 983 effe.
610 961 684 982 nam
698 949 788 981 Deus
799 945 982 992 Apostohs,
995 944 1212 992 Euangelistis
1225 949 1258 979 8<
1268 944 1441 991 Prophetis
1450 943 1623 978 Ecclesiam
1635 942 1724 978 suam
1738 943 1871 978 nonnisi
1894 946 1932 978 ad
1945 956 2076 993 tempus
2087 958 2188 992 orna·

350 1010 412 1034 uit:
425 1001 484 1032 nili
497 1000 574 1044 quia
585 996 639 1031 vbi
650 993 777 1042 colapsa
795 994 837 1027 est
847 995 976 1040 religio,
987 993 1212 1040 Euangelistas
1224 1004 1310 1026 extra
1321 993 1471 1026 ordinem
1484 995 1613 1029 excitat,
1625 994 1683 1038 qui
1695 1005 1811 1039 puram
1822 993 2010 1028 doitrinam
2021 993 2190 1041 postlimi-

350 1049 410 1082 nio
423 1049 458 1080 in
473 1046 582 1080 lucem
592 1054 759 1078 reuocent.
772 1044 850 1077 Sine
859 1041 1045 1076 Pastoribus
1060 1053 1171 1075 autem
1191 1045 1224 1074 ὃ(
1238 1040 1446 1074 Βοέὶοῑὼυε
1456 1039 1588 1074 nullum
1597 1041 1704 1087 potest
1714 1039 1773 1074 effe
1784 1040 1930 1075 Ecclefiae
1940 1044 2188 1088 regimen.Por—

348 1096 386 1129 ro
409 1094 530 1129 habent
547 1093 677 1139 Papistae
690 1103 747 1125 cur
758 1102 1018 1136 conquerantur,
1027 1087 1120 1122 suum
1133 1091 1314 1136 primatum
1326 1101 1426 1133 quem
1439 1090 1560 1122 iactant
1572 1114 1580 1124 ‚
1602 1088 1656 1122 hic
1666 1087 1821 1123 affectum
1835 1089 1894 1123 effe
1905 1092 1998 1136 graui
2007 1102 2188 1126 contum&

349 1143 402 1177 lia.
417 1143 481 1176 Hic
491 1139 666 1188 disputatio
679 1140 722 1173 est
733 1140 771 1172 de
784 1140 919 1172 vnitate:
940 1137 1071 1184 colligit
1085 1135 1206 1171 Paulus
1219 1149 1290 1170 non
1303 1134 1411 1169 causas
1423 1136 1525 1169 modo
1536 1148 1607 1181 quae
1620 1149 1691 1170 eam
1702 1139 1786 1170 inter
1799 1151 1860 1171 nos
1873 1137 2043 1172 stabiliunt
2054 1163 2064 1176 ‚
2091 1137 2143 1173 sed
2153 1152 2194 1174 e-‘

349 1194 431 1226 tiam
443 1188 589 1235 symbola
601 1187 721 1234 quibus
734 1186 1013 1221 fouetur.tandem
1024 1188 1115 1219 venit
1125 1185 1164 1219 ad
1174 1183 1322 1219 Ecclefiae
1333 1186 1492 1231 regimen.
1503 1184 1535 1219 Si
1545 1186 1725 1231 primatum
1738 1184 1884 1231 aliquem
1897 1189 1995 1221 vnius
2007 1185 2088 1222 sedis
2098 1200 2188 1235 agno

348 1239 446 1274 sceret
464 1252 470 1271 :
484 1238 597 1275 nonne
607 1233 716 1269 afferre
728 1238 761 1269 in
780 1236 925 1269 medium
939 1233 1071 1273 debuit,
1091 1246 1197 1268 vnum
1207 1244 1305 1280 caput
1317 1231 1526 1266 ministeriale
1537 1231 1694 1266 membris
1707 1232 1865 1267 omnibus
1877 1234 2081 1282 praefet‘ltum,
2093 1238 2190 1270 cuius
2218 1266 2221 1269 Α

348 1285 500 1334 auspiciis
512 1289 547 1319 in
562 1287 722 1319 vnitatem
736 1282 935 1330 colligamur
949 1290 958 1315 Ξ
980 1282 1079 1316 Certe.
1090 1293 1146 1316 aut
1156 1281 1248 1315 Pauli
1259 1280 1390 1315 obliuio
1401 1278 1542 1314 excusari
1553 1283 1671 1326 nequit
1681 1304 1690 1317 ‚
1710 1284 1769 1327 qui
1779 1283 2005 1329 imprudenter
2015 1284 2105 1330 quod
2116 1297 2187 1319 ma..⁴
2231 1279 2248 1305 Ἀ

347 1334 436 1369 xime
447 1333 635 1382 appositum
647 1344 711 1366 erat
729 1356 739 1370 ,
750 1332 899 1377 adeoque
910 1333 1114 1378 praecipuum
1128 1333 1162 1364 in
1173 1330 1266 1364 causa
1276 1353 1286 1367 ‚
1297 1328 1557 1377 praetermiserit:
1573 1340 1628 1362 aut
1638 1328 1809 1369 latendum
1822 1331 1866 1364 est
1883 1343 1954 1364 rem
1965 1330 2025 1365 eise
2035 1333 2053 1366 a
2064 1332 2189 1367 Christi

347 1384 557 1417 institutione
570 1380 722 1415 alienam.
734 1381 804 1413 imo
817 1380 924 1427 aperte
938 1378 1094 1414 fustinum
1106 1379 1196 1412 hunc
1208 1381 1388 1425 primatum
1400 1381 1535 1414 euertit,
1555 1389 1660 1423 quum
1673 1380 1731 1411 vni
1754 1378 1888 1412 Christo
1899 1381 2116 1414 eminentiam
2129 1383 2189 1416 tri·

347 1431 454 1466 buens
464 1455 473 1468 ,
486 1428 665 1477 Apostolos
677 1433 709 1463 ὃ(
721 1428 864 1462 Pastores
876 1426 1045 1462 vniuersos
1056 1429 1101 1461 ita
1112 1426 1162 1461 illi
1173 1425 1305 1460 subiicit
1316 1450 1324 1464 ,
1336 1438 1370 1459 vt
1390 1428 1472 1460 inter
1484 1424 1511 1460 se
1524 1424 1730 1472 collegaesint
1745 1430 1779 1460 δε
1793 1425 1882 1461 socii.
1901 1427 2026 1462 Nullus
2038 1441 2119 1476 ergo
2137 1429 2191 1464 Io-

347 1490 405 1514 cus
418 1479 505 1513 estin
516 1479 681 1525 Scriptura
693 1479 749 1524 qui
761 1480 966 1523 tyrannicam
976 1474 1067 1509 illam
1087 1475 1302 1511 hierarchiam
1317 1501 1327 1518 ,
1341 1477 1374 1510 in
1386 1487 1450 1523 qua
1461 1486 1564 1508 vnum
1577 1485 1744 1507 terrenum
1764 1486 1862 1522 caput
1872 1477 2085 1510 constituitur
2094 1500 2104 1514 ,
2118 1476 2188 1512 fot-

347 1529 411 1562 tius
426 1539 559 1561 euertat.
585 1525 727 1560 Paulum
741 1537 876 1572 quoque
895 1524 1051 1570 sequutus
1063 1525 1250 1571 Cyprianus
1260 1547 1270 1560 ,
1289 1536 1360 1569 quae
1370 1523 1520 1569 legitima
1531 1521 1567 1555 iit
1591 1521 1737 1556 Ecclesiae
1749 1525 1943 1558 monarchia
1953 1549 1963 1562 ,
1981 1523 2127 1558 breuiter
2153 1530 2192 1560 &c
2234 1562 2238 1569 ¹

346 1575 499 1625 praeclare
518 1573 645 1609 definit.
666 1576 758 1608 Vnus
769 1596 779 1610 ‚
792 1575 918 1619 inquit,
942 1572 985 1606 est
993 1569 1208 1619 Episcopatus
1220 1597 1230 1609 ,
1249 1575 1342 1606 cuius
1354 1572 1371 1605 a
1399 1570 1535 1618 lingulis
1547 1572 1582 1606 in
1600 1569 1740 1604 solidum
1752 1583 1824 1618 pars
1837 1583 1977 1607 tenetur.
2005 1571 2190 1621 Episcopa-

349 1636 423 1659 tum
436 1626 494 1658 vni
508 1623 642 1658 Christo
658 1622 819 1656 vendicat:
832 1624 868 1655 in
878 1635 918 1656 eo
932 1620 1192 1656 administrando
1199 1631 1326 1668 partem
1336 1619 1472 1667 lingulis
1486 1617 1634 1666 assignat,
1646 1623 1679 1653 δι
1703 1620 1839 1665 quidem
1855 1623 1890 1656 in
1901 1619 2061 1662 solidum,
2071 1624 2190 1669 nequis

346 1670 442 1720 supra
456 1672 539 1706 alios
552 1669 580 1705 se
596 1669 742 1704 extollat.
1601 1705 1603 1708 ,

397 1732 430 1754 12
475 1719 534 1754 Ad
541 1717 806 1762 instaurationem.)
857 1719 933 1767 Ego
947 1721 982 1754 in
993 1717 1139 1754 versione
1147 1716 1316 1753 Erasmum
1330 1717 1486 1765 sequutus
1498 1715 1568 1751 sum
1583 1729 1672 1751 :non
1681 1719 1758 1763 quia
1768 1717 1899 1765 prorsus
1909 1720 1978 1753 eius
1989 1721 2110 1767 opinio
2121 1721 2189 1753 mi·-

346 1769 385 1804 hi
396 1768 545 1816 placeret,
558 1766 672 1801 verum
682 1778 715 1801 vt
735 1766 915 1803 lectoribus
925 1767 1044 1815 eligere
1054 1767 1151 1801 liceat
1162 1768 1251 1813 quod
1262 1767 1405 1801 maxime
1415 1765 1640 1814 probauerint‚
1652 1764 1708 1803 vbi
1717 1765 1807 1800 illius
1819 1766 2000 1802 versionem
2015 1780 2093 1803 curn
2105 1766 2190 1802 Vul-

347 1821 419 1865 gari
431 1821 462 1851 &
475 1829 553 1851 cum
564 1829 636 1850 mea
646 1815 859 1850 contulerint.
878 1818 981 1850 Vetus
992 1819 1152 1863 interpres
1163 1814 1261 1849 habet
1271 1839 1281 1853 ,
1294 1814 1644 1850 consummationem:
1658 1814 1769 1849 Gtaece
1778 1817 1865 1862 apud
1875 1814 2014 1850 Paulum
2024 1817 2068 1851 est
2076 1829 2186 1858 κατειρ-

348 1864 452 1907 ῡτισμές
464 1892 474 1905 ,
495 1865 588 1911 quod
598 1864 800 1899 vocabulum
813 1863 972 1911 fignificat
990 1865 1251 1911 Coaptationem
1262 1875 1371 1897 rerum
1383 1866 1418 1897 in
1433 1862 1554 1911 quibus
1564 1862 1659 1896 debet
1669 1860 1729 1896 effe
1738 1862 1926 1908 symmetria
1938 1867 1972 1898 ὃς
1998 1867 2188 1912 proportio,

350 1914 638 1962 quemadmodum
650 1915 687 1947 in
698 1913 847 1946 humano
860 1924 1000 1959 corpore
1017 1911 1068 1947 est
1079 1913 1161 1946 iusta
1175 1916 1209 1947 ὃς
1218 1911 1304 1946 bene
1325 1912 1445 1959 digesta
1457 1910 1685 1945 membrorum
1704 1914 1965 1959 coagmentatio.
1985 1914 2072 1947 vnde
2082 1916 2184 1947 etiarn

349 1976 412 2012 pro
427 1961 630 2011 perfectione
639 1959 787 1995 sumitur.
811 1961 872 1995 Sed
884 1962 1046 2006 quoniam
1059 1959 1114 1995 h'ic
1123 1960 1243 1994 Paulus
1256 1959 1375 1994 statum
1406 1959 1490 1994 bene
1499 1963 1533 1993 δε
1546 1960 1662 1994 ordine
1673 1959 1898 2007 compofitum
1911 1961 2054 1994 indicare
2066 1960 2186 1996 voluit:

351 2012 437 2046 mihi
450 2012 553 2057 magis
566 2009 723 2057 probatur
734 2009 952 2043 Constitutio.
963 2009 1052 2042 Nam
1064 2009 1179 2042 dicunt
1188 2010 1321 2056 proprie
1332 2009 1455 2046 Latini,
1465 2009 1623 2042 constitui
1636 2010 1757 2055 Rei-rip.
1768 2019 1824 2042 aut
1837 2020 2049 2055 regnum‚aut
2058 2012 2186 2056 prouin

350 2062 449 2097 ciam,
463 2071 569 2106 quum
585 2070 622 2091 ex
633 2055 842 2104 diffipatione
852 2059 968 2090 omnia
979 2058 1014 2090 in
1023 2059 1148 2091 re&um
1159 2055 1394 2103 &legitimum
1406 2057 1522 2090 statum
1531 2056 1656 2090 restitui
1666 2059 1844 2103 contingit.
1888 2059 1929 2095 lp
1938 2068 2012 2106 opus
2021 2057 2185 2099 manasterii.

349 2109 442 2142 Deus
453 2108 592 2153 quidem
603 2118 659 2153 per
669 2103 697 2140 se
708 2106 773 2140 hoc
787 2105 946 2152 praestaret
955 2104 978 2139 si
989 2104 1087 2139 vellet
1102 2103 1173 2138 :sed
1184 2105 1241 2138 has
1250 2111 1359 2151 partes'
1367 2104 1548 2138 hominum
1560 2105 1743 2139 ministerio
1756 2106 1930 2152 delegauit.
1953 2106 2097 2139 Proinde
2117 2105 2184 2140 hoc

349 2159 423 2190 vice
434 2157 664 2202 occupationis
676 2154 720 2187 est
729 2154 896 2188 additum:
932 2157 1050 2199 nequis
1061 2152 1224 2200 obstrepat
1233 2179 1245 2192 ‚
1254 2155 1307 2187 An
1318 2166 1387 2187 non
1398 2153 1502 2199 potest
1512 2152 1650 2186 Ecclesia
1661 2154 1818 2187 constitui
1830 2158 1863 2187 ὃς
1875 2155 1936 2186 rite
1946 2154 2112 2194 ordinari,
2125 2152 2187 2187 nisi

350 2204 532 2239 hominum
544 2210 662 2250 opera?
673 2203 814 2248 Requiri
832 2202 1051 2236 ministerium
1062 2201 1184 2235 Paulus
1193 2201 1300 2238 docet,
1313 2204 1372 2247 qui
1387 2203 1430 2235 ita
1441 2200 1547 2247 placet
1557 2202 1643 2234 Deo.
1656 2202 1720 2234 Pro
1731 2215 1770 2235 eo
1783 2202 1874 2248 quod
1882 2202 2023 2239 dixerat,
2045 2200 2183 2236 Consti-

350 2255 520 2287 tutionem
533 2250 735 2288 sanctorum,
748 2262 827 2284 mox
839 2247 1021 2296 subiungit,
1033 2248 1287 2295 Aedficationem
1298 2251 1426 2298 corporis
1437 2251 1462 2281 C
1465 2248 1548 2292 hristi
1561 2272 1571 2286 ‚
1583 2249 1700 2283 eodem
1711 2247 1811 2284 sensu.
1822 2262 1900 2284 nam
1913 2248 1969 2282 illa
1979 2250 2023 2283 est
2032 2246 2184 2298 legitima

351 2301 461 2335 nostra
473 2301 642 2346 integritas
654 2303 686 2333 ὃ(
698 2296 855 2346 perfectio
867 2322 877 2336 ‚
899 2296 921 2331 si
932 2296 1153 2333 coalescamus
1163 2311 1281 2332 omnes
1292 2300 1326 2332 in
1339 2310 1443 2332 vnum
1457 2298 1579 2332 Christi
1591 2309 1720 2344 corpus.
1734 2299 1818 2331 Non
1829 2299 1941 2345 pot'uit
1952 2297 2181 2332 honorificen-

353 2348 417 2383 tius
431 2347 529 2382 Verbi
544 2348 761 2381 ministerium
774 2347 1122 2393 commendare,quain
1135 2347 1214 2381 dum
1227 2346 1318 2381 hunc
1328 2345 1377 2379 illi
1388 2344 1542 2380 effetSrurn
1552 2345 1679 2379 tribuit.
1692 2347 1785 2390 Qid
1795 2348 1884 2379 enim
1897 2347 2072 2393 praestitius
2083 2348 2185 2393 quam

353 2397 510 2432 constitui
523 2396 646 2430 Christi
655 2393 829 2429 Ecclesiam
842 2417 852 2431 ,
881 2405 917 2428 vt
926 2395 1007 2428 iusta
1016 2394 1071 2429 sua
1082 2399 1116 2429 δε
1127 2393 1270 2442 perfecta
1281 2397 1468 2441 integritate
1479 2395 1627 2428 constet?
1644 2397 1737 2440 atqui
1746 2404 1813 2427 tam
1826 2393 2016 2441 praeclarum
2029 2407 2114 2442 opus
2145 2398 2180 2429 δέ

351 2446 520 2479 Diuinuin
532 2470 542 2484 ‚
565 2455 700 2478 externo
712 2442 811 2476 Verbi
822 2441 1007 2476 ministerio
1014 2441 1127 2490 perfici
1146 2442 1326 2489 Apostolus
1337 2442 1391 2476 hic
1404 2443 1564 2489 praedicat.
1594 2443 1688 2476 Vnde
1698 2453 1754 2475 eos
1765 2441 1906 2476 insanire
1915 2442 2025 2490 palam
2035 2443 2079 2476 est
2091 2469 2101 2483 ‚
2122 2445 2184 2489 qui

354 2495 517 2539 praeterito
529 2492 594 2527 hoc
607 2493 719 2525 medio
732 2489 805 2524 sein
816 2491 949 2526 Christo
971 2490 1133 2538 perse-Etos
1144 2490 1214 2525 fore
1223 2490 1359 2538 sperant.
1374 2487 1560 2525 cuiusmodi
1571 2488 1644 2524 sunt
1653 2489 1807 2528 fanatici,
1828 2493 1887 2537 qui
1898 2503 2028 2525 arcanas
2038 2492 2181 2538 Spiritus

354 2539 572 2575 reuelationes
586 2539 642 2574 sibi
652 2538 802 2586 fingunt:
816 2542 849 2573 &
862 2538 1002 2586 superbi,
1012 2542 1070 2586 qui
1080 2542 1242 2587 priuatam
1252 2541 1425 2586 Scripturae
1436 2537 1614 2573 lectionem
1625 2535 1770 2572 sufficere
1780 2538 1838 2573 sibi
1849 2550 2016 2586 putant‚vt
2027 2539 2114 2573 nihil
2126 2542 2180 2573 in-

354 2588 487 2635 digeant
497 2591 673 2623 communi
683 2586 828 2622 Ecclesiae
840 2588 1033 2621 ministerio.
1044 2588 1133 2622 Nam
1146 2587 1167 2621 fi
1178 2587 1324 2621 Ecclefiae
1333 2585 1507 2621 aedificatio
1517 2587 1535 2621 ‘a
1545 2585 1615 2620 solo
1625 2587 1757 2620 Christo
1768 2588 1821 2621 est:
1833 2586 1932 2634 ipsius
1942 2590 2041 2621 etiam
2051 2586 2125 2623 sane
2135 2587 2180 2622 est

355 2634 558 2684 praescribere
569 2649 668 2683 quam
679 2634 859 2670 aedificandi
871 2639 1035 2669 rationem
1047 2634 1106 2669 effe
1121 2635 1210 2671 velit.
1230 2635 1350 2670 Paulus
1361 2647 1471 2670 autem
1482 2635 1591 2682 aperte
1611 2635 1666 2669 hic
1675 2635 1807 2669 testatur
1817 2661 1828 2675 ,
1838 2648 1908 2669 non
1920 2633 1986 2669 alio
1998 2636 2100 2670 modo
2110 2662 2121 2676 ‚
2133 2634 2180 2670 se-

355 2685 503 2718 cundum
517 2684 637 2720 Christi
651 2683 884 2731 praescriptum,
895 2686 954 2718 rite
963 2686 1188 2731 coagmentari
1199 2697 1260 2718 nos
1272 2688 1305 2719 δε
1317 2683 1447 2728 perfici,
1459 2685 1558 2730 quam
1569 2695 1626 2731 per
1637 2695 1800 2717 externam
1814 2683 2178 2729 praedicationem,dum

383 2745 415 2765 et
436 2731 589 2766 homines
600 2735 742 2779 patimur
760 2745 820 2765 nos
834 2734 901 2778 regi
911 2744 947 2766 ac
964 2732 1087 2766 doceri.
1110 2734 1189 2767 Haec
1198 2730 1387 2766 vniuersalis
1399 2731 1443 2766 est
1454 2731 1566 2779 regula
1575 2755 1585 2769 ‚
1596 2744 1667 2777 quae
1676 2742 1743 2765 tam
1755 2733 1794 2766 ad
1804 2731 1952 2767 summos
1962 2731 2063 2777 quam
2074 2732 2113 2764 ad
2124 2733 2180 2766 in·

357 2744 458 2815 {mos
469 2781 661 2815 extenditur.
682 2782 721 2814 Et
731 2782 816 2814 certe
827 2779 965 2814 Ecclesia
975 2803 984 2817 ,
1006 2783 1199 2815 communis
1210 2781 1254 2814 est
1264 2783 1396 2827 piorum
1408 2784 1564 2815 omnium
1577 2792 1679 2816 mater
1688 2803 1698 2817 ‚
1715 2793 1789 2826 quae
1798 2791 1863 2815 tam
1877 2782 1985 2825 Reges
1995 2779 2094 2825 quam
2105 2778 2178 2827 ple-

357 2827 452 2863 beios
484 2831 592 2876 gignit
604 2830 638 2861 in
648 2829 800 2862 Domino
810 2855 820 2868 ,
841 2831 945 2862 nutrit
956 2832 990 2863 ὅ(
1001 2828 1162 2876 gubernat
1175 2842 1183 2863 ι
1199 2829 1290 2875 quod
1299 2827 1334 2862 fit
1346 2829 1539 2865 ministerio.
1548 2829 1690 2863 Proinde
1700 2826 1792 2875 supra
1810 2827 1980 2862 Christum
1992 2825 2100 2874 sapere
2113 2841 2177 2863 vo-

358 2875 434 2912 lunt
459 2879 517 2923 qui
531 2876 621 2910 hunc
631 2876 783 2909 ordinem
808 2875 858 2910 vel
872 2876 1048 2923 negligunt
1059 2904 1069 2917 ,
1089 2877 1141 2911 vel
1151 2888 1386 2911 contemnunt.
1406 2875 1624 2923 quamobrem
1635 2889 1681 2910 vae
1701 2888 1815 2909 eorum
1827 2873 1991 2922 superbiae.
2020 2875 2103 2910 Non
2116 2889 2177 2911 ne·

356 2937 474 2972 gamus
494 2924 628 2971 quidem
643 2921 728 2970 polle
740 2937 800 2957 nos
829 2922 896 2958 sola
904 2927 967 2958 Dei
979 2928 1098 2959 virtute
1117 2923 1230 2973 perfici
1241 2927 1319 2959 citra
1329 2925 1509 2959 hominum
1517 2922 1776 2960 adminiculum:
1789 2923 1838 2958 sed
1849 2923 1904 2958 hic
1914 2924 1995 2970 quid
2004 2924 2079 2958 Deo
2105 2923 2178 2972 pla-

356 2975 484 3017 cuerit,
500 2973 580 3019 quid
592 2974 733 3005 statuerit
753 2971 902 3006 Christus
921 2996 931 3010 ‚
951 2986 1021 3007 non
1032 2986 1103 3019 quae
1121 2973 1156 3007 fit
1167 2975 1230 3008 Dei
1248 2976 1399 3020 potentia
1408 2997 1418 3011 ‚
1442 2972 1654 3020 disputamus.
1681 2972 1850 3018 Istaporrb
1874 2985 1945 3006 non
1963 2970 2107 3019 vulgaris
2126 2984 2177 3007 er-

358 3034 398 3069 ga
409 3022 563 3055 homines
582 3022 645 3054 Dei
656 3020 698 3053 est
729 3020 878 3065 dignatio
889 3046 899 3060 ,
920 3022 1012 3068 quod
1021 3023 1059 3055 ad
1071 3021 1303 3068 perficiendam
1321 3034 1436 3055 eorum
1450 3020 1586 3055 salutem
1598 3022 1699 3054 vtitur
1715 3019 1895 3054 hominum
1906 3032 2016 3068 opera.
2038 3022 2076 3054 Et
2086 3023 2179 3068 opti-

358 3082 452 3103 mum
463 3069 507 3104 est
524 3067 673 3103 fouendae
691 3069 825 3102 vnitatis
837 3071 1026 3103 exercitium
1036 3093 1046 3107 ,
1072 3070 1164 3116 quod
1174 3071 1214 3104 ad
1224 3082 1441 3103 communem
1453 3070 1641 3105 doctrinam
1651 3094 1662 3109 ,
1672 3066 1760 3116 quasi
1771 3069 1809 3102 ad
1819 3069 1910 3103 ducis
1919 3067 2078 3104 vexillum
2089 3093 2100 3108 ,
2119 3080 2179 3116 ag-

358 3130 544 3165 gregamur.

406 3177 434 3209 13
484 3163 664 3209 Vsquedum
673 3166 886 3208 occurramus.)
938 3166 1022 3210 Qae
1041 3165 1129 3212 prius
1140 3168 1174 3200 in
1187 3167 1358 3200 ministerii
1369 3165 1697 3200 commendationem
1708 3163 1849 3212 protulit
1858 3163 1966 3212 elogia
1979 3188 1989 3202 ,
1999 3176 2090 3200 nunc
2101 3163 2178 3199 lon*

356 3213 429 3260 gius
439 3214 592 3248 extendit.
605 3213 695 3259 quod
706 3214 795 3246 enim
806 3213 939 3252 dixerat,
950 3213 1131 3248 hominum
1143 3215 1325 3248 ministerio
1336 3214 1510 3261 gubernari
1522 3212 1708 3253 Ecclesiam,
1722 3216 1754 3246 ὅ(
1766 3213 1923 3253 ordinati,
1936 3223 1970 3247 vt
1986 3212 2023 3247 fit
2031 3214 2181 3248 numeris

357 3260 516 3296 omnibus
526 3260 682 3296 absoluta:
693 3263 810 3307 nequis
819 3272 914 3308 putet
926 3263 1022 3295 vnius
1032 3260 1138 3296 solum
1150 3263 1213 3296 diei
1225 3261 1283 3296 effe
1293 3263 1387 3296 illam
1399 3259 1616 3297 necessitatem
1627 3284 1637 3298 ,
1649 3261 1746 3295 docet
1756 3260 1856 3308 vsque
1868 3264 1903 3295 in
1914 3260 2015 3296 finem
2024 3271 2181 3309 oportere
2201 3302 2210 3309 .

355 3310 400 3342 ita
414 3306 492 3342 fieri.
508 3310 566 3343 Vel
580 3320 613 3342 vt
624 3309 741 3343 clarius
753 3309 880 3355 loquar,
894 3307 949 3343 hic
958 3310 1125 3346 admonet,
1137 3308 1229 3344 vsum
1240 3312 1413 3346 ministerii
1423 3324 1494 3344 non
1505 3307 1563 3344 effe
1574 3308 1897 3357 temporalem,iicuti
1909 3311 2107 3357 paedagogiae
2116 3319 2177 3343 cu·
2197 3304 2200 3309 ‘

353 3354 503 3405 iuspiam:
514 3356 566 3392 sed
575 3369 773 3408 perpetuum
785 3357 933 3406 quandiu
943 3360 979 3395 in
990 3358 1120 3395 mundo
1131 3357 1304 3405 versamur.
1317 3361 1492 3395 Somniant
1501 3360 1592 3395 enim
1603 3357 1736 3397 fanatici
1747 3359 2036 3396 homines‚inutile
2047 3355 2106 3391 effe
2117 3359 2183 3392 mi-

723 3410 727 3413 '
2010 3406 2182 3442 nister-ium
