2268 3705
290 1492 300 1503 x

113 2189 284 2230 x.cor.iz..‘ae.3.

114 2622 259 2654 Rosa-¹4.

113 2697 279 2732 loh.17.b.ii..

114 3013 187 3038 Mar.
195 3009 250 3046 412⁴
264 3018 306 3045 ¹7·

356 112 418 159 εει
804 110 807 113 ¹
957 100 1644 154 INEPISTOLAM
2138 156 2144 164 ,

393 190 409 226 3
458 180 499 214 H
502 189 536 213 oe
536 176 702 225 faciemus.
715 176 738 218 )
773 173 958 212 Horribilis
967 175 1012 210 est
1023 175 1081 210 ista
1089 174 1301 210 denuntiatio
1323 186 1331 208 ε
1355 172 1460 208 sedita
1470 170 1630 208 fulminat
1640 170 1821 220 Apostolus
1841 196 1852 211 ‚
1869 184 1910 208 ne
1920 174 2019 210 Iudaei
2029 174 2110 211 dum
2119 164 2181 213 sibi

345 230 493 264 nimium
512 227 689 274 indulgent
711 228 747 261 in
766 223 820 260 sua
838 221 1013 260 oscitantia
1026 246 1037 262 ,
1054 225 1119 258 Dei
1153 224 1264 270 gratiae
1282 220 1436 256 illudant.
1455 220 1518 255 acsi
1534 221 1656 255 diceret
1673 243 1682 258 ‚
1703 234 1774 256 non
1795 219 1854 256 eisc
1864 220 1918 257 hic
1937 226 2180 271 procrastinan-

345 277 438 311 dum.
459 279 539 323 quia
548 289 619 311 non
629 273 753 323 semper
764 273 874 309 futura
885 272 920 307 sit
932 271 1167 320 progrediendi
1177 272 1426 319 opportunitas.
1445 282 1555 316 neque
1573 272 1664 304 enim
1677 268 1789 303 hocin
1803 269 1953 305 hominis
1978 285 2080 307 manu
2091 273 2180 322 posi-

345 336 420 360 tum
430 349 440 363 ‚
452 337 487 359 vt
498 329 631 373 quoties
640 323 773 359 libuerit
783 347 794 362 ‚
808 324 826 358 a
836 321 1021 357 carceribus
1032 320 1072 355 ad
1083 330 1207 355 metam
1218 317 1375 354 transiliat
1388 332 1396 353 ι
1408 317 1460 353 sed
1470 316 1632 366 singulare
1642 315 1702 352 effe
1712 319 1777 353 Dei
1788 318 1916 354 donum
1927 345 1938 360 ‚
1956 319 2066 357 cursus
2076 322 2182 358 nostri

346 373 614 410 confectionem.

393 434 420 468 4
470 423 562 457 Nam
572 420 776 471 impossibile.)
824 420 890 454 Hic
900 419 997 453 locus
1010 415 1217 453 occasionem
1229 415 1345 451 multis
1355 414 1495 465 praebuit
1507 414 1714 462 repudiandae
1724 412 2060 465 Epistolaezpresertim
2072 431 2181 466 quum

344 472 421 506 inde
433 468 462 506 se
472 482 636 507 armarent
647 470 834 506 Nou-atiani
843 468 883 502 ad
893 466 1078 515 negandam
1089 465 1184 515 lapsis
1197 467 1340 501 veniam.
1351 466 1429 499 ldeo
1441 462 1674 499 occidentales
1683 463 1796 512 potius
1807 461 1907 499 fidem
1919 465 2070 514 Epistolae
2082 466 2181 503 abro-

341 521 569 568 garunt,quod
583 520 649 554 illis
661 518 776 553 infesta
788 527 854 550 erat
869 516 998 550 Nouati
1008 512 1169 550 iecra-nee
1180 514 1311 549 tantuin
1320 512 1474 548 valebant
1485 512 1636 547 doci-tina
1646 537 1656 553 ‚
1667 523 1701 547 vt
1714 510 1895 548 refellendo
1905 526 2108 561 argumento
2119 529 2177 564 pa-

343 581 393 603 res
404 568 590 603 foreiit.Sed
599 566 761 615 patefacta
771 563 926 612 Apostoli
939 574 1143 602 mente‚mox
1155 561 1278 611 patebit
1290 560 1376 597 nihil
1386 561 1441 596 hic
1452 559 1511 595 eise
1521 561 1612 607 quod
1621 571 1688 595 tam
1700 560 1806 595 deliro
1817 563 1917 597 errori
1930 561 2185 611 suffragetur-A·

343 616 381 651 lii
397 619 521 664 quibus
533 615 640 651 [ansts
660 626 725 648 erat
737 611 890 662 Epistolae
902 613 1088 647 authoritas
1111 612 1192 646 dum
1204 610 1439 646 absurditatem
1463 619 1629 643 conantur
1639 608 1869 649 diluere‚nihil
1879 612 1980 657 quam
1994 611 2123 647 canillis
2133 612 2182 648 ef·

343 664 490 713 fugiunt.
501 665 591 699 Nam
602 660 807 712 Impoffibile
824 660 982 696 nonnulli
998 673 1059 709 pro
1078 671 1152 695 raro
1162 664 1196 695 &
1208 659 1312 694 arduo
1321 660 1508 706 accipiunt:
1532 657 1751 705 quodaverbi
1762 656 2004 705 significatione
2021 659 2125 708 longe
2134 661 2182 697 est

342 715 504 748 alienum.
532 712 645 747 Plures
656 712 694 746 ad
705 713 939 759 poenitentiam
951 710 1153 756 restringunt
1161 735 1171 747 ,
1208 720 1276 754 qua
1285 706 1433 742 solebant
1443 708 1479 740 in
1490 707 1593 741 veteri
1602 704 1740 741 Ecclesia
1750 706 1985 742 catechumeni
1994 709 2033 743 ad
2051 707 2180 758 Baptis-

344 774 438 797 rnum
447 763 630 810 praeparari.
641 758 732 808 quasi
741 759 822 795 verb
832 757 985 806 Apostoli
995 760 1159 792 ieiunium
1172 769 1227 791 aut
1239 755 1303 791 tale
1322 755 1478 803 quiddam
1493 753 1704 802 baptizandis
1713 754 1908 790 indicerent.
1945 758 2076 792 Deinde
2095 760 2180 806 quid

343 823 507 858 inagnum
519 811 640 845 diceret
651 806 845 858 Apostolus,
857 808 877 842 ii
891 818 1022 854 negaret
1034 808 1141 841 iterari
1154 807 1388 853 poenitentiam
1399 801 1488 852 posse
1498 815 1570 854 quae
1579 801 1739 852 Baptismi
1757 804 1801 838 est
1811 804 2000 851 appendix?
2020 803 2179 841 senei-iffi-

342 871 441 893 mam
454 859 521 893 Dei
533 860 715 894 vindictam
725 856 884 892 omnibus
899 866 1044 890 minatur
1055 856 1114 901 qui
1124 864 1289 901 receptam
1300 850 1399 888 semel
1409 855 1548 900 gratiam
1560 850 1805 886 abiecerint-Ad
1816 855 2050 889 incutiendum
2062 853 2181 891 secutis
2218 868 2221 872 ‘
2243 851 2253 877 ὲ

343 911 379 942 &
390 905 607 942 oscitantibus
617 918 778 942 terrorem
793 905 875 951 quid
885 902 1018 938 haberet
1029 903 1091 945 hec
1102 901 1263 937 sententia
1273 899 1480 949 grauitatis‚fi
1491 901 1684 934 admoneret
1694 902 1809 948 prime.-
1819 904 2025 948 poenitentiae
2035 916 2108 939 non
2130 904 2178 938 es-

343 955 374 991 se
385 955 530 1004 amplius
541 955 676 991 locum?
688 955 753 989 hoc
765 957 854 988 enim
866 952 908 988 ad
919 952 1063 999 quoduis
1073 950 1186 986 delicti
1210 963 1315 999 genus
1327 960 1458 999 pateret.
1470 949 1564 995 Qid
1575 960 1656 996 ergo
1667 949 1848 983 dicendum
1859 950 1913 984 est?
1923 950 2012 985 Nam
2023 964 2130 999 quum
2139 967 2181 988 o-

341 1005 477 1039 mnibus
489 1004 554 1039 sine
564 1005 759 1051 exceptione
767 1002 939 1037 Dominus
949 999 1038 1048 spem
1050 997 1274 1042 misericordie
1282 996 1565 1033 facianabsurdum
1579 998 1793 1044 est‚quenqui
1803 1001 1949 1034 omnino
1959 999 2024 1034 vlla
2033 1003 2074 1035 de
2084 1000 2180 1038 causa

337 1056 455 1088 arceri.
467 1053 587 1088 Nodus
597 1052 697 1087 huius
707 1051 899 1098 quaestionis
909 1049 997 1084 estin
1008 1048 1110 1084 verbo
1122 1046 1348 1096 Prolapstfimt.
1387 1048 1473 1094 Ergo
1484 1044 1632 1092 quisquis
1643 1048 1712 1080 vim
1725 1045 2004 1083 eiusintellexerit
2013 1071 2024 1086 ‚
2038 1048 2134 1084 facile
2145 1049 2178 1086 se

341 1103 440 1137 omni
450 1100 644 1137 difficultate
655 1097 922 1147 expediet.Porrb
932 1098 1119 1134 notandum
1132 1095 1362 1144 est‚duplicem
1372 1093 1432 1129 eil'e
1443 1093 1665 1142 lapsumzalter
1674 1095 1719 1128 est
1728 1095 1945 1142 particularis,
1954 1096 2035 1132 alter
2042 1100 2183 1134 vniuer—

340 1148 423 1185 salis.
438 1152 510 1198 Q
521 1153 555 1184 in
567 1149 672 1198 specie
681 1149 805 1195 aliqua,
818 1157 874 1182 aut
883 1148 984 1181 etiam
994 1145 1146 1194 pluribus
1157 1145 1266 1180 modis
1274 1144 1428 1190 deliquit,
1439 1144 1457 1177 a
1468 1142 1650 1178 Christiani
1666 1142 1819 1178 hominis
1832 1145 1913 1179 statii
1930 1143 2036 1193 lapsus
2046 1147 2100 1181 est.
2112 1150 2180 1182 ita-

339 1212 405 1247 que
415 1202 532 1233 omnia
540 1209 673 1246 peccata
682 1197 823 1232 totidem
833 1195 907 1230 sunt
917 1193 1034 1242 lapsus.
1046 1194 1158 1229 verul-n
1170 1195 1198 1227 A
1226 1192 1352 1228 ostolus
1363 1200 1433 1227 non
1442 1192 1481 1226 de
1492 1190 1650 1228 furto‚aut
1660 1193 1877 1239 periurio,aut
1886 1193 1986 1235 caede,
2002 1205 2060 1230 aut
2069 1193 2180 1230 ebrie.

338 1258 475 1285 tate‚aut
486 1246 648 1282 adulterio
660 1245 714 1280 hic
729 1244 871 1293 disputat
883 1257 892 1277 ι
905 1241 956 1277 sed
968 1253 1062 1277 notat
1071 1245 1187 1278 vniuer
1202 1241 1288 1277 alem
1301 1241 1341 1276 ab
1351 1238 1537 1288 Euangelio
1545 1238 1766 1275 defectionem
1779 1240 1856 1279 ,.vbi
1866 1253 1938 1277 non
1947 1241 2132 1292 vnavaliqua
2142 1247 2180 1280 in

337 1308 429 1345 parte
439 1298 551 1330 Deum
561 1294 702 1330 offendit
712 1291 930 1342 peccator-‚sed
941 1293 1013 1326 eius
1026 1293 1129 1340 gratia
1139 1290 1167 1324 se
1179 1293 1312 1338 penitus
1321 1289 1460 1324 abdicat.
1485 1290 1599 1334 Atque
1609 1299 1644 1322 vt
1654 1288 1720 1322 hoc
1730 1288 1849 1324 melius
1860 1289 2088 1338 intelligatur,
2100 1290 2178 1328 sub·

336 1341 500 1379 audienda
511 1344 555 1378 cst
566 1342 733 1378 antithetis
745 1345 831 1376 inter
843 1343 909 1375 Dei
920 1343 1038 1389 gratias
1053 1352 1135 1387 quas
1145 1337 1355 1378 recensuit,&
1367 1338 1458 1373 hunc
1468 1334 1606 1384 lapsum.
1633 1335 1770 1371 Labitur
1780 1340 1872 1373 enim
1883 1334 2064 1385 qui'deficit
2073 1341 2093 1376 ὲ
2103 1354 2177 1376 vet..

336 1392 382 1428 bo
394 1394 620 1439 Domini‚qui
630 1391 739 1426 lucem
751 1393 821 1425 eius
832 1390 1073 1437 extinguit‚qui
1086 1386 1114 1423 se
1124 1389 1221 1436 gustu
1231 1388 1312 1422 doni
1323 1385 1455 1421 caelestis
1466 1387 1652 1433 priuat‚qui
1664 1387 1958 1433 participationem
1969 1389 2110 1436 Spiritus
2119 1391 2178 1425 de-

335 1440 420 1477 sctit.
434 1443 510 1476 Hoc
521 1453 631 1475 autem
644 1441 732 1475 estin
743 1450 852 1473 totum
863 1440 938 1473 Deo
949 1439 1150 1472 renuntiare.
1174 1436 1278 1472 Nunc
1289 1436 1440 1470 videmus
1450 1431 1613 1481 quosnam
1625 1435 1643 1467 a
1652 1432 1705 1480 spe
1716 1446 1817 1468 veniae
1830 1433 1979 1470 excludat
1993 1450 2179 1486 :nempea-

337 1491 480 1539 postatas
492 1488 590 1537 quise
602 1491 620 1524 a
630 1487 756 1524 Christi
767 1486 951 1535 Euangelio
963 1486 1056 1534 quod
1064 1488 1154 1534 prius
1164 1485 1308 1531 amplexi
1318 1494 1420 1521 erant,
1434 1487 1467 1518 Sc
1479 1484 1497 1517 a
1507 1484 1570 1517 Dei
1581 1484 1685 1530 gratia
1693 1480 1985 1530 alienarunt2quod
1994 1489 2125 1522 nemini
2135 1489 2179 1523 ςὸ

332 1541 438 1587 tingit
449 1542 531 1586 quin
543 1550 655 1587 peccet
667 1540 702 1572 in
714 1538 875 1585 Spiritum
884 1533 1047 1570 sanetum.
1059 1535 1151 1581 Nam
1161 1535 1220 1580 qui
1230 1530 1405 1568 secundam
1416 1533 1513 1579 Legis
1524 1530 1671 1566 tabulam
1683 1530 1852 1569 violat,vel
1863 1535 2006 1579 primam
2017 1537 2180 1582 ignotan-

331 1590 379 1623 tia
391 1585 791 1634 transgreditur,nondum
803 1596 876 1619 reus
889 1584 934 1619 est
943 1582 1044 1619 huius
1054 1581 1326 1619 defe&ionis2nec
1335 1580 1421 1616 cert-¹2²
1433 1582 1524 1615 Deus
1534 1579 1619 1614 alios
1629 1582 1674 1614 ita
1684 1582 1787 1627 gratia
1796 1578 1849 1615 sua
1858 1579 1979 1628 spoliat
1989 1583 2049 1618 niii
2058 1595 2178 1632 repro—

331 1635 445 1674 bos‚vt
459 1636 524 1670 illis
536 1634 623 1671 nihil
634 1634 730 1669 faciat
742 1631 918 1668 residuum.
928 1634 1039 1680 Siquis
1048 1642 1143 1679 roget
1152 1642 1210 1666 cur
1220 1630 1294 1665 talis
1302 1628 1466 1678 apostafiae
1477 1631 1687 1663 mentionem
1698 1627 1755 1663 hic
1764 1626 1861 1663 faciat
1870 1626 2113 1680 Apostolus,qu
2119 1646 2179 1669 um

331 1683 445 1720 fideles
456 1683 636 1733 compellet
648 1685 706 1731 qui
717 1681 839 1732 procul
860 1681 995 1716 aberant
1004 1681 1099 1716 atam
1111 1678 1261 1714 scelerata
1271 1677 1406 1728 perfidia
1418 1691 1426 1712 :
1437 1677 1638 1726 respondeo,
1652 1678 1778 1712 mature
1788 1677 1830 1712 ab
1841 1679 2031 1715 eoindicari
2042 1683 2178 1729 peticu-

332 1732 420 1772 lum,
430 1745 465 1768 vt
478 1731 536 1768 sibi
546 1742 764 1781 praecaueant.
773 1731 866 1777 quod
875 1740 994 1765 notatu
1005 1729 1260 1777 operaepretium
1271 1728 1325 1763 est:
1335 1739 1414 1763 nam
1425 1739 1531 1774 quum
1543 1727 1560 1760 a
1571 1727 1658 1761 redita
1668 1728 1721 1760 via
1734 1725 1954 1767 defleffimus,
1964 1742 2036 1767 nori
2046 1728 2181 1766 tantum

330 1780 526 1818 excusamus
534 1782 622 1829 apud
633 1780 716 1815 alios
726 1779 837 1814 nostra
845 1780 937 1816 vitia,
947 1776 1001 1812 sed
1020 1776 1118 1812 nobis
1130 1789 1267 1824 quoque
1276 1775 1351 1825 ipsis
1362 1777 1584 1824 imponimus.
1594 1776 1719 1810 Furtim
1729 1776 1828 1810 Satan
1839 1775 2103 1825 obrepir,senfim
2113 1790 2180 1820 nos

332 1830 440 1866 allicit
450 1828 661 1866 clandestinis
672 1827 807 1863 artibus:
828 1828 874 1862 ita
885 1837 920 1860 vt
930 1825 1068 1860 errando
1078 1823 1260 1860 nesciamus
1271 1837 1333 1859 nos
1344 1836 1456 1859 errare.
1469 1826 1515 1858 ita
1528 1823 1688 1872 gradatim
1700 1822 1885 1859 delabimur
1893 1849 1904 1864 ‚
1923 1826 2031 1861 donec
2039 1827 2182 1865 ‚tandein

331 1882 462 1914 ruimus
474 1880 570 1927 praeci
597 1877 750 1913 itcs.Hoc
758 1876 910 1923 quotidie
918 1873 1183 1909 animaduertere
1193 1875 1229 1908 in
1241 1872 1356 1908 multis
1366 1871 1597 1920 licet.proinde
1607 1885 1679 1906 nori
1689 1873 1862 1907 immerito
1871 1874 2051 1922 Apostolus
2061 1878 2177 1911 omni-

329 1927 393 1963 bns
404 1928 529 1963 Christi
541 1890 709 1974 discipulis
720 1924 866 1973 praedicit
890 1946 902 1961 ,
912 1934 947 1957 vt
957 1922 1015 1957 sibi
1027 1924 1062 1957 in
1071 1932 1223 1970 tempore
1233 1931 1372 1957 caueant
1386 1934 1394 1954 :
1406 1933 1484 1955 nani
1495 1920 1672 1955 diuturnus
1683 1931 1801 1969 torpor
1811 1920 1877 1955 fere
1888 1933 2061 1958 veternum
2073 1936 2177 1971 gerie-

333 1988 499 2023 rat‚quem
512 1974 659 2022 sequitur
671 1975 794 2008 mentis
803 1971 972 2007 alienatio.
991 1970 1157 2006 Caeterum
1169 1969 1277 2004 obiter
1287 1969 1476 2004 notandum
1488 1967 1533 2003 est
1542 1967 1666 2015 quibus
1677 1969 1798 2016 elogiis
1817 1969 1991 2018 Euangelii
2003 1974 2178 2019 cognitio-

333 2038 412 2061 nem
423 2023 589 2071 infigniat.
599 2025 706 2058 Vocat
716 2021 981 2055 illuminationem:
993 2019 1079 2054 vnde
1097 2016 1254 2066 sequitur,
1267 2030 1370 2052 caecos
1380 2016 1439 2051 effe
1449 2017 1604 2053 homines
1613 2017 1720 2052 donec
1729 2017 1883 2053 Christus
1890 2021 1950 2065 qui
1959 2018 2014 2054 lux
2024 2023 2067 2055 est
2078 2033 2180 2056 mun-

333 2074 386 2115 di,
398 2072 463 2108 illis
473 2071 638 2120 affulgeat.
658 2072 764 2105 Vocat
767 2068 882 2118 gustum
893 2066 966 2102 doni
974 2065 1099 2110 celestis:
1109 2079 1179 2114 quo
1189 2065 1363 2114 fignificat,
1376 2063 1470 2113 supra
1482 2076 1633 2100 naturam
1648 2069 1681 2100 δι
1696 2066 1862 2100 mundum
1873 2065 1934 2102 elle
1942 2079 2015 2114 quae
2028 2068 2127 2104 nobis
2139 2072 2176 2110 in

334 2122 471 2157 Christo
480 2121 710 2156 conseruntur:
721 2122 755 2154 &
770 2130 885 2153 tamen
896 2115 959 2152 fide
968 2116 1101 2165 gustari.
1126 2117 1234 2150 Vocat
1242 2117 1510 2165 participationem
1519 2116 1666 2164 Spiritus:
1675 2117 1753 2161 quia
1764 2117 1791 2149 is
1800 2114 1845 2149 est
1854 2118 1913 2162 qui
1932 2119 2116 2165 vnicuique
2125 2119 2179 2153 di-

333 2170 463 2206 stribuit
476 2181 576 2218 prout
586 2168 658 2203 vult
669 2166 833 2215 quicquid
844 2166 888 2201 est
897 2165 982 2201 lueis
993 2169 1027 2200 &
1038 2161 1347 2212 intelligentiaezsine
1357 2174 1426 2210 quo
1438 2175 1541 2197 nemo
1550 2162 1657 2210 potest
1666 2163 1771 2197 dicere
1791 2165 1983 2199 Dominum
1994 2165 2062 2201 lesu
2068 2169 2176 2215 m,qui

333 2220 435 2256 nobis
448 2221 551 2268 aperit
562 2217 682 2253 oculos
693 2217 825 2252 mentis,
836 2216 916 2263 quia
926 2211 1081 2263 patefacit
1089 2213 1153 2247 Dei
1164 2225 1292 2247 arcana.
1320 2213 1427 2246 Vocat
1431 2210 1547 2259 gustum
1557 2209 1628 2244 bom'
1637 2214 1707 2247 ‘Dei
1715 2210 1887 2259 verbaque
1899 2212 2058 2261 significat
2067 2240 2079 2256 ‚
2099 2225 2175 2251 non

335 2272 460 2316 quouis
473 2267 577 2301 modo
588 2265 658 2300 illic
670 2263 870 2300 manifestari
885 2264 949 2297 Dei
958 2259 1231 2297 voluntatem:sed
1243 2273 1314 2307 quae
1324 2258 1464 2294 suauitcr
1474 2272 1536 2294 nos
1545 2258 1694 2296 delee‘ker.
1704 2261 1861 2307 Denique
1871 2261 1938 2296 hoc
1949 2262 2098 2309 epitheto
2107 2276 2175 2298 no-

336 2328 423 2352 tatur
436 2314 588 2350 discrimfi
608 2314 708 2362 Legis
719 2316 753 2349 &
763 2310 1114 2360 Euangeliizquoniam
1125 2309 1182 2344 illa
1192 2308 1278 2345 nihil
1288 2319 1404 2359 praerer
1415 2305 1618 2343 seueritatem
1630 2313 1663 2344 &
1677 2310 1838 2344 iudicium
1850 2313 2015 2352 continet,
2025 2311 2092 2347 hoc
2101 2313 2179 2349 auti

335 2363 435 2401 suaue
446 2365 490 2399 est
498 2365 621 2399 Diuini
632 2375 708 2410 erga
717 2374 779 2397 nos
789 2362 914 2395 amoris
927 2363 961 2395 δε
976 2369 1118 2407 paternae
1128 2357 1346 2407 indulgentia:
1357 2355 1708 2393 testimonium.Vocat
1718 2358 1888 2405 postremo
1897 2358 2016 2407 gustum
2023 2363 2176 2395 virtutum

326 2415 427 2460 futura
428 2412 535 2457 seculi:
551 2424 621 2459 quo
631 2409 790 2459 fignificat
799 2421 862 2445 nos
873 2407 935 2443 fide
946 2406 1036 2455 quasi
1045 2408 1177 2443 admitti
1187 2409 1222 2442 iri
1233 2419 1375 2454 regnum
1387 2405 1522 2447 caeleste,
1533 2417 1567 2440 vt
1577 2404 1707 2441 beatam
1719 2407 1972 2442 immortalitate
1981 2420 2053 2455 quae
2065 2407 2176 2445 sensus
2190 2409 2194 2417 '

333 2462 463 2497 nostros
473 2459 680 2510 laret‚spiritu
691 2470 876 2494 cernamus.
888 2459 1038 2493 Sciamus
1049 2468 1128 2504 ergo
1137 2456 1358 2504 Euangeliuiu
1370 2467 1441 2490 non
1451 2454 1544 2488 aliter
1553 2454 1615 2490 rite
1624 2453 1902 2502 cognosti‚quam
1918 2452 2175 2492 'illuminatione

333 2511 487 2558 Spiritus:
501 2514 534 2545 &
546 2512 592 2545 ita
601 2519 636 2543 vt
644 2508 661 2543 ὲ
674 2507 804 2542 mundo
813 2505 948 2542 abdusti
957 2507 1123 2552 erigamur
1131 2506 1166 2540 iii
1176 2503 1305 2539 caelum.
1316 2507 1351 2538 &
1363 2505 1476 2551 agnita
1485 2504 1549 2537 Dei
1559 2502 1711 2538 bonitate
1722 2505 1756 2538 in
1768 2505 1838 2539 eius
1849 2504 1988 2540 verbum
2000 2504 2177 2540 recumba—

334 2571 420 2593 mus.
445 2559 506 2593 Sed
516 2557 571 2593 hic
582 2558 687 2591 oritur
698 2568 788 2591 noua
798 2554 935 2602 questio
945 2577 955 2592 ,
966 2557 1026 2601 qu'i'
1039 2551 1108 2588 fieri
1118 2551 1217 2601 possit
1226 2564 1261 2587 vt
1270 2554 1331 2600 qui
1339 2550 1438 2586 semel
1448 2550 1489 2586 ed
1499 2553 1705 2601 peruenerit,
1717 2553 1827 2600 postea
1838 2554 1941 2588 cadat.
1958 2566 2067 2600 neque
2080 2556 2175 2592 enirn

331 2606 505 2642 Dominus
516 2605 690 2641 efficaciter
701 2615 798 2639 vocat
807 2603 870 2639 nisi
879 2601 1050 2639 eleetos&
1059 2600 1179 2637 Paulus
1190 2601 1324 2636 testatur
1338 2599 1413 2635 vere
1423 2597 1483 2635 effe
1493 2602 1563 2634 eius
1573 2598 1662 2635 filios
1670 2603 1729 2647 qui
1738 2612 1883 2647 aguntur
1893 2604 1962 2636 eius
1974 2602 2176 2649 Spirituido-

334 2654 452 2702 ce'tque
462 2655 528 2690 hoc
540 2665 667 2689 certum
677 2651 739 2688 effe
753 2655 873 2700 pignus
883 2651 1089 2700 adoptionis,
1099 2648 1223 2697 siquem
1233 2650 1376 2698 Spiritus
1386 2647 1434 2683 sui
1444 2650 1639 2697 participem
1650 2649 1802 2683 Christus
1812 2648 1934 2685 fecerit.
1955 2651 2063 2697 Atqui
2074 2650 2175 2687 electi

334 2703 408 2739 sunt
420 2714 508 2738 extra
518 2701 657 2737 exitialis
669 2699 774 2749 lapsus
786 2699 984 2750 periculum.
996 2700 1091 2734 Pater
1101 2700 1191 2733 enim
1205 2701 1265 2745 qui
1275 2709 1332 2732 cos
1345 2697 1479 2732 Christo
1490 2696 1573 2732 Filio
1584 2696 1760 2732 seruandos
1771 2698 1879 2736 dedit,
1893 2701 1998 2732 maior
2007 2698 2171 2734 omnibus

334 2753 396 2788 est:
410 2755 444 2787 3<
457 2751 610 2787 Christus
621 2762 705 2785 curae
718 2748 777 2784 sibi
788 2761 907 2783 omnes
916 2747 986 2782 fore
995 2749 1164 2795 promittit
1174 2747 1292 2793 nequis
1306 2756 1426 2794 pateat.
1444 2743 1658 2794 Respondeo,
1671 2742 1758 2781 solos
1768 2747 1903 2792 quidem
1915 2746 2038 2782 eleeros
2057 2748 2174 2784 Deum

334 2802 456 2849 Spiritu
470 2800 728 2846 regenerationis
740 2798 882 2845 dignari:
893 2800 928 2833 δι
939 2799 973 2831 in
984 2795 1052 2830 hoc
1061 2794 1199 2830 discerni
1209 2795 1228 2830 ὲ
1236 2792 1397 2843 reprobis,
1407 2796 1486 2841 quia
1496 2792 1718 2830 reformantur
1726 2795 1766 2829 ad
1776 2794 1866 2830 illius
1878 2797 2109 2843 imaginem&
2121 2808 2175 2830 ar-

332 2850 429 2885 rham
441 2849 581 2897 Spiritus
591 2848 760 2894 accipiunt
770 2848 805 2880 in
815 2843 905 2894 spem
915 2844 1031 2880 fututa:
1040 2843 1249 2883 haereditatis,
1261 2847 1295 2878 δε
1306 2843 1424 2878 eodem
1434 2843 1559 2890 Spiritu
1570 2841 1762 2891 obsignatur
1789 2845 1824 2878 in
1836 2855 1950 2893 eorum
1963 2841 2120 2878 cordibus
2129 2845 2173 2878 Ε-

333 2895 616 2946 υεηῧοὶίιιῐηςχὸεά
625 2895 692 2930 hoc
701 2892 826 2928 obstare
836 2904 924 2941 nego
934 2894 1118 2941 quominus
1131 2891 1292 2940 reprobos
1319 2893 1418 2926 etiam
1431 2891 1527 2937 gustu
1538 2893 1648 2937 gratiae
1657 2889 1717 2926 suae
1727 2888 1874 2939 aspergat
1886 2913 1897 2929 ‚
1915 2892 2046 2926 irradiet
2055 2904 2175 2927 eorum

335 2956 464 2982 mentes
474 2943 643 2991 aliquibus
653 2941 736 2977 lucis
745 2941 806 2976 suae
816 2940 980 2978 scintillis,
991 2939 1113 2977 afficiat
1126 2953 1183 2975 eos
1193 2940 1351 2975 bonitatis
1361 2937 1422 2974 suae
1435 2937 1537 2978 sensu,
1553 2938 1758 2986 verbumque
1767 2941 1861 2974 suum
1874 2950 1949 2974 vtcu
1955 2953 2044 2987 nque
2054 2950 2174 2975 eorum

335 2996 457 3029 animis
467 2991 640 3041 insculpat.
648 2989 856 3037 Alioquivbi
867 2988 940 3025 effer
950 2989 1007 3024 illa
1017 2990 1218 3037 temporaria
1229 2987 1306 3023 fides
1316 2990 1411 3023 cuius
1423 2988 1578 3022 meminit
1589 2989 1721 3022 Marcus
1730 2994 1745 3022 ἓ
1756 2986 1814 3022 -Ἐίὶ
1825 2989 1927 3035 igitur
1936 2987 2048 3036 aliqua
2069 2991 2170 3024 etiam

337 3045 371 3077 in
382 3043 531 3090 reprobis
542 3041 697 3088 cognitio
710 3051 782 3087 quae
793 3038 905 3086 postea
913 3035 1078 3072 euanescit
1093 3048 1101 3069 :
1125 3036 1178 3070 vel
1189 3039 1270 3084 quia
1280 3038 1392 3071 minus
1410 3033 1491 3070 altas
1502 3035 1624 3070 radices
1633 3036 1734 3082 quam
1746 3034 1922 3083 oportebat
1933 3039 2001 3085 egit
2010 3059 2020 3074 ,
2030 3036 2081 3071 vel
2092 3039 2175 3084 quia

335 3089 492 3127 suffocata
502 3091 685 3137 degenerat.
706 3089 817 3132 Atque
827 3085 893 3121 hoc
911 3085 1014 3120 fumo
1025 3088 1059 3119 in
1071 3087 1193 3119 timore
1204 3089 1239 3120 δι
1260 3083 1450 3119 humilitate
1461 3096 1523 3119 nos
1534 3084 1704 3119 Dominus
1714 3088 1852 3119 retinet:
1877 3088 1912 3121 &
1923 3085 2009 3121 certe
2022 3085 2173 3120 videmus

329 3139 439 3186 ,quam
451 3138 600 3186 procliue
609 3135 676 3172 alio
703 3136 737 3170 ui
749 3134 785 3169 fir
795 3134 981 3169 humanum
993 3135 1169 3180 ingenium
1180 3133 1219 3167 ad
1229 3131 1447 3174 securitatem,
1458 3129 2109 3180 stultamqueconfidentiamtquanquam
2122 3145 2173 3168 ta-

336 3186 379 3221 lis
389 3187 486 3221 debet
497 3186 556 3221 effe
569 3148 866 3220 nostra‘lolicitudo
876 3194 948 3230 quae
958 3182 1167 3216 conscientiae
1177 3193 1290 3229 pacem
1305 3194 1374 3216 tion
1387 3180 1506 3215 turbet.
1525 3180 1615 3215 Nam
1626 3181 1796 3215 Dominus
1808 3179 1905 3216 simul
1916 3180 2013 3216 fidem
2027 3185 2060 3215 in
2073 3181 2173 3217 nobis

335 3237 446 3280 erigit,
462 3239 494 3269 δε
507 3246 638 3270 carnem
650 3234 774 3268 domat:
787 3231 930 3278 ideoque
940 3228 1031 3264 illam
1041 3229 1114 3263 vult
1125 3228 1339 3277 tranquillam
1351 3227 1440 3276 quasi
1450 3231 1486 3263 in
1497 3239 1571 3264 tuto
1582 3239 1681 3277 portu
1692 3240 1824 3264 manere
1834 3234 1866 3265 ὃς
1879 3229 2061 3277 quiescere:
2085 3230 2172 3269 hanc

335 3294 463 3317 exercet
475 3285 571 3317 variis
581 3279 819 3317 certaminibus
829 3293 871 3315 ne
880 3281 953 3314 otio
963 3276 1120 3313 lasciuiat.

384 3334 406 3364 6
457 3333 607 3363 Renouan'
615 3328 660 3363 ad
666 3327 916 3378 penitentiam-l)
956 3325 1103 3362 Tametsi
1113 3325 1234 3359 durum
1244 3324 1311 3366 hoc
1321 3325 1537 3364 videtur,non
1549 3325 1592 3360 est
1600 3334 1711 3359 tamen
1721 3337 1779 3359 cut
1789 3326 1900 3361 Deum
1915 3325 2082 3361 insimulet
2092 3337 2166 3361 cru*

332 3377 477 3414 deliratis
488 3376 636 3426 quisquis
648 3377 748 3413 talem
759 3377 813 3413 dat
824 3375 1022 3413 defectionis
1031 3372 1093 3411 suae
1102 3385 1250 3424 penam.
1288 3373 1410 3422 Neque
1419 3375 1487 3410 hoc
1496 3383 1624 3424 pugnat
1638 3383 1716 3411 cum
1727 3372 1802 3409 aliis
1809 3375 1984 3424 Scripturae
1993 3375 2078 3411 locis
2087 3399 2098 3415 ,
2110 3373 2169 3409 vbi

2021 3424 2172 3459 Dfimw

2264 527 2268 543 ¹.

2265 546 2268 569 l,
