2268 3705
141 1225 302 1263 Psael.12.b.7.

140 1272 332 1304 Num.23.c.x9.

336 123 398 173 2586
949 112 1043 164 IN
1099 72 1648 164 EpisToLAM'

403 197 441 237 17
491 188 588 227 ‘Deus
598 190 706 225 volens
719 186 884 230 vberius.)
918 189 968 223 En
979 189 1080 234 quam
1094 184 1306 232 indulgenter
1317 196 1352 219 vr
1365 187 1535 232 optimum
1559 195 1683 231 patrem
1693 181 1786 218 decet
1795 207 1804 222 ‚
1819 182 1850 217 se
1859 185 1950 218 Deus
1961 184 2194 220 accommodet

355 242 475 277 nostrae
485 241 640 275 tarditati.
652 241 731 286 quia
741 251 804 274 nos
816 238 902 272 videt
912 235 1054 283 simplici
1062 233 1124 269 suo
1136 233 1280 268 sermoni
1291 246 1360 267 non
1373 231 1623 280 acquiescere‚vt
1635 244 1710 265 eum
1723 231 1855 279 plenius
1864 229 1984 266 sanciat
1994 234 2030 266 in
2042 232 2198 268 cordibus

356 290 581 327 'nostris‚addit
595 292 625 323 iu
632 288 833 323 (iurandum.
845 286 941 321 Vnde
952 287 1053 318 etiarn
1063 282 1197 330 apparet
1208 282 1413 329 quantopere
1425 282 1534 316 nostra
1545 279 1668 316 interfit
1679 306 1690 320 ,
1708 292 1833 314 tantam
1847 292 1952 314 extare
1963 282 2196 316 certitudinem

358 341 430 372 eius
440 350 515 386 erga
528 351 590 372 nos
602 336 845 372 beneuolentiae
857 357 866 373 ‚
886 345 921 368 vt
933 331 1027 367 nulla
1036 330 1074 366 sit
1084 330 1228 378 amplius
1240 329 1417 365 vacillandi
1430 341 1485 363 aut
1499 330 1682 376 trepidandi
1693 328 1831 363 occasio.
1865 329 1953 364 Nam
1968 340 2002 362 vt
2013 330 2103 364 Deus
2113 341 2199 364 vetat

359 398 488 421 nomen
499 384 591 421 suum
603 385 695 420 nulla
705 384 756 420 vel
767 385 835 418 leui
845 383 883 416 de
899 380 991 415 causa
1002 377 1313 426 sumiu‘eueramque
1324 378 1484 413 omnibus
1498 379 1660 411 vltionem
1671 378 1845 411 denuntiat
1856 380 1914 424 qui
1930 388 1969 411 eo
1981 389 2102 412 temere
2113 379 2200 413 abu-

357 434 381 469 fi
394 435 517 469 fuerint
528 459 538 475 ‚
552 446 587 469 vt
598 435 817 469 reuerentiam
829 429 945 465 deferri
963 431 1112 476 praecipit
1123 430 1193 462 eius
1206 428 1364 462 maiestati
1378 439 1386 460 z
1399 429 1444 460 ita
1462 425 1520 460 sibi
1531 428 1566 459 in
1577 424 1708 460 summo
1719 423 1778 459 effe
1789 429 1895 473 pretio
1907 438 1943 460 ac
1953 426 2084 460 honore
2091 427 2200 462 docet.

359 483 546 518 Necessaria
558 495 636 531 ergo
646 495 694 516 res
707 482 750 515 est
761 480 871 514 salutis
881 478 1045 513 certitudo
1054 499 1064 514 ,
1078 479 1173 511 cuius
1188 474 1361 521 fulciendae
1372 472 1466 509 causa
1476 477 1581 509 iurare
1591 474 1746 521 dignatus
1758 476 1783 507 is
1796 477 1855 520 qui
1871 486 1993 508 temere
2004 477 2109 509 iurare
2121 487 2200 522 pto-

359 532 465 566 hiber.
478 535 588 579 Atque
602 534 699 565 etiam
713 530 790 563 hinc
801 527 959 574 colligere
968 525 1047 560 licet
1058 528 1177 570 quanti
1189 522 1225 558 sit
1236 523 1286 558 illi
1297 525 1406 558 nostra
1417 522 1510 557 salus:
1520 525 1577 557 cui
1586 534 1619 558 vt
1633 520 1793 560 consulat,
1806 524 1965 556 uomodo
1977 523 2201 559 incredulitati

361 582 478 615 nostrae
490 577 702 628 ignoscir,sed
714 581 784 611 iure
796 575 854 610 suo
866 577 986 610 cedens
996 599 1006 614 ,
1023 571 1176 619 nibisque
1187 572 1290 619 longe
1303 571 1379 619 plus
1389 572 1539 606 tribuens
1551 573 1650 617 qu‘am
1663 582 1870 618 oportuerat,
1887 575 2029 605 comiter
2041 572 2202 608 medetur.

360 628 557 663 Haeredz'bus.
600 629 738 662 Videtur
756 624 964 673 peculiariter
974 620 1139 669 designare
1152 622 1288 656 ludaeos.
1309 619 1436 654 tametsi
1446 623 1536 654 enim
1548 620 1587 654 ad
1603 622 1726 653 Gentes
1739 632 1875 666 quoque
1904 622 2038 654 tandem
2049 623 2203 668 peruenit

361 677 529 713 haereditas
540 700 549 714 ‚
563 676 612 710 illi
624 687 735 709 tamen
747 674 794 708 sui
807 677 840 708 &
852 674 953 721 primi
965 669 1178 717 legitimique
1187 669 1327 704 haeredes
1337 667 1491 703 fuerunt:
1506 669 1539 702 hi
1553 679 1663 704 autem
1674 672 1863 702 extranei&
1877 665 2022 708 secundi,
2040 681 2076 703 ac
2086 679 2202 716 praeter

360 729 412 760 ius
425 737 546 760 naturae
558 724 703 759 stiffi-Sic
715 724 841 759 Petrus,
852 719 1039 762 Adra-529,
1050 719 1176 753 ludaeos
1186 717 1362 766 alloquens
1373 719 1407 751 in
1420 719 1527 765 prima
1538 716 1591 751 sua
1608 718 1787 756 concione,
1800 715 1917 754 Vobis,
1930 719 2042 763 inquit
2053 743 2062 758 ,
2080 722 2112 751 oc
2126 716 2204 752 filiis

361 775 472 808 vestris
485 773 570 808 sach
582 774 625 807 est
635 769 859 820 promislio‚&
872 772 912 804 iis
922 772 981 816 qui
991 766 1177 814 longesunt
1189 779 1273 813 quos
1286 768 1456 800 Dominus
1466 766 1687 799 aduocauerit.
1702 765 1906 799 Aduentitiis
1917 766 2052 811 quidem
2064 766 2203 800 haeredi·
2230 793 2234 800 ε

359 821 422 857 bus
433 821 568 868 reliquit
580 823 693 856 iocum
715 847 725 861 ,
738 820 789 854 sed
801 819 928 853 ludaeos
940 818 1048 851 statuit
1062 819 1098 850 in
1110 818 1222 863 primo
1232 816 1361 849 ordine.
1373 814 1658 861 quemadmodum
1673 816 1706 847 &
1718 815 1825 860 capite
1834 824 1859 857 3.
1873 814 1903 847 d.
1913 822 1959 856 25,
1978 816 2045 848 Vos
2056 813 2130 848 estis
2142 813 2205 850 filii

360 870 602 918 Prophetarum
619 875 652 904 ὃς
668 870 954 907 Testamenti,&c.
973 867 1027 900 Sic
1039 868 1074 898 δε
1088 863 1241 913 hocloco
1254 863 1435 911 Apostolus
1446 886 1455 901 ,
1469 874 1503 896 vt
1516 862 1741 911 promptiores
1751 861 1869 896 habeat
1880 862 2004 896 Iudaeos
2014 863 2054 896 ad
2066 865 2206 911 recipie-
2232 863 2241 895 T*

360 920 441 953 <lum
453 917 571 958 foedus,
588 931 705 953 eorum
718 916 862 952 maxime
887 912 1204 950 causaiureiurando
1215 911 1411 960 interposito
1425 909 1585 946 sancitum
1606 907 1697 944 fuiss'e
1708 910 1816 944 docet.
1835 911 2040 956 anuam
2054 910 2154 946 hodie
2164 912 2206 947 ad
2232 939 2235 941 .

360 981 423 1002 nos
434 980 571 1014 quoque
583 969 724 1014 pertinet
737 967 806 1000 haec
817 963 1118 1010 sententia:qui2iu
1130 960 1410 1009 loc-um‚ipsorum
1422 959 1650 995 incredulitate
1663 958 1816 992 reli-stum
1831 957 1939 994 sumus
1953 958 2095 1007 iugreffi.
2129 959 2206 995 Ob·
2238 974 2248 988 κ

357 1014 449 1050 serua
461 1016 621 1062 Confilusm
635 1018 696 1048 Dei
707 1015 818 1048 vocari
829 1036 838 1051 ‚
872 1012 912 1046 de
922 1025 992 1059 quo
1004 1011 1102 1046 nobis
1113 1011 1343 1044 testimonium
1359 1012 1395 1043 in
1405 1008 1592 1056 Euangelio
1603 1007 1758 1042 redditur.
1779 1010 1898 1053 nequis
1909 1007 2036 1042 dubitet
2047 1009 2134 1043 hanc
2144 1009 2213 1044 do—‘
2235 1015 2238 1018 ”

360 1067 504 1100 ἃτίιιαετι
520 1078 557 1099 ex
569 1066 694 1098 intimo
713 1064 776 1096 Dei
788 1059 908 1096 affeetu
918 1059 979 1095 effe
989 1061 1234 1107 depromptam.
1258 1059 1319 1092 Sed
1331 1060 1444 1105 potius
1462 1058 1552 1091 certo
1577 1058 1716 1091 statuant
1729 1054 1839 1089 fideles
1862 1057 1995 1102 quoties
2012 1058 2152 1092 audiunt
2163 1060 2207 1093 E-

360 1113 509 1162 uangelii
520 1125 650 1150 vocem,
666 1109 876 1194 promulgari
892 1108 950 1143 fibi
961 1120 1118 1142 arcanum
1132 1108 1197 1140 Dei
1209 1105 1386 1140 consilium
1399 1106 1490 1153 quod
1501 1106 1587 1153 apud
1600 1109 1637 1139 esi
1648 1093 1787 1139 latessat:
1807 1116 1907 1150 arque
1921 1104 2000 1140 hinc
2011 1105 2123 1153 palam
2135 1105 2208 1142 fieri

342 1194 349 1202 ,
359 1164 444 1209 quid
456 1163 494 1196 de
506 1161 605 1196 salute
615 1174 660 1195 no
693 1172 726 1193 ra
735 1170 811 1193 ante
824 1159 941 1192 mundi
952 1156 1155 1191 creationem
1168 1156 1359 1189 decreuerit.

411 1212 444 1244 18
495 1208 640 1244 Per-'duas
649 1222 696 1242 res
705 1205 932 1250 immutabiles.)
995 1208 1034 1240 In
1043 1207 1118 1239 Deo
1132 1215 1198 1238 tam
1209 1204 1315 1238 dicere
1326 1204 1426 1250 quam
1438 1205 1553 1238 iurare,
1569 1201 1779 1238 immutabile
1789 1204 1850 1238 est:
1864 1202 2046 1238 hominum
2055 1202 2159 1252 longe
2170 1206 2206 1239 a'-
2235 1206 2253 1245 ἵζε

361 1259 406 1294 lia
416 1257 490 1293 effer
501 1262 596 1293 ratio.
608 1259 697 1292 Facit
710 1258 799 1291 enim
813 1267 890 1289 eoru
897 1268 929 1288 m
941 1256 1068 1288 vanitas
1080 1265 1239 1300 vtparum
1251 1251 1364 1286 firmus
1375 1251 1411 1286 sit
1424 1254 1502 1285 corti
1512 1252 1661 1286 sermo.at
1671 1254 1734 1286 Dei
1744 1250 1850 1286 sermo
1862 1253 1912 1286 his
1923 1250 2044 1299 elogiis
2055 1264 2206 1292 ornatur,
2233 1240 2249 1282 τι.

363 1309 454 1355 quod
466 1319 566 1355 purus
580 1306 616 1340 sit
630 1311 663 1341 δε
678 1306 780 1342 castus
791 1303 905 1337 similis
918 1316 998 1337 auro
1011 1299 1125 1350 septies
1138 1313 1290 1349 purgato,
1304 1302 1402 1346 Qin
1415 1304 1447 1335 &
1459 1299 1588 1334 Balaam
1602 1312 1708 1345 quum
1719 1300 1876 1349 professus
1887 1299 1993 1334 hostis
2003 1298 2076 1335 esset
2089 1324 2100 1338 ,
2115 1295 2206 1336 testi-
2231 1306 2253 1359 ’ἃ

363 1360 520 1390 monium
533 1356 598 1390 hoc
611 1355 660 1389 illi
673 1354 805 1389 reddere
816 1352 1046 1400 cogitur‚Non
1059 1351 1102 1384 est
1112 1352 1201 1384 Deus
1212 1348 1325 1383 similis
1337 1349 1414 1384 filiis
1425 1349 1607 1383 hominum
1618 1352 1676 1395 qui
1689 1351 1868 1383 mentiatur
1883 1362 1891 1382 ε
1905 1361 1964 1383 nec
1977 1348 2077 1383 instar
2088 1348 2206 1384 homi-
2230 1347 2236 1371 1
2252 1351 2253 1355 ’

362 1418 446 1440 num
461 1416 495 1439 vt
508 1406 621 1439 variet.
634 1405 728 1440 Dixit
742 1405 875 1448 ergo,&
886 1413 958 1435 non
969 1399 1066 1435 faciet
1085 1398 1268 1444 310quutus
1279 1399 1334 1435 est,
1355 1401 1388 1432 ὃς
1399 1411 1470 1432 non
1481 1395 1635 1444 implebit
1650 1405 1659 1430 ἒ
1673 1398 1813 1438 Numer.
1823 1407 1897 1440 23.c.
1909 1408 1956 1440 19.
1998 1399 2085 1445 Ergo
2095 1397 2204 1433 sermo
2227 1391 2234 1418 *f

361 1455 426 1488 Dei
439 1464 525 1488 certa
536 1453 579 1487 est
590 1453 747 1496 veritas‚;9
758 1448 920 1483 αὗτέπιςος.
932 1461 1037 1495 quum
1050 1447 1128 1482 verb
1139 1447 1267 1481 additur
1278 1445 1500 1481 iusiurandum
1511 1443 1599 1491 quasi
1610 1446 1764 1480 cumulus
1775 1447 1814 1487 ad
1824 1445 1957 1493 plenam
1970 1445 2155 1481 mensutam
2167 1459 2207 1484 ac

360 1503 458 1536 cedit.
470 1503 563 1536 Hinc
579 1501 680 1536 nobis
690 1500 796 1535 valida
808 1496 1080 1544 c6l⁴olatio,quod
1088 1497 1180 1530 Deus
1191 1497 1249 1542 qui
1259 1494 1368 1529 fallere
1380 1494 1553 1541 loquendo
1565 1503 1634 1528 non
1645 1493 1964 1542 potest,pro·.nittere
1975 1508 2046 1529 non
2059 1507 2203 1530 conten-

333 1572 336 1573 ν
363 1562 428 1587 tus,
444 1553 544 1585 etiam
558 1551 654 1584 iurat.
710 1549 783 1582 Nos
792 1550 844 1594 qui
856 1547 1048 1594 confligimus.
1097 1545 1174 1578 Hoc
1186 1543 1287 1578 verbo
1300 1541 1474 1590 fignificat,
1487 1538 1556 1577 non
1568 1541 1659 1576 aliter
1670 1545 1745 1577 Deo
1756 1542 1829 1577 vere
1841 1555 1903 1577 nos
1914 1540 2023 1581 fidere,
2043 1545 2145 1590 quam
2163 1545 2208 1581 dfi

140 1857 335 1889 Deur.3o.e.1z.

140 1900 279 1935 R⁰”P·¹0·“.·
289 1899 314 1922 6.

308 2189 313 2193 ”
360 2180 553 2218 miffionem
566 2178 627 2215 fide
644 2175 891 2228 apprehensam.
921 2178 960 2210 In
972 2174 1073 2210 verbo
1083 2174 1213 2216 κρατῖω-αι
1227 2197 1237 2212 ,
1249 2172 1328 2209 ficut
1339 2174 1376 2207 in
1389 2175 1541 2207 momine
1554 2175 1650 2220 Spei,
1677 2172 1815 2206 eandem
1830 2184 1930 2218 quam
1943 2176 2034 2221 prius
2045 2176 2202 2216 constan-

361 1598 512 1647 praesidiis
529 1598 690 1633 omnibus
701 1597 771 1631 aliis
798 1595 999 1632 destituti‚ad
1009 1593 1146 1628 solidam
1159 1595 1228 1626 cius
1239 1590 1458 1639 promissione
1470 1590 1734 1638 confugimus&
1747 1592 1920 1626 statuimus
1931 1591 2001 1626 illic
2015 1592 2114 1626 nobis
2125 1595 2206 1628 vni·-

360 1660 439 1682 cum
451 1646 585 1692 asylum.
612 1648 702 1693 Ergo
714 1648 748 1680 in
761 1646 939 1693 participio
950 1645 1156 1683 ›tanedynvnc
1170 1643 1367 1688 exprimitur
1378 1639 1488 1675 nostra
1502 1641 1618 1688 inopia
1634 1643 1666 1674 ὃ(
1677 1637 1856 1674 ncceffitas:
1870 1641 1949 1686 quia
1959 1653 2031 1675 non
2047 1640 2207 1689 confugi-
2234 1653 2235 1656 ’

362 1709 435 1730 mus
447 1697 485 1730 ad
498 1698 607 1730 Deum
622 1695 682 1730 nisi
696 1708 731 1729 ea
741 1696 860 1729 madri.
871 1693 932 1727 Sed
942 1705 1048 1739 quum
1060 1691 1148 1726 addit
1158 1713 1167 1727 ‚
1182 1689 1240 1723 Ad
1247 1688 1509 1738 propofitamspem
1519 1715 1528 1729 ,
1544 1687 1703 1736 significat
1717 1701 1788 1722 non
1801 1688 1919 1736 procul
1929 1689 2143 1735 quaerendum
2154 1689 2206 1725 es-

361 1744 393 1780 se
405 1743 583 1779 subsidium
593 1757 663 1791 quo
677 1743 879 1790 indigemus,
890 1743 970 1787 quia
977 1742 1069 1775 Deus
1080 1738 1195 1787 sponte
1207 1741 1409 1779 occurrat,&
1422 1737 1519 1771 nobis
1531 1736 1619 1783 quasi
1629 1740 1664 1771 in
1676 1750 1813 1772 manum
1824 1739 1971 1785 porrigat
1987 1736 2109 1773 fidendi
2135 1751 2207 1774 ma-
2236 1742 2257 1777 ,⁸

362 1797 490 1828 terlam.
514 1794 617 1827 Sicuti
630 1804 739 1826 autem
753 1792 814 1825 hac
824 1788 983 1824 sententia
993 1791 1139 1823 animare
1151 1785 1259 1821 voluit
1270 1786 1393 1820 ludaeos
1404 1786 1441 1819 ad
1451 1785 1720 1832 amplectendum
1742 1784 1964 1833 Euangelium
1977 1812 1987 1827 ,
2002 1786 2059 1820 vbi
2074 1786 2139 1821 illis
2157 1786 2209 1823 sa-
2249 1778 2253 1809 Τ

361 1841 414 1877 lus
425 1841 728 1885 offerebaturtitain
736 1838 876 1874 credulis
890 1835 1133 1872 excusationem
1144 1833 1269 1870 sustulit
1282 1837 1340 1881 qui
1351 1846 1418 1869 tam
1431 1834 1620 1881 praesentem
1631 1837 1771 1881 gratiam
1782 1832 1929 1882 respuere
1936 1835 2029 1869 nt.Et
2040 1834 2125 1869 certe
2138 1835 2206 1873 hoc
2250 1839 2256 1861 Γ

363 1891 469 1926 verius
481 1886 670 1936 dicipotuit
682 1888 753 1936 post
763 1885 936 1933 Euangelii
948 1884 1107 1919 reuelatio
1115 1896 1205 1920 nem,
1213 1884 1313 1929 quam
1325 1885 1360 1917 in
1374 1882 1646 1929 promulgatione
1658 1883 1766 1929 Legis,
1778 1883 1861 1917 Non
1873 1883 1916 1916 est
1928 1884 2018 1931 quod
2033 1884 2120 1919 dicas
2131 1898 2205 1919 am-

363 1940 450 1987 plius
466 1966 474 1979 ,
497 1941 584 1983 Qs
594 1937 743 1972 ascendet
759 1938 793 1970 in
804 1935 934 1972 caelum,
946 1946 1002 1968 aut
1023 1934 1097 1980 quis
1109 1929 1281 1966 descendet
1296 1933 1330 1966 in
1341 1930 1499 1975 abyssum,
1512 1942 1568 1964 aut
1578 1933 1652 1977 quis
1664 1933 1805 1965 traiiciet
1817 1938 1922 1966 mare?
1945 1943 2052 1979 prope
2063 1933 2105 1965 est
2117 1935 2201 1967 Ver-

361 1988 442 2023 bum
455 1991 487 2021 iu
497 1999 554 2021 ore
565 1999 624 2021 tuo
638 1990 670 2020 ὃς
682 1988 717 2019 in
728 1984 825 2019 corde
837 1994 909 2016 tuo.
947 1981 1112 2017 Caeterum
1124 1983 1159 2014 in
1171 1978 1336 2014 vocabulo
1346 1981 1421 2026 Spei
1433 1980 1475 2013 est
1489 1981 1702 2023 metonymia.
1713 1976 1848 2014 effeetus
1861 1981 1951 2012 enim
1963 1992 2024 2026 pro
2035 1979 2127 2014 causa
2145 1993 2202 2017 ac-
2213 1980 2216 1982 “

361 2039 495 2084 cipitur.
515 2048 593 2069 nam
604 2047 667 2082 ego
681 2029 934 2082 promissionem
960 2028 1114 2076 intelligo
1125 2030 1178 2062 cui
1191 2026 1260 2075 spes
1273 2027 1381 2061 nostra
1392 2029 1559 2062 innititur.
1583 2028 1706 2073 Neque
1717 2030 1809 2061 enim
1820 2029 1858 2061 iis
1869 2027 2023 2061 assentior
2033 2030 2091 2074 qui
2111 2027 2203 2077 spem

362 2087 532 2133 accipiunt
543 2096 604 2131 pro
614 2096 646 2117 re
659 2081 781 2130 sperata
799 2094 806 2114 ε
828 2079 899 2113 imo
911 2082 945 2113 δε
955 2078 1025 2112 hoc
1036 2075 1133 2112 simul
1145 2077 1331 2111 addendum
1352 2075 1414 2112 est,
1437 2089 1501 2109 nan
1513 2075 1609 2121 loqui
1632 2075 1834 2123 Apostolum
1846 2076 1885 2109 de
1908 2076 2124 2122 promissione
2135 2092 2202 2113 nu..

361 2135 401 2167 da
419 2133 471 2167 vel
486 2135 520 2166 in
533 2144 604 2166 aere
614 2128 760 2179 suspensa
772 2155 780 2166 ,
804 2127 853 2162 scd
865 2140 936 2174 quae
951 2125 1012 2160 fide
1024 2127 1041 2160 a
1051 2124 1150 2160 nobis
1161 2127 1336 2173 recipitur:
1361 2134 1416 2157 aut
1428 2123 1449 2157 fi
1463 2126 1567 2158 mauis
1579 2136 1647 2157 vno
1657 2123 1758 2157 verbo
1768 2147 1776 2160 ‚
1797 2122 1865 2170 spes
1877 2123 1932 2158 hic
1951 2123 2112 2172 fignificat
2121 2139 2203 2174 pro-

363 2240 446 2265 tlal‘n
463 2240 567 2264 nOtat·

410 2291 445 2322 19
497 2278 604 2326 Quam
615 2277 713 2309 veluti
722 2275 915 2318 anchoram.)
942 2271 1082 2320 Elegans
1093 2271 1288 2308 similitudo,
1299 2271 1379 2305 dum
1392 2268 1489 2304 fidem
1499 2268 1601 2304 verbo
1611 2271 1675 2304 Dei
1685 2271 1833 2304 innixam
1852 2269 2004 2304 anchorae
2015 2282 2201 2320 comparat.

362 2341 440 2364 nam
455 2328 540 2361 certe
551 2325 700 2373 quandiu
709 2325 962 2372 peregrinamur
973 2324 1006 2356 in
1017 2321 1082 2355 hoc
1095 2321 1235 2358 mundo,
1246 2333 1316 2354 non
1329 2320 1448 2353 stamus
1458 2321 1493 2352 in
1504 2316 1597 2352 firma
1610 2331 1702 2352 terra:
1711 2317 1764 2351 scd
1779 2317 1866 2364 quasi
1879 2321 1913 2352 in
1926 2320 2038 2352 medio
2049 2324 2152 2359 mari,
2165 2328 2202 2357 ὅτ,

361 2377 497 2423 quidem
508 2374 600 2410 valde
611 2372 806 2407 turbulento
817 2371 1028 2406 fluctuamur.
1040 2368 1204 2404 Diabolus
1215 2371 1306 2403 enim
1317 2370 1508 2402 innumeras
1520 2365 1678 2414 procellas
1690 2369 1827 2400 excitare
1842 2380 1914 2402 non
1924 2365 2105 2415 celsaequae
2116 2372 2203 2406 naus:
2254 2362 2260 2369 η’

361 2426 506 2460 nostram
517 2425 671 2471 protinus
682 2431 866 2456 euerterenr
879 2431 915 2453 ac
925 2418 1171 2465 submergerent
1192 2416 1251 2451 nisi
1263 2415 1444 2450 anchoram
1457 2418 1491 2449 in
1501 2414 1606 2449 fundo
1618 2417 1749 2462 penitus
1764 2413 1948 2462 figeremus.
1976 2417 2096 2463 Neque
2109 2421 2200 2454 enim
2231 2435 2236 2438 ·
2258 2434 2260 2437 ·

361 2471 498 2519 vsquam
509 2470 616 2506 oculis
628 2471 745 2504 nostris
756 2470 848 2503 statio
859 2479 1002 2516 apparet:
1017 2466 1068 2501 sed
1079 2464 1341 2513 quaquauersum
1350 2462 1380 2498 se
1391 2464 1566 2498 extendant
1576 2461 1680 2497 sensus
1694 2461 1795 2497 nostri
1811 2487 1821 2501 ,
1833 2463 1900 2498 sola
1909 2477 1994 2511 aqua
2002 2463 2031 2498 se
2043 2466 2198 2508 ostendit,

361 2523 429 2555 imo
442 2522 535 2555 vndae
545 2522 644 2554 etiam
655 2517 831 2565 insurgunt
841 2528 877 2550 ac
890 2518 1069 2550 minantur.
1081 2513 1379 2561 Quemadmodum
1391 2524 1502 2546 autem
1513 2512 1656 2546 anchora
1666 2524 1721 2559 per
1733 2513 1855 2546 medias
1865 2525 1964 2558 aquas
1975 2515 2149 2560 proiicitur
2165 2518 2202 2551 in

360 2569 475 2604 locum
486 2568 661 2603 obscurum
675 2571 709 2601 ὃς
721 2567 882 2604 abditum,
894 2567 928 2599 ὃ(
939 2565 1020 2598 dum
1031 2562 1199 2602 iniciaret,
1211 2575 1331 2597 nauem
1344 2560 1500 2595 fludtibus
1511 2559 1687 2607 expositam
1700 2562 1819 2595 retinet
1831 2562 1865 2594 in
1884 2562 1964 2595 statu
1974 2574 2015 2594 ne
2026 2560 2197 2599 obruatur:

361 2620 407 2652 ita
418 2621 452 2652 in
465 2621 537 2651 Deo
554 2615 713 2651 inuisibili
725 2613 796 2663 spes
808 2614 916 2648 nostra
926 2611 1055 2659 figenda
1064 2612 1118 2645 est.
1128 2612 1204 2645 Hoc
1215 2610 1357 2646 interest,
1368 2609 1462 2655 quod
1472 2609 1617 2643 anchora
1626 2611 1659 2642 in
1674 2611 1754 2641 mari
1763 2607 1913 2642 deorsum
1924 2611 2051 2649 iacitur,
2062 2612 2140 2656 quia
2151 2611 2203 2646 ffi-

362 2667 443 2700 dum
455 2668 489 2699 in
500 2677 582 2699 terra
592 2664 700 2698 habet:
711 2662 780 2712 spes
790 2673 900 2696 autem
912 2659 1021 2695 nostra
1031 2657 1152 2694 sursmn
1165 2658 1328 2693 attollitur
1341 2662 1373 2692 ἃ
1386 2657 1507 2696 euolat,
1518 2659 1595 2704 quia
1609 2659 1642 2690 in
1656 2658 1783 2690 mundo
1795 2656 1880 2690 nihil
1895 2659 1947 2691 cui
1958 2655 2091 2698 insistat,
2105 2670 2201 2707 repe-
2250 2672 2253 2674 “

363 2718 416 2749 rit:
427 2726 488 2748 nec
498 2715 615 2748 hzerere
625 2712 721 2747 debet
732 2715 766 2746 in
778 2711 933 2745 creaturis
942 2733 953 2747 ,
972 2707 1024 2743 sed
1038 2711 1071 2741 in
1083 2707 1152 2742 solo
1172 2709 1246 2741 Deo
1258 2705 1408 2753 quiescit.
1427 2706 1722 2752 Qmadmodum
1735 2716 1842 2739 autem
1855 2703 1943 2739 funis
1953 2717 1988 2738 ex
1999 2718 2068 2751 quo
2080 2709 2202 2753 pendet

362 2764 520 2802 anchora,
534 2774 589 2809 per
600 2760 743 2808 longum
756 2764 789 2794 ὅ(
802 2771 926 2793 caecum
936 2755 1150 2791 interuallum
1162 2767 1281 2790 nauem
1293 2755 1394 2801 ipsam
1406 2756 1583 2800 coniungit
1595 2766 1671 2788 cum
1683 2764 1774 2787 terra:
1788 2752 1829 2787 fic
1839 2754 1902 2787 Dei
1914 2755 2029 2787 veritas
2038 2755 2077 2787 ad
2087 2769 2148 2790 nos
2159 2759 2200 2792 εὖ

361 2809 433 2859 ipso
445 2810 651 2857 colligandos
663 2808 835 2842 vinculum
848 2807 901 2843 est,
914 2816 949 2840 vt
959 2804 1050 2839 nulla
1061 2803 1214 2838 locorum
1225 2803 1388 2839 distantia,
1398 2802 1489 2836 nulla
1499 2804 1608 2849 caligo
1620 2802 1775 2849 impediat
1785 2803 1967 2848 quominus
1979 2801 2028 2835 illi
2038 2803 2201 2841 adhaerea..

362 2873 447 2895 inus.
460 2861 513 2892 Sic
524 2871 561 2892 cu
570 2870 600 2891 m
613 2859 685 2891 Deo
698 2855 860 2903 colligati,
870 2852 994 2888 etiamsi
1006 2851 1268 2888 confliffitaudum
1281 2850 1379 2885 nobis
1400 2850 1435 2884 sit
1447 2863 1523 2886 cum
1535 2849 1664 2885 affiduis
1675 2849 1828 2898 procellis
1837 2872 1846 2887 ,
1868 2849 1935 2883 sum
1942 2863 1977 2884 us
1989 2861 2100 2886 tamen
2112 2865 2201 2890 extra

360 2908 524 2954 naufragii
536 2905 731 2954 periculum.
744 2905 822 2937 Ideo
834 2903 914 2937 dicit
926 2929 937 2943 ,
950 2901 1128 2937 Anchoram
1140 2901 1224 2935 lianc
1234 2910 1331 2932 tutam
1342 2899 1396 2942 effe
1407 2900 1580 2945 acfirmam.
1600 2900 1680 2932 Fieri
1691 2900 1779 2933 enim
1793 2895 1897 2944 potest
1909 2908 1942 2931 vt
1953 2896 2118 2934 fluffiluum
2131 2905 2198 2936 im-

359 2968 438 3007 petu
449 2966 503 2989 aut
516 2953 690 2988 reuellatur
703 2953 915 2991 anchora‚aut
929 2960 1101 2997 rumpatur
1111 2948 1143 2983 fu
1150 2952 1212 2985 nis,
1222 2959 1278 2982 aut
1288 2950 1382 2981 nauis
1391 2946 1544 2981 conculsa
1558 2944 1699 2980 dissiliat.
1710 2946 1818 2980 hocin
1830 2947 1911 2978 mari
1922 2947 2050 2980 accidit.
2073 2947 2123 2983 sed
2134 2950 2198 2985 alia

361 3004 406 3040 est
418 3007 481 3039 Dei
494 3006 599 3037 virtus
609 3002 647 3035 ad
661 3013 721 3034 nos
733 2999 930 3038 fulciendos,
941 2998 1003 3032 alia
1014 2998 1056 3032 est
1067 3000 1116 3032 vis
1127 2996 1203 3044 spei,
1216 2995 1279 3030 alia
1290 2995 1381 3029 verbi
1393 2997 1462 3029 eius
1474 2994 1620 3028 firmitas.
1668 2995 1736 3042 Q
1749 2992 1917 3040 mgrcdttur
1924 2993 1969 3026 ad
1978 3007 2025 3028 etz.
2103 3010 2200 3033 uem-

361 3053 541 3087 admodum
554 3051 710 3086 diximus,
721 3049 827 3082 donec
837 3047 876 3080 acl
885 3049 995 3080 Deum
1004 3049 1174 3093 perueniat
1186 3044 1276 3081 fides,
1286 3043 1372 3078 nihil
1384 3042 1443 3077 nisi
1453 3042 1601 3077 instabile
1614 3046 1646 3076 δέ
1661 3043 1786 3076 fluxum
1799 3044 2009 3090 reperit.ergo
2020 2998 2143 3079 ηειξῂε
2153 3047 2198 3081 est

362 3114 397 3135 vt
411 3104 444 3136 in
456 3099 572 3135 caelum
584 3097 685 3145 vsque
697 3108 855 3144 penetret.
865 3096 926 3128 Sed
936 3097 1012 3140 quia
1024 3096 1198 3141 negotium
1211 3092 1308 3127 habet
1318 3090 1497 3139 Apostolus
1506 3104 1582 3125 cum
1592 3091 1718 3127 Iudaeis‚
1727 3089 1843 3124 alludit
1853 3091 1891 3123 ad
1902 3101 1993 3124 vetus
2004 3091 2200 3129 tabernacu-

362 3149 445 3186 lum,
457 3162 492 3183 ac
505 3149 587 3182 dicit
597 3159 667 3180 non
677 3144 793 3179 debere
806 3147 838 3177 iu
851 3145 888 3176 iis
899 3155 971 3188 quae
985 3143 1150 3179 videntur,
1162 3139 1400 3180 immorari,sed
1413 3142 1623 3186 penetrarem
1633 3138 1750 3172 vltima
1761 3139 1853 3183 adyta
1863 3151 1934 3185 quae
1945 3140 2016 3186 post
2027 3139 2137 3176 velum
2149 3141 2198 3176 12-

361 3209 443 3231 tent.
454 3196 514 3231 acsi
525 3197 656 3234 diceret,
670 3192 864 3240 superandas
874 3190 934 3225 effe
945 3201 1091 3224 externas
1102 3202 1219 3224 omnes
1229 3201 1266 3223 ac
1277 3199 1399 3222 veteres
1413 3187 1530 3234 figuras
1541 3214 1550 3227 ‚
1567 3199 1612 3220 ·vt
1625 3185 1702 3220 fides
1716 3189 1750 3220 in
1763 3184 1833 3220 solo
1843 3186 1978 3221 Christo
1989 3187 2121 3223 sistatur.
2152 3191 2196 3226 Et

360 3247 429 3280 haec
439 3248 522 3278 ratio
533 3244 708 3290 diligenter
717 3240 862 3275 notanda
875 3238 937 3273 est:
953 3240 1030 3284 quia
1049 3238 1200 3272 Christus
1215 3236 1331 3271 caelum
1345 3234 1502 3283 ingressus
1513 3234 1670 3273 est,fidem
1680 3233 1823 3269 nostram
1836 3234 1916 3269 illuc
1927 3247 2063 3282 quoque
2073 3236 2133 3272 else
2142 3239 2196 3272 di.

359 3293 542 3339 rigendam.
555 3305 630 3325 nam
644 3290 722 3325 hinc
732 3290 890 3323 docemur
901 3300 972 3321 non
983 3285 1048 3319 alio
1067 3286 1316 3319 coniicieudum
1329 3282 1388 3318 ess'e
1400 3282 1474 3317 fidei
1485 3286 1656 3318 intuitum.
1697 3284 1739 3316 Et
1752 3283 1837 3317 certe
1848 3282 1961 3317 frustra
1970 3285 2081 3318 Deum
2095 3288 2129 3319 in
2140 3285 2194 3321 sua

360 3342 524 3376 maiestate
535 3350 713 3385 quaererent
725 3337 892 3374 homines,
904 3337 982 3382 quia
991 3336 1092 3368 nimis
1104 3332 1219 3380 procul
1231 3333 1270 3366 ab
1283 3331 1356 3379 ipsis
1369 3332 1410 3366 est
1423 3343 1560 3366 remota:
1573 3329 1624 3364 sed
1636 3330 1785 3365 Christus
1796 3330 1892 3366 nobis
1906 3344 2043 3366 manum
2055 3336 2197 3380 porrigit

356 3400 391 3425 vt
404 3402 465 3424 nos
477 3391 510 3423 in
521 3387 637 3422 caelum
649 3387 754 3421 ducat:
767 3397 864 3433 atque
876 3385 941 3420 hoc
952 3385 1051 3418 etiam
1062 3381 1145 3420 olim
1157 3380 1213 3416 sub
1225 3381 1312 3429 Lege
1323 3379 1556 3415 adumbratum
1567 3378 1642 3414 fuit.
1653 3392 1731 3414 nam
1741 3378 1895 3416 Pontifex
1903 3392 1975 3417 nou
1984 3377 2042 3415 suo
2052 3380 2194 3425 tantum,

2067 3426 2119 3463 sed
2129 3441 2194 3478 ΡΟ.

2214 102 2217 110 “
2210 0 2237 66 ’,εὖ

2231 1059 2251 1109 λ,
