2268 3705
168 187 182 209 1
222 176 340 224 vanre
348 167 405 208 noi}
414 167 760 219 ampliusficfferentes.)
795 170 867 204 Hac
878 171 1066 204 narratione
1076 181 1149 215 quae
1161 167 1316 216 sequitur,
1327 171 1469 218 defiderij
1482 172 1571 207 illius
1587 173 1633 208 sui
1645 173 1741 210 fidem
1752 175 1841 211 facit.
1868 178 1960 212 Nam

121 222 232 258 fialibi
243 219 685 261 retentus‚aliumne1nii1cm
695 217 752 252 suo
764 215 979 252 locomisilset
991 216 1275 256 Thellalonicam,
1289 230 1416 265 poterat
1432 222 1534 254 videri
1544 234 1614 256 non
1628 224 1708 256 adeo
1730 223 1817 271 ipsos
1835 238 1958 261 curare:

120 269 172 305 sed
186 284 291 323 quum
301 268 524 303 Timotheum
545 269 580 301 in
592 269 699 302 vicem
710 265 800 301 suam
811 264 988 312 subrogat,
1008 263 1230 315 suspicionem
1242 267 1335 301 illam
1345 270 1483 302 auertit:
1496 268 1672 315 praesertim
1683 284 1788 317 quum
1801 273 1859 308 sibi
1871 275 1959 321 iplos

121 322 257 366 praeicrt.
295 315 396 351 Porri)
411 314 440 350 se
450 318 612 350 maiorem
623 315 773 352 illorum,
782 315 884 360 quam
895 313 943 348 sui
963 317 1127 353 rationem
1137 314 1284 353 habuisse
1295 316 1437 350 offendit
1447 339 1457 353 ‚
1470 318 1561 363 quod
1584 317 1734 352 maluerit
1748 321 1893 368 relinqui
1903 322 1959 357 sn<

121 368 184 404 lus,
194 367 293 412 quam
306 362 391 412 ipsos
402 364 543 398 destitui.
583 363 717 398 Habent
729 365 818 396 enim
829 362 962 409 pondus
972 361 1040 397 haec
1050 361 1159 402 verba,
1168 365 1290 397 Placuit
1299 364 1422 407 vtfivlus
1432 367 1637 410 relinquerer:
1650 367 1853 403 Timotheus
1866 370 1956 404 valde

123 413 205 450 fidus
216 413 266 448 illi
274 420 340 446 'crat
350 424 482 449 comes,
494 411 608 446 nullos
619 423 700 446 tunc
709 410 794 446 alios
806 409 915 446 secum
926 409 1082 444 habebat:
1099 424 1178 458 ergo
1196 413 1455 447 incommodum
1469 418 1503 446 δε
1524 414 1701 448 molestum
1713 419 1778 449 erat
1789 430 1828 450 co
1840 411 1959 452 carcre.

121 463 261 509 Signum
272 472 350 508 ergo
369 456 431 493 rari
440 462 563 494 amoris
582 460 625 493 est
636 464 670 494 ὅτ,
689 461 775 504 anxij
786 458 928 504 desiderij
940 484 950 499 ‚
961 459 1052 505 quod
1064 457 1093 492 se
1104 461 1199 493 omni
1211 458 1330 495 solatio
1348 463 1476 508 priuare
1493 474 1564 496 non
1585 461 1728 503 recusat,
1741 475 1774 497 vt
1784 464 1956 502 subucniat

121 508 472 545 Thess'alonicensibus.
482 509 596 542 eodem
610 510 751 554 pertinet
763 506 900 542 verbum
910 505 1103 547 εὖέικίσαμεν,
1113 508 1205 554 quod
1214 520 1404 556 promptam
1418 511 1523 544 animi
1534 510 1790 545 inclinationem
1801 512 1956 559 designat.

171 567 188 590 2
237 559 380 590 Fratrem
391 556 544 602 nostrum.)
590 558 657 590 Has
666 555 776 590 laudes
789 557 863 590 ideo
881 553 1043 603 adscripsit
1053 568 1122 602 quo
1134 554 1256 589 melius
1267 555 1452 591 ostenderet
1474 559 1574 604 quam
1587 559 1671 593 bene
1689 559 1755 594 illis
1765 560 1957 596 consultum

121 604 274 640 voluerit.
285 604 375 639 Nam
385 604 407 640 si
418 604 585 652 vulgarem
595 607 786 652 quempiam
798 604 975 639 hominem
985 603 1051 638 illis
1063 601 1192 637 misisset
1201 625 1212 642 ‚
1224 616 1295 638 non
1308 604 1452 639 multum
1464 608 1576 641 iuuare
1587 606 1664 641 illos
1673 619 1811 656 poterat.
1834 612 1867 643 &
1879 613 1958 655 quia

120 652 240 688 Paulus
251 652 317 688 fine
327 652 384 688 suo
395 652 614 688 incommodo
635 652 700 686 hoc
711 651 831 686 fecisset
842 676 852 689 ,
864 651 996 686 nullum
1017 650 1144 699 insigne
1161 651 1293 685 dediffet
1314 663 1455 698 paternae
1475 666 1549 701 erga
1561 668 1616 690 eos
1625 668 1702 699 cure
1713 657 1954 694 testimonium.

120 703 197 736 Hoc
207 701 285 736 vero
297 713 455 749 magnum
467 700 560 747 quod
569 699 699 734 fratrem
710 703 743 735 δε
760 702 991 747 cooperarium
1003 699 1060 734 sibi
1071 699 1222 737 detrahit,
1235 704 1268 734 ὃ(
1281 703 1334 734 cui
1345 703 1516 735 neminem
1527 704 1538 744 (
1548 714 1583 737 vt
1593 703 1672 738 alibi
1683 706 1833 749 testatur)
1843 718 1956 754 parem

120 748 312 798 reperiebat,
323 762 429 797 quum
439 747 502 784 suis
512 749 701 783 commodis
713 760 828 782 omnes
847 749 1020 783 studerent.
1056 751 1184 783 Interea
1192 751 1404 783 autoritatem
1414 749 1572 784 conciliat
1589 751 1748 788 doetrinae
1757 767 1857 800 quain
1869 756 1887 788 a
1896 756 1957 789 Ti—

122 798 262 833 motheo
273 808 494 846 perceperant,
503 807 538 830 vt
549 796 668 831 melius
679 795 778 831 infixa
789 808 904 830 eorum
917 799 1087 831 memoriae
1101 807 1242 831 maneat.
1277 797 1400 832 Merito
1412 808 1522 831 autem
1535 800 1626 836 dicit,
1639 799 1667 834 se
1678 803 1751 836 ideo
1760 802 1878 849 Mist'ffe
1890 803 1955 838 Ti-

120 847 284 887 motheum,
293 858 329 881 vt
339 848 357 881 a
367 846 427 882 suo
436 844 589 892 exemplo
601 843 894 880 confirmationem
908 842 983 879 fidei
993 847 1190 892 acciperent.
1223 846 1361 879 Terrere
1371 859 1427 880 eos
1437 857 1590 893 poterant
1600 860 1717 894 parum
1728 849 1793 885 laeti
1803 863 1954 888 rumores

123 896 162 929 de
172 892 496 943 persequutionibus,
506 891 558 929 sed
570 895 673 939 magis
684 905 740 926 eos
749 895 897 928 animare
907 892 1044 928 debebat
1054 893 1216 941 intrepida
1226 892 1318 927 Pauli
1329 895 1523 931 constantia,
1530 908 1573 929 ne
1583 894 1801 932 fathiscerent.
1825 901 1865 933 Et
1882 911 1953 934 cer-

78 966 81 971 ·
121 944 153 978 te
165 944 230 977 huc
241 945 340 977 etiam
351 942 381 977 se
391 941 535 977 extendit
546 943 811 977 communicatio
824 953 896 987 quae
905 944 990 976 inter
1001 940 1129 985 sanctos
1140 945 1174 975 &
1186 940 1336 976 membra
1345 942 1468 976 Christi
1477 942 1537 977 effe
1546 942 1654 982 debet,
1664 957 1698 979 vt
1709 945 1787 981 fides
1795 950 1903 988 Vnius,
1915 960 1955 983 a-

120 991 245 1026 liotum
257 989 293 1025 sit
304 989 498 1026 consolatio.
537 993 586 1026 Ita
595 1002 701 1036 quum
719 990 871 1023 audirent
880 988 1182 1025 Thess'alonicenses
1195 989 1335 1024 Paulum
1355 990 1512 1024 indefcffo
1520 990 1628 1026 studio
1639 1005 1772 1041 pergere
1780 1020 1790 1034 ,
1807 992 1954 1042 superare

122 1039 319 1075 fortitudine
330 1038 417 1077 fidei,
428 1040 543 1073 omnia
551 1036 738 1072 discrimina
748 1035 929 1084 omnesque
939 1036 1160 1076 difficultates,
1174 1036 1272 1072 fidem
1284 1041 1353 1073 eius
1365 1039 1487 1085 vbique
1496 1040 1645 1075 aduersus
1659 1043 1810 1077 Satanam
1825 1047 1856 1078 δ(
1872 1057 1954 1079 mun

121 1090 204 1123 dum
213 1089 385 1122 victricem
398 1088 492 1122 stare:
504 1087 570 1121 hoc
580 1099 650 1121 non
662 1098 779 1133 parurn
792 1085 1032 1122 consolationis
1046 1085 1112 1122 illis
1121 1085 1283 1121 afferebat.
1321 1087 1497 1122 Praesertirn
1507 1089 1584 1123 vero
1595 1102 1659 1124 nos
1670 1101 1823 1129 mouent,
1833 1090 1884 1125 vel
1895 1091 1956 1126 sal-

121 1148 188 1181 tem
201 1148 335 1170 mouere
345 1135 466 1171 debent
478 1147 592 1169 eorum
605 1133 754 1182 exempla
764 1135 781 1168 a
791 1133 913 1181 quibus
923 1133 1034 1169 sumus
1046 1137 1081 1169 iii
1094 1133 1157 1169 fide
1166 1136 1317 1172 instituti:
1327 1137 1610 1182 quemadmodum
1621 1138 1741 1173 dicitur
1752 1142 1787 1173 in
1799 1138 1864 1174 fine
1875 1142 1955 1188 Epi-

118 1184 208 1230 stolae
219 1185 258 1218 ad
268 1183 436 1218 Hebraeos.
473 1182 636 1230 Intelligit
646 1185 757 1229 itaque
765 1182 886 1221 Paulus
895 1182 953 1216 suo
965 1182 1119 1230 exemplo
1129 1183 1270 1218 debuiffe
1280 1181 1426 1219 sustineri
1436 1211 1446 1226 ,
1456 1198 1497 1220 ne
1509 1189 1543 1219 in
1554 1183 1792 1222 afflifflonibus
1802 1187 1953 1224 fathisce-

117 1244 202 1273 rent.
229 1234 319 1278 Qu
329 1244 440 1267 autem
449 1230 574 1266 offendi
585 1242 737 1279 poterant
749 1230 770 1264 si
782 1233 904 1265 veritus
914 1229 1019 1265 fuisset
1030 1230 1147 1265 Paulus
1158 1245 1199 1265 ne
1212 1229 1461 1267 succumberent
1470 1246 1588 1267 omnes
1598 1233 1953 1284 persequutioni‚(quia

118 1281 185 1316 hoc
195 1280 316 1316 scilicet
327 1283 438 1315 nimiae
449 1278 637 1315 diffidentiae
647 1280 725 1321 erat)
736 1290 894 1326 temperat
904 1279 990 1313 hanc
1001 1280 1204 1326 asperitatem
1217 1292 1321 1326 quum
1333 1281 1426 1320 dicit,
1442 1283 1584 1328 Nequis,
1595 1282 1644 1317 vel
1656 1295 1690 1318 vt
1702 1298 1815 1320 nemo.
1826 1281 1950 1321 Merito

119 1341 231 1364 autem
243 1329 504 1364 hoctimendum
517 1327 590 1368 fuit,
603 1328 736 1374 quando
746 1327 870 1374 semper
881 1328 915 1360 in
927 1331 1048 1373 quouis
1059 1337 1147 1361 coetu
1157 1325 1262 1374 aliqui
1273 1326 1346 1362 sunt
1357 1328 1492 1363 infirmi.

115 1407 117 1409 .
168 1388 196 1425 3=
233 1377 378 1426 lpfienim
385 1376 506 1422 mstis.)
533 1377 625 1422 Qa
635 1375 774 1410 libenter
785 1373 815 1410 se
826 1387 943 1412 omnes
953 1374 1128 1419 subeundae
1144 1377 1249 1410 crucis
1261 1375 1445 1411 neceffitate
1456 1381 1636 1416 eximerent
1646 1393 1654 1415 ε
1665 1381 1822 1416 admonet
1832 1382 1952 1419 Paulus

118 1419 263 1462 'noness‘e
275 1437 332 1460 cur
345 1429 380 1460 in
392 1423 704 1473 persequutionibus
712 1422 924 1473 expauescaiit
935 1421 1044 1457 fideles
1056 1422 1145 1470 quafi
1155 1423 1194 1457 ad
1205 1435 1274 1457 rein
1285 1437 1410 1458 nouam
1421 1437 1476 1460 aut
1487 1426 1668 1466 insolitam,
1680 1433 1757 1475 quia
1767 1431 1834 1465 haec
1843 1433 1953 1467 nostra

119 1473 160 1510 fit
166 1475 322 1510 conditio
332 1486 432 1521 quam
444 1473 542 1508 nobis
551 1474 721 1507 Dominus
731 1471 900 1520 imposuit.
937 1471 1028 1506 Nam
1037 1472 1106 1507 haec
1117 1471 1274 1518 loquutio
1285 1498 1294 1513 ‚
1304 1468 1345 1523 Jn
1354 1472 1516 1516 hocsumus
1531 1475 1882 1518 constituti‚tantuiidem
1896 1488 1953 1515 va-

120 1520 168 1558 let
176 1522 237 1558 acii
249 1521 445 1560 dixiss'ctdiac
457 1521 529 1568 lege
540 1534 602 1555 nos
613 1518 670 1554 else
683 1520 995 1555 Christianos-Dicit
1005 1531 1116 1554 autem
1126 1519 1212 1568 ipsos
1223 1519 1319 1555 scire:
1332 1524 1409 1568 quia
1419 1521 1538 1557 fortius
1554 1536 1703 1572 pugnare
1711 1523 1797 1572 ipsos
1808 1527 1954 1569 decebat,

119 1585 226 1620 quum
238 1574 273 1606 in
286 1582 435 1618 tempore
446 1567 575 1604 fuilsent
586 1570 787 1617 praemoniti.
829 1569 920 1603 Adde
940 1569 1031 1619 quod
1041 1569 1127 1616 apud
1137 1569 1232 1602 rudes
1243 1570 1422 1617 &ignaros
1433 1595 1443 1608 ‚
1462 1572 1602 1607 Paulum
1622 1571 1748 1607 affiduae
1758 1573 1955 1612 afflietionts
1971 1614 1973 1616 ,

117 1620 295 1655 reddebant
306 1617 684 1666 contemptibilemzideo
694 1615 849 1653 nihilsibi
860 1614 917 1651 vsu
934 1615 1056 1652 venisse
1066 1628 1322 1656 commemoret,
1330 1617 1392 1653 nisi
1402 1620 1494 1665 quod
1504 1631 1663 1668 tanquam
1672 1622 1882 1657 vates‘mulro
1894 1637 1954 1659 an-

118 1669 152 1703 te
162 1668 357 1716 praedixerit.
1674 1695 1681 1711 ·.
1834 1697 1838 1703 .
1938 1668 1955 1716 J

167 1725 182 1761 5
233 1717 270 1750 N
275 1728 290 1748 e
291 1712 370 1760 jhm)
378 1711 524 1762 tentaffet.
527 1714 549 1754 )
578 1714 655 1762 Hoc
669 1712 771 1748 verbo
781 1714 878 1751 docet
889 1715 1052 1751 timendas
1064 1714 1190 1762 semper
1200 1712 1259 1748 offe
1267 1716 1482 1759 tentationes,
1491 1720 1569 1763 quia
1581 1720 1756 1766 proprium
1766 1720 1890 1755 Satanae
1900 1720 1953 1756 of<

119 1763 234 1799 ficium
245 1763 282 1798 fit
291 1774 425 1798 tentare.
446 1762 743 1812 Quemadmodum
755 1761 933 1796 autemille
943 1763 1090 1810 Vndique
1099 1761 1228 1797 infidias
1238 1763 1336 1797 nobis
1347 1762 1516 1802 struere-,oc
1528 1765 1664 1813 laqueos
1674 1769 1886 1803 circumcirca
1895 1781 1953 1806 ten

119 1814 193 1848 dere
202 1812 300 1849 nobis
311 1825 380 1846 non
392 1809 544 1846 ceffattita
553 1823 614 1845 nos
625 1813 661 1844 in
672 1809 818 1845 excubiis
828 1809 888 1845 effi:
897 1822 1030 1858 oportet
1041 1814 1189 1846 intentos
1198 1811 1238 1844 ad
1248 1812 1446 1846 cauendum.
1474 1818 1524 1848 Ac
1534 1816 1599 1849 iam
1610 1815 1720 1861 aperte
1731 1816 1812 1852 dicit
1823 1819 1912 1864 quod
1923 1820 1952 1852 i·-

114 1863 204 1896 nitio
215 1859 303 1907 quasi
313 1861 415 1895 nimis
425 1857 574 1906 asperum
586 1858 759 1905 refugerat,
770 1871 890 1906 nempe
900 1856 931 1893 se
939 1858 1031 1893 fuisse
1041 1858 1208 1894 solicitum
1219 1872 1261 1893 ne
1271 1862 1356 1895 irriti
1368 1859 1467 1896 ess'ent
1484 1860 1533 1896 sui
1547 1862 1688 1903 labores,
1697 1863 1719 1897 fi
1730 1863 1816 1901 forte
1827 1874 1952 1913 praua-

115 1908 196 1945 lcret
205 1907 427 1958 Satan-Atque
437 1907 502 1946 hoc
511 1907 591 1944 facit
601 1918 636 1942 vt
647 1905 759 1942 sedulo
769 1905 954 1956 aduigilent
963 1907 1036 1956 ipsi,
1048 1912 1083 1943 ὃς
1093 1907 1198 1944 acrius
1209 1905 1239 1942 se
1249 1908 1447 1946 extimulent
1455 1910 1495 1947 ad
1503 1910 1726 1949 resistendum
1949 1909 1952 1913 ⁴

124 2043 126 2046 ,
169 2014 193 2047 6
216 2052 219 2055 ,
249 2015 372 2063 Nuper
379 2017 495 2048 autem
503 2021 615 2063 quum
623 2005 776 2063 veniffiet
783 2003 980 2047 Timotheus
991 2005 1043 2044 ad
1047 2020 1111 2045 nos
1120 2003 1142 2045 h
1153 2003 1270 2049 vohis,
1283 2004 1326 2052 ὠ·-
1337 2004 1577 2063 annuntiasset
1585 2006 1794 2065 nobisfidem
1806 2009 1847 2056 ά·
1856 2011 1950 2052 dile·m

114 2062 264 2105 aionem
273 2064 442 2118 vestram,
455 2062 601 2117 &quod
606 2061 732 2103 bonam
741 2061 847 2120 nostri
855 2066 1058 2103 memoriam
1067 2060 1347 2120 habetislimper,
1362 2063 1595 2119 defideraat'es
1607 2080 1670 2105 nos
1681 2069 1819 2112 videre,
1828 2078 1950 2122 qu'em-

104 2122 305 2174 ‘admodum
315 2120 355 2168 ὀ*
366 2135 427 2159 nos
436 2120 498 2174 ipsi
502 2135 581 2160 vos:
867 2166 870 2170 Δ

169 2192 197 2229 7
252 2178 341 2218 Inde
350 2174 607 2232 consolationem
619 2180 816 2233 percepimu
820 2174 900 2229 sfra
904 2185 977 2215 tres
991 2176 1037 2215 de
1045 2174 1147 2218 vobis
1157 2204 1168 2224 ,
1189 2179 1229 2218 in
1236 2181 1333 2219 omm'
1347 2175 1574 2219 tribulatione
1584 2175 1625 2225 όν
1634 2181 1824 2233 ηετςβὶῐαιε
1833 2180 1948 2233 nostra

109 2247 175 2292 per·
182 2234 464 2289 vestram-fidem?
793 2281 798 2284 Ι

154 2297 165 2301 ”
252 2296 352 2347 Qia
368 2300 462 2330 n'unz·
471 2291 683 2345 viuinms,fi
690 2304 758 2330 vos
759 2288 863 2343 statis
871 2293 910 2330 in
919 2292 1080 2329 Domino.
1202 2340 1205 2343 Δ
1450 2333 1458 2340 ,

170 2344 192 2396 9
250 2356 373 2401 Quam
385 2351 479 2387 enim
485 2352 686 2402 gratiarum
703 2346 1049 2403 astionempeffumus
1058 2349 1134 2385 Deo
1141 2345 1287 2386 reddere
1294 2346 1339 2385 de
1349 2345 1464 2392 vobis,
1477 2350 1517 2388 in
1527 2353 1625 2389 omni
1629 2349 1764 2404 gaudio
1774 2350 1871 2403 quod
1871 2360 1947 2405 gau

113 2403 238 2445 demus
245 2414 387 2460 propter
392 2419 461 2443 vos
473 2418 586 2443 eoram
596 2410 669 2442 Deo
680 2402 804 2453 nostro,

152 2488 157 2507 2
171 2449 212 2501 ΥΞ
269 2461 391 2510 Ἄρὲῗε
400 2474 440 2499 ac
445 2460 505 2501 die
503 2458 751 2516 fiapramodum
754 2468 998 2515 precantes‚vt
1003 2458 1194 2502 videamus
1193 2459 1329 2512 ficiem
1337 2459 1501 2516 vestram,
1515 2459 1774 2519 &steppleamus
1781 2464 1948 2518 quaefidei

113 2515 230 2571 vestra
237 2516 375 2572 defient.
431 2529 433 2531 ’

157 2596 227 2634 Hic
237 2596 303 2632 alio
313 2607 513 2644 argumento
522 2597 723 2632 demonstrat
733 2596 833 2644 quam
845 2590 998 2643 singulari
1010 2601 1084 2644 erga
1094 2602 1150 2631 eos
1159 2602 1272 2632 amore
1283 2596 1320 2631 sit
1330 2595 1476 2636 affectus,
1489 2593 1579 2647 quod
1589 2595 1713 2635 scilicet
1724 2596 1800 2634 laeto
1811 2600 1944 2649 prospe-

110 2647 140 2680 ri
150 2641 266 2681 eorum
276 2647 374 2680 status
385 2648 508 2680 nuntio
519 2644 608 2692 quasi
619 2656 705 2679 extra
715 2645 745 2680 se
754 2656 865 2692 raptus
875 2643 983 2679 fuerit.
992 2645 1157 2680 Notandae
1167 2647 1258 2680 enim
1270 2644 1344 2680 sunt
1355 2647 1593 2680 circunstantiae
1604 2658 1683 2693 quas
1694 2647 1885 2683 recenseam
1896 2648 1947 2683 af-

111 2693 262 2733 flig-lione
270 2707 308 2729 ae
318 2691 503 2728 neceffitate
514 2705 666 2728 eratznon
676 2705 754 2741 ergo
768 2691 937 2727 videbatur
946 2692 1103 2727 hilaritati
1113 2692 1172 2728 eise
1183 2693 1351 2729 locus.Sed
1365 2707 1470 2741 quum
1482 2695 1520 2729 de
1534 2693 1878 2732 Thessalonicensibus
1888 2710 1946 2732 au-

113 2742 161 2776 dit
168 2742 261 2789 quod
271 2741 418 2790 optabat,
456 2740 520 2776 uasi
530 2743 678 2776 extincsto
690 2740 855 2776 malorum
868 2739 974 2779 sensu,
983 2744 1017 2775 in
1028 2742 1186 2788 gaudium
1198 2746 1232 2777 &
1243 2741 1499 2789 gratulationem
1511 2741 1641 2778 effertur
1653 2752 1660 2777 ἐ
1672 2756 1863 2791 quanquam
1874 2758 1946 2793 gra⁴

114 2790 216 2824 datim
226 2792 265 2825 ad
276 2791 361 2825 hanc
369 2755 478 2837 gaudij
489 2790 757 2837 magnitudinem
767 2785 1012 2837 exprimendam
1029 2789 1190 2837 procedit.
1228 2790 1319 2824 Nam
1330 2790 1443 2838 prime>
1453 2791 1533 2827 dicit
1541 2814 1550 2828 ‚
1563 2793 1589 2823 C
1591 2791 1801 2835 onfiilati'onem
1808 2797 1946 2841 percepi-

116 2840 310 2890 muttpostea
319 2836 458 2873 effusum
468 2837 611 2872 vbertim
622 2838 783 2884 gaudium
793 2835 1121 2885 praedicat.Caetert⁸im
1132 2839 1201 2872 haec
1212 2838 1389 2885 gratulatio
1399 2841 1467 2873 vim
1478 2839 1718 2875 exhortationis
1729 2840 1837 2875 habet:
1847 2852 1946 2887 atque

115 2884 182 2920 hoc
191 2886 369 2922 confilium
378 2885 441 2923 fuit
449 2886 552 2920 Paulo
563 2897 598 2921 vt
606 2884 909 2921 Thess'alonicensts
917 2887 956 2920 ad
965 2886 1170 2933 pergendum
1182 2888 1347 2920 inuitaret.
1355 2889 1393 2922 Et
1405 2887 1491 2922 certe
1504 2886 1559 2922 hic
1569 2891 1746 2923 acerrimus
1757 2888 1817 2923 effe
1828 2889 1863 2922 sti
1870 2902 1944 2924 mu-

113 2933 165 2969 lus
179 2928 302 2972 debuii,
313 2939 381 2982 quii
391 2933 614 2981 intelligerent
626 2932 738 2973 saneto
749 2932 914 2982 Apostolo
922 2960 934 2975 ,
942 2944 1074 2968 tantum
1083 2931 1187 2980 solatij
1198 2938 1231 2969 δε
1243 2936 1354 2981 gaudii
1366 2936 1511 2970 accidere
1521 2948 1559 2970 ex
1568 2939 1698 2984 pietatis
1708 2935 1769 2970 suae
1780 2935 1944 2984 profeehi.

160 2987 185 3017 6
231 2985 259 3016 F
261 2976 343 3017 idem
353 2989 388 3023 ῥ-
402 2982 626 3024 diletionem.)
652 2983 734 3030 Q?
746 2981 951 3030 frequentius
961 2982 1047 3030 apud
1060 2980 1200 3016 Paulum
1209 2985 1355 3017 occurrit
1367 2983 1434 3019 haec
1442 2982 1603 3030 loquendi
1614 2983 1720 3018 forma
1730 3008 1740 3023 ‚
1753 2995 1793 3021 eo
1803 2983 1947 3031 diligen-

111 3020 178 3064 iius
192 3026 338 3074 notanda
346 3032 510 3066 estbtotam
520 3033 609 3065 enirn
620 3030 925 3078 pietatissi'im‘niam
936 3029 1080 3065 breuiter
1088 3030 1213 3065 indicat
1222 3030 1274 3066 his
1285 3030 1414 3066 duobus
1425 3031 1542 3067 verbis.
1578 3034 1691 3077 Qare
1703 3035 1895 3078 quicunque
1906 3033 1946 3067 ad

114 3077 204 3123 hunc
214 3079 381 3127 duplicem
394 3078 531 3127 scopum
540 3078 768 3117 collimant‚in
778 3079 850 3114 tota
858 3082 925 3114 vita
935 3077 1009 3112 sunt
1019 3089 1106 3112 eittra
1115 3079 1241 3114 errandi
1252 3079 1448 3129 periculum.
1481 3079 1551 3114 Alii
1562 3093 1679 3114 omnes
1689 3083 1906 3126 quantumuis
1917 3078 1948 3115 se·

114 3136 303 3171 torqueant,
313 3126 428 3162 misere
438 3138 607 3176 vagantur.
619 3128 771 3163 Tertium
782 3127 874 3174 quod
883 3127 1006 3161 addidit
1016 3126 1054 3160 de
1065 3126 1155 3163 bona
1164 3126 1214 3162 sui
1223 3130 1384 3165 memoria
1394 3152 1404 3166 ‚
1418 3128 1457 3162 ad
1468 3127 1637 3175 Euangelij
1649 3130 1867 3162 reuerentiam
1876 3127 1948 3176 spe-

114 3175 191 3208 &au
201 3174 283 3208 Non
293 3178 382 3209 enim
393 3175 459 3220 alio
468 3178 610 3210 'nomine
619 3174 760 3210 Paulum
770 3187 837 3209 tam
847 3175 996 3212 charum,
1007 3178 1042 3209 δε
1054 3176 1089 3209 in
1099 3185 1193 3211 tanto
1203 3179 1311 3224 pretio
1323 3175 1496 3211 habebant.

163 3222 189 3255 8*
233 3222 319 3269 Qa
327 3235 407 3256 nunc
413 3223 641 3267 viuimus.)H'ic
651 3223 770 3258 clarius
779 3224 886 3258 adhuc
895 3233 983 3270 patet
991 3233 1027 3257 vt
1040 3221 1178 3271 seipsum
1187 3225 1293 3272 prope
1303 3223 1427 3259 oblitus
1438 3223 1537 3260 fuerit
1546 3222 1666 3257 Paulus
1676 3222 1948 3260 Theffaloiiiceffl

114 3267 199 3304 fium
211 3269 371 3310 causa‚vel
379 3269 489 3306 saltem
499 3271 688 3316 posthabito
698 3270 746 3306 sui
754 3270 1058 3319 respestmprimam
1068 3283 1105 3306 ac
1114 3269 1317 3320 potiffimam
1326 3271 1415 3306 suam
1426 3274 1667 3319 cogitationem
1678 3272 1718 3305 ad
1726 3271 1813 3319 ipsos
1823 3274 1950 3309 adiece-

114 3321 169 3354 rit.
211 3320 416 3367 Qanquam
427 3331 500 3362 non
510 3330 578 3354 tam
598 3321 779 3361 hominum
792 3320 898 3355 studio
908 3320 941 3354 id
953 3318 1030 3354 fecit
1049 3321 1154 3367 quam
1163 3320 1277 3368 gloriae
1285 3321 1438 3357 Domini.
1479 3322 1531 3354 Sic
1541 3322 1632 3401 enin-113
1644 3321 1678 3354 in
1688 3319 1801 3375 sancto
1814 3324 1948 3369 pectore

1633 3391 1642 3401 .
1689 3380 1722 3407 ¹1-

1978 795 2066 825 xJ'i'm.
2075 800 2098 825 '2.
2109 797 2171 829 'it-25³?

1977 1198 2132 1236 Heb.13.b.7⁴2
