2268 3705
1 949 16 970 ε’
0 832 19 931 ‘'rhy-

24 881 33 906 ⁴.
27 863 30 866 .

92 2677 161 2707 eat.
179 2665 281 2700 Valde
292 2665 382 2699 vtilis
392 2668 591 2705 admonitio:
603 2679 680 2700 nam
693 2679 748 2700 eos
758 2668 816 2713 qui
828 2664 925 2700 semel
935 2665 1117 2701 illuminati
1130 2666 1270 2705 fuerant,
1280 2666 1336 2702 vbi
1346 2667 1503 2715 respuunt
1528 2681 1595 2704 tam
1606 2667 1788 2718 pretiosum
1799 2672 1864 2704 Dei
1873 2671 1936 2705 do-

109 161 180 193 xios
190 154 323 192 affe&us
332 149 485 190 damnare
494 150 649 187 voluerit.
661 152 751 186 Nam
762 151 785 186 si
794 155 909 186 malum
917 154 995 186 malo
1004 151 1132 186 reddere
1141 152 1187 187 fas
1197 166 1269 188 non
1282 156 1337 195 est,
1347 155 1466 189 vitiosa
1479 156 1522 189 est
1532 159 1642 192 omnis
1651 154 1793 194 nocendi
1805 160 1939 207 cupidis*

108 217 166 240 tas.
176 207 311 252 Propria
321 202 588 238 Christianorum
600 201 643 234 est
652 200 720 235 haec
730 201 882 236 dodhina
892 227 902 242 ‚
912 214 984 236 non
993 200 1140 235 retaliare
1152 201 1357 239 iniurias,sed
1367 216 1462 250 :equo
1472 207 1588 238 animo
1599 205 1747 253 perferre.
1760 211 1809 243 Ac
1821 222 1863 242 nc
1874 223 1938 257 pu*

107 263 211 288 tarent
220 249 518 288 Thessalonicenses
533 249 694 284 vltionem
707 249 837 283 tantum
847 250 907 284 adu
913 249 996 284 ersus
1006 249 1117 284 fratres
1129 248 1204 286 suos
1218 250 1397 298 prohiberi:
1407 256 1610 287 nominatim
1625 259 1789 300 exprimit,
1800 257 1853 290 Ne
1863 261 1936 292 cui-

107 315 208 350 quam
220 299 424 343 malefaciant
437 312 444 332 :
461 294 608 345 speciosae
619 299 710 332 enim
727 298 895 332 interdum
904 297 1127 332 excusationes
1154 298 1290 333 obtendi
1303 298 1417 334 solent.
1438 302 1549 347 Qd?
1570 300 1665 335 illum
1676 304 1756 337 adeo
1769 318 1911 352 nequam
1923 333 1935 347 ,

107 349 274 386 scelestum
294 351 330 382 &
340 345 506 381 crudele‘m
529 357 586 380 cur
596 359 666 380 non
678 345 774 380 liceat
793 346 877 380 mihi
888 345 998 381 vlcisci
1015 353 1025 378 Ξ
1055 347 1177 381 Verum
1188 350 1266 394 quia
1286 347 1369 383 vltio
1381 348 1447 383 fine
1457 352 1652 397 exceptione
1679 351 1777 386 nobis
1796 356 1934 388 interdi—

108 402 211 434 citur,
235 393 472 442 qualiscunque
482 393 518 428 sit
527 396 552 428 is
569 395 627 440 qui
639 407 701 428 nos
713 392 807 432 laefit,
825 393 1056 429 abstinendum
1066 395 1110 429 est
1135 396 1260 430 anoxa.
1309 395 1724 447 Sedsemperbemgnitmem.
1776 403 1851 435 Hoc
1870 415 1932 448 po-

105 448 238 483 steriore
254 442 405 478 membro
416 456 487 477 non
523 442 651 476 tantum
664 443 682 476 a
699 442 1084 477 vindictaabsti'nendum
1097 442 1157 476 effe
1174 445 1270 478 docet
1280 468 1290 481 >
1304 444 1402 491 fiquis
1413 445 1597 481 noslaescrit
1608 460 1617 480 ε
1630 445 1679 480 sed
1691 447 1863 482 colendam
1884 462 1934 484 er—

109 508 149 545 ga
169 505 285 549 otmffs
301 489 566 526 beneficentiam.
585 489 650 524 Etfi
668 493 759 524 enim
770 502 921 525 mutuam
940 493 1025 525 inter
1037 489 1146 525 fideles
1167 493 1279 539 primo
1291 492 1350 526 elle
1367 493 1438 528 vult
1450 519 1460 532 ,
1480 496 1590 542 postea
1611 507 1721 529 tamen
1740 497 1777 529 ad
1799 510 1930 538 omncs,

109 542 251 591 quanuis
270 540 427 588 indignos
445 563 454 577 ,
473 552 545 573 eam
567 539 711 573 extendit
725 553 732 572 :
748 550 782 572 νε
801 540 986 574 studeamus
1005 538 1132 579 malum
1151 538 1244 574 bono
1264 544 1394 575 vincere
1411 567 1419 579 ‚
1440 544 1725 589 quemadmodum
1745 545 1833 579 idem
1854 545 1934 580 alibi

108 594 214 627 docet.
239 589 370 623 Primus
389 600 468 635 ergo
478 589 643 636 patientiae
661 588 778 634 gradus
789 587 833 621 est
850 601 921 622 non
930 586 1041 623 vlcisci
1057 589 1212 622 iniurias:
1232 587 1391 624 secundus
1414 592 1493 625 vero
1504 615 1514 629 ,
1526 595 1625 626 etiam
1638 593 1746 626 hostes
1763 592 1935 629 beneficiis

109 637 274 689 prosequi.

154 691 191 721 16
240 683 520 734 Sempergaudete.)
571 685 647 719 Hoc
666 685 705 718 ad
715 684 981 719 moderationem
990 687 1095 719 animi
1105 683 1221 722 refero,
1232 685 1312 720 dum
1325 685 1451 732 placide
1462 688 1498 721 in
1508 686 1603 722 rebus
1614 688 1752 724 aduerfis
1763 688 1791 724 se
1802 694 1934 731 retinet,

108 748 218 782 neque
236 733 334 768 fraena
343 733 451 768 dolori
462 732 556 767 laxat.
567 733 645 767 Ideo
656 733 724 767 haec
734 735 795 766 tria
806 731 900 767 simul
910 735 1089 768 connecto:
1100 732 1224 781 semper
1235 734 1383 768 Gaudere
1392 758 1402 772 ,
1421 734 1625 782 Indefinemer
1633 750 1716 770 orare
1725 762 1734 777 ‚
1757 743 1789 773 St
1805 742 1933 774 Gratias

107 788 178 819 Deo
187 795 275 832 agere
283 785 316 816 in
325 780 471 816 omnibus.
520 783 610 815 Nam
622 793 727 827 quum
737 779 872 814 assiduas
883 793 993 827 preces
1006 783 1218 816 commendat
1228 807 1238 819 ‚
1257 785 1420 817 rationem
1432 784 1572 817 ostendit
1586 787 1745 832 perpetuo
1757 789 1932 834 gaudendi:

108 835 187 880 quia
199 823 376 883 hoeffiodo
386 829 589 865 leuationem
601 831 635 863 in
646 828 804 863 omnibus
815 828 910 863 malis
919 830 1036 864 nostris
1048 831 1066 864 a
1075 832 1149 864 Deo
1163 833 1316 878 petimus.
1327 832 1378 865 Sic
1391 833 1430 865 ad
1439 830 1559 879 Philip.
1570 844 1674 879 4.a.4‚
1685 834 1741 869 vbi
1751 838 1844 874 dixit,
1857 840 1933 872 Gau

108 883 181 916 dete
191 883 226 915 in
237 872 523 914 Dortii1102iteruni
531 878 606 911 dico
618 877 958 924 gaudete‚Moderatio
969 878 1070 912 vestra
1078 888 1158 913 nota
1168 879 1205 912 sit
1215 892 1270 912 om
1276 878 1443 914 nibus.Ne
1459 879 1524 914 sitis
1539 879 1842 919 soliciti2Dominus
1854 898 1934 933 pro-

106 943 148 978 pe
158 929 213 966 est,
224 928 334 976 postea
342 929 505 961 rationem
517 926 727 965 demonstrat,
743 926 804 959 Sed
815 927 850 959 in
860 928 956 960 omni
964 929 1154 974 precatione
1164 928 1271 961 vestra:
1282 927 1519 975 postulationes
1530 927 1739 965 innotescant
1754 933 1840 973 Deo,
1853 935 1932 969 cuni

107 979 284 1026 gratiarum
296 977 438 1010 afflone.
450 973 534 1012 Illic,
543 985 577 1008 vt
588 974 749 1014 videmus,
760 971 886 1008 causam
897 975 1008 1021 gaudii
1018 978 1116 1023 ponit
1126 978 1278 1010 animum
1289 976 1508 1023 tranquillum
1520 989 1556 1011 ac
1567 976 1709 1013 sedatum
1725 1006 1735 1019 ,
1746 982 1805 1025 qui
1815 982 1865 1015 vel
1876 985 1932 1016 in-

88 1032 91 1034 “
107 1027 199 1062 iuriis
208 1051 218 1065 ,
228 1023 279 1058 vel
291 1023 386 1057 rebus
396 1021 532 1057 aduerfis
544 1021 626 1056 vltra
638 1022 778 1056 modum
789 1035 860 1057 non
871 1023 1030 1057 turbetur.
1053 1024 1217 1058 Caeterum
1230 1038 1272 1058 ne
1282 1023 1380 1058 dolor
1389 1049 1400 1063 ‚
1415 1026 1543 1059 tristitia
1553 1052 1564 1066 ‚
1574 1029 1718 1061 anxietas
1727 1051 1737 1064 ‚
1751 1040 1858 1063 merus
1870 1043 1933 1064 nos

107 1076 311 1123 opprimant,
322 1071 413 1105 iubet
425 1073 460 1105 in
471 1071 717 1117 prouidentiam
727 1072 789 1104 Dei
800 1070 1001 1105 recumbere.
1011 1072 1114 1106 Porro
1126 1076 1204 1119 quia
1217 1071 1296 1120 saepe
1306 1073 1471 1121 obrepunt
1482 1072 1705 1110 dubitationes
1714 1099 1725 1113 ,
1747 1089 1787 1110 an
1799 1089 1883 1111 curae
1894 1076 1935 1111 fi·-

78 1164 80 1167 ·
108 1135 182 1158 mus
194 1123 279 1156 Deo,
289 1120 473 1153 remedium
484 1131 620 1165 quoque
630 1117 817 1165 praescn'bit‚
830 1130 864 1152 vt
874 1120 1050 1166 precando,
1060 1121 1185 1156 nostras
1194 1121 1418 1156 solicitudines
1430 1121 1518 1169 quasi
1531 1125 1565 1157 in
1577 1125 1646 1157 eius
1657 1123 1763 1158 sinum
1776 1138 1934 1160 exonere-

105 1182 191 1207 mus,
201 1168 484 1216 quemadmodum
495 1167 605 1201 Dauid
620 1166 734 1200 Psalm.
746 1179 793 1212 37.
804 1179 830 1201 a.
840 1171 907 1211 5‚&
916 1177 959 1212 55.
969 1168 999 1201 d.
1008 1180 1052 1213 23.
1063 1171 1221 1216 praecipit,
1238 1174 1271 1203 ὃς
1283 1172 1351 1203 eius
1363 1170 1514 1218 exemplo
1524 1172 1647 1205 Petrus.
1666 1174 1758 1219 Qa
1772 1185 1883 1208 autem
1896 1176 1934 1209 in

103 1220 192 1255 votis
203 1219 349 1252 nimium
359 1214 470 1250 sumus
480 1217 675 1263 praecipites,
687 1226 987 1262 temperamentum
996 1215 1158 1254 adscribit,
1169 1229 1204 1251 vt
1215 1230 1286 1263 quae
1295 1216 1409 1253 desunt
1418 1231 1605 1267 expetentes
1615 1243 1626 1257 ,
1645 1234 1716 1254 non
1728 1232 1844 1256 tamen·
1852 1221 1934 1256 desi—-

105 1279 224 1304 namus
233 1268 351 1313 gratias
360 1276 465 1312 agere.
477 1265 621 1297 Eandem
632 1261 757 1300 seriem,
768 1263 845 1297 licet
857 1263 1070 1311 paucioribus
1080 1264 1199 1306 verbis,
1209 1266 1264 1300 hic
1274 1278 1432 1300 contextt.
1442 1269 1531 1302 Nam
1544 1271 1654 1315 primo
1664 1269 1754 1308 loco,
1768 1272 1852 1304 tanti
1862 1269 1934 1305 vult

103 1317 124 1352 ὲ
134 1314 230 1356 nobis
241 1313 390 1348 aestimati
399 1314 463 1346 Dei
473 1311 644 1349 beneficia,
655 1323 689 1345 vt
700 1324 815 1346 eorum
826 1313 955 1358 agnitio
968 1313 1185 1347 &meditatio
1194 1315 1358 1348 tristitiam
1371 1328 1508 1350 omnem
1520 1315 1656 1363 superet.
1666 1318 1708 1351 Et
1718 1316 1791 1352 sane
1802 1317 1824 1352 fi
1834 1331 1936 1367 repu-

104 1375 213 1400 tamus
223 1362 302 1408 quid
313 1360 411 1395 nobis
421 1361 571 1395 Christus
583 1359 762 1394 contulerit
774 1383 784 1397 ,
796 1359 887 1394 nulla
899 1362 959 1393 erit
970 1371 1061 1394 tanta
1072 1360 1196 1396 doloris
1207 1361 1364 1396 acerbitas
1374 1375 1446 1409 quae
1456 1377 1526 1398 non
1536 1363 1689 1404 leniatur,
1707 1370 1740 1400 &
1754 1365 1868 1400 locum
1879 1379 1934 1401 ce-

106 1413 160 1448 dat
169 1409 328 1459 spirituali
339 1409 473 1456 gaudio.
483 1407 555 1442 Nisi
566 1411 655 1442 enim
666 1420 780 1455 regnet
792 1410 826 1442 in
838 1406 934 1442 nobis
945 1408 1010 1443 hoc
1020 1409 1192 1455 gaudium,
1203 1409 1326 1444 simula
1336 1411 1434 1445 nobis
1444 1424 1585 1459 regnum
1595 1415 1659 1446 Dei
1673 1413 1792 1454 exulat,
1807 1415 1859 1449 vel
1870 1428 1933 1449 nos

105 1459 147 1498 ab
157 1459 241 1509 ipso.
252 1460 290 1492 Et
301 1458 395 1491 valde
404 1459 552 1503 ingratus
561 1458 604 1490 est
615 1458 699 1495 Deo,
710 1459 764 1490 cui
774 1469 844 1490 non
857 1459 940 1490 tanti
951 1457 995 1490 est
1005 1457 1129 1491 Christi
1139 1459 1261 1493 iustitia
1272 1462 1306 1493 δε
1315 1456 1383 1507 spes
1393 1462 1467 1494 vitae
1475 1472 1613 1498 aeternae,
1625 1472 1661 1495 vt
1671 1464 1706 1495 in
1717 1464 1825 1497 media
1834 1464 1934 1497 tristi-

105 1511 153 1545 tia
166 1508 314 1556 gaudeat.
323 1507 385 1540 Sed
394 1507 556 1551 quoniam
565 1504 660 1539 facile
670 1507 775 1538 animi
786 1505 888 1538 nostri
896 1503 1086 1543 fathiscunt,
1098 1506 1205 1541 donec
1215 1509 1430 1553 impatientiae
1442 1507 1676 1544 succumbant:
1694 1512 1879 1545 notandum
1889 1512 1934 1545 est

103 1557 291 1594 remedium
303 1554 395 1600 quod
407 1566 484 1587 mox
495 1553 656 1600 adiungit.
675 1555 821 1587 Iacentes
833 1555 922 1587 enim
934 1556 967 1587 δέ
979 1554 1128 1600 prostrati
1139 1557 1297 1602 erigimur
1309 1555 1476 1602 precibus,
1499 1559 1578 1603 quia
1587 1560 1622 1592 in
1633 1554 1744 1592 Deum
1764 1561 1934 1594 reiicimus

1959 577 2072 608 Rom-iz.
2084 576 2150 615 fidit.

103 1607 197 1655 quod
207 1617 269 1639 nos
279 1601 444 1651 grauabat.
455 1603 630 1646 Qoniam
639 1611 749 1634 autem
760 1599 865 1635 multa
876 1602 1025 1647 quotidie
1035 1628 1046 1641 ,
1056 1602 1128 1637 imo
1137 1602 1274 1650 singulis
1284 1609 1464 1639 momentis
1474 1617 1590 1653 pacem
1611 1607 1756 1640 nostram
1769 1609 1936 1653 inquieta-
1970 1614 1973 1616 ’

103 1667 151 1694 re,
162 1658 196 1689 δε
207 1654 365 1700 gaudium
378 1649 525 1684 excutere
534 1647 632 1682 nobis
641 1646 778 1695 poisent:
789 1651 863 1683 ideo
872 1652 1082 1684 continenter
1093 1663 1155 1685 nos
1165 1664 1256 1685 orare
1266 1651 1368 1686 iubet.
1383 1655 1434 1687 De
1444 1653 1505 1688 hac
1515 1665 1626 1688 autem
1641 1655 1795 1702 precandi
1805 1654 1937 1690 affidui-

104 1714 171 1738 tate
180 1699 259 1736 alibi
269 1702 422 1734 diximus.
436 1699 621 1731 Gratiarum
633 1699 735 1735 actio,
747 1709 782 1731 vt
791 1699 876 1734 dixi,
888 1697 977 1745 quafi
987 1709 1287 1746 temperamentum
1298 1699 1478 1735 subiicitur.
1504 1701 1607 1736 Multi
1616 1706 1707 1736 enim
1719 1702 1760 1737 fic
1771 1715 1867 1738 orant
1876 1727 1886 1741 ,
1899 1715 1934 1738 νε

104 1762 216 1786 tamen
225 1748 480 1784 obmurmurent
489 1746 576 1785 Deo,
585 1757 622 1779 ac
633 1744 785 1783 frement,
795 1745 854 1779 nisi
864 1748 1018 1793 protinus
1029 1745 1228 1793 obsequatur
1238 1761 1355 1783 eorum
1368 1752 1466 1784 votis.
1493 1747 1600 1797 Atqui
1610 1750 1762 1785 desideria
1772 1750 1881 1786 nostra
1891 1750 1935 1795 fic

104 1791 231 1834 fraenari
241 1797 412 1832 conuenit,
424 1806 460 1830 νε
470 1796 622 1829 contenti
632 1807 672 1828 eo
683 1795 773 1840 quod
783 1795 1074 1841 dat-urigratiarum
1083 1797 1252 1830 aaronem
1263 1795 1388 1845 semper
1400 1797 1593 1833 misceamus
1603 1801 1702 1833 votis.
1713 1795 1824 1834 Petere
1834 1801 1935 1848 quide.

56 1868 61 1873 .
103 1846 181 1883 licet
189 1873 200 1888 ‚
209 1856 339 1895 gemere
347 1845 446 1878 etiam
457 1846 494 1878 &
503 1844 674 1889 conqueri:
684 1842 791 1876 sedita
799 1853 834 1877 νε
841 1841 940 1878 nobis
949 1845 1055 1891 magis
1065 1841 1251 1879 adlubescat
1259 1846 1324 1879 Dei
1334 1845 1502 1884 voluntas,
1512 1847 1613 1894 quam
1623 1846 1745 1882 nostra.

148 1896 183 1929 18
209 1904 212 1909 ’
231 1896 310 1929 Haec
321 1895 400 1926 enim
409 1894 472 1926 Dei
479 1893 646 1934 voluntas.)
696 1892 829 1938 Nempe
846 1902 881 1924 vr
891 1892 1009 1937 gratias
1019 1904 1154 1939 agamus
1163 1919 1174 1933 ,
1199 1891 1378 1928 secundum
1391 1893 1619 1940 Chrysostomi
1630 1895 1835 1931 sententiam.
1858 1893 1933 1943 Ego'

99 1942 287 1992 pleniorem
297 1939 423 1976 sensum
434 1942 602 1975 contineri
612 1950 694 1987 puto
707 1937 764 1973 sub
774 1939 826 1973 his
836 1939 954 1974 verbis:
966 1939 1056 1986 quod
1067 1940 1141 1975 talis
1151 1940 1188 1987 sit
1198 1954 1273 1988 erga
1283 1955 1346 1976 nos
1356 1941 1421 1976 Dei
1431 1942 1567 1978 affectus
1578 1946 1613 1978 in
1623 1945 1808 1982 Christo‚vt
1820 1947 1855 1979 in
1865 1942 1934 1979 affli

100 1989 272 2027 &ionibus
305 2002 417 2036 uoque
426 1989 550 2036 largam
562 1988 741 2023 habeamus
762 1989 932 2022 materiam
943 1990 1060 2035 gratias
1070 1990 1199 2035 agendi.
1219 1991 1314 2036 Qid
1324 1992 1413 2025 enim
1426 1993 1464 2025 ad
1476 2005 1538 2025 nos
1549 1991 1731 2039 placandos
1751 1995 1860 2040 aptius
1875 2004 1932 2028 aut

97 2033 205 2087 'magis
214 2003 414 2086 appssitum,
424 2040 526 2084 quarn
537 2037 617 2071 dum
627 2036 781 2071 audimus
792 2037 904 2070 Deum
913 2035 955 2071 sic
965 2049 1027 2081 nos
1038 2038 1073 2070 in
1084 2035 1218 2071 Christo
1228 2038 1420 2086 complecti,
1431 2051 1465 2073 νε
1477 2042 1513 2074 in
1523 2036 1653 2074 bonum
1664 2053 1700 2075 ae
1712 2039 1848 2076 salutem
1859 2054 1934 2082 ver-

99 2099 149 2123 tat
158 2087 318 2136 quicquid
328 2085 425 2120 nobis
436 2086 571 2120 accidit?
582 2087 840 2120 Meminerimus
852 2096 931 2131 ergo
945 2110 956 2125 ‚
968 2084 1034 2119 hoc
1045 2083 1206 2132 singulare
1215 2083 1275 2120 effe
1285 2088 1487 2134 corrigendae
1498 2090 1712 2135 impatientiae
1733 2090 1932 2127 remedium,

99 2136 141 2170 ab
151 2137 277 2170 intuitu
286 2131 494 2181 praesentium
505 2133 670 2169 malorum
682 2146 755 2180 quae
764 2144 827 2168 nos
836 2135 995 2173 cruciant,
1005 2132 1122 2168 oculos
1133 2132 1291 2169 referrein
1301 2134 1461 2171 diuersam
1471 2136 1782 2175 considerationem,
1792 2137 1933 2184 qualiter

101 2197 177 2232 erga
187 2196 252 2218 nos
262 2179 398 2217 affectus
409 2180 446 2217 fit
455 2184 546 2217 Deus
557 2184 592 2217 in
602 2182 748 2216 Christo.

150 2243 186 2276 19
234 2231 380 2279 Spiritum
390 2243 428 2264 ne
439 2233 649 2278 extinguam.)
691 2232 771 2265 Haec
782 2230 974 2278 metaphora
983 2230 1080 2265 ducta
1089 2231 1132 2265 est
1142 2230 1161 2265 a
1170 2233 1249 2266 vi&
1260 2243 1377 2267 natura
1387 2234 1537 2281 Spiritus:
1549 2246 1625 2268 nam
1638 2237 1743 2281 quum
1755 2235 1931 2282 proprium
1949 2264 1955 2276 ,

106 2282 246 2329 Spiritus
255 2277 408 2314 officium
427 2278 631 2325 fitillustrare
642 2291 768 2313 mentes
778 2305 787 2316 ,
809 2290 908 2325 atque
918 2279 992 2312 ideo
1002 2290 1138 2313 vocetur
1148 2279 1205 2321 lux
1215 2281 1334 2314 nostra:
1346 2282 1479 2329 proprie
1489 2282 1632 2316 dicimur
1643 2295 1719 2316 eum
1740 2284 1932 2329 extinguere
1947 2322 1956 2329 .
1964 2281 1973 2331 Ἰ
1982 2275 1990 2333 '⁴

102 2329 183 2363 dum
197 2330 266 2362 eius
276 2330 414 2375 gratiam
425 2329 644 2373 exinanimus.
655 2330 738 2362 Sunt
751 2329 810 2374 qui
822 2338 940 2375 putant
952 2327 1039 2361 idem
1048 2327 1114 2362 dici
1126 2350 1137 2365 ‚
1156 2324 1222 2363 hoc
1233 2332 1268 2362 δε
1279 2341 1436 2376 proximo
1457 2329 1622 2365 membro.
1651 2333 1738 2378 Ergo
1749 2329 1931 2365 secundum

101 2389 158 2411 eos
168 2403 179 2417 ,
195 2374 355 2423 Spiritum
381 2378 571 2424 extinguere
583 2375 670 2410 nihil
678 2375 767 2409 aliud
776 2376 820 2410 est
830 2376 931 2422 quam
941 2386 1155 2410 contemnere
1164 2376 1366 2424 prophetias.
1380 2379 1502 2413 Verum
1513 2382 1592 2425 quia
1601 2379 1734 2414 diuerfis
1755 2379 1863 2413 modis
1875 2391 1931 2413 ex-

101 2427 269 2472 tinguitur
280 2425 418 2471 Spiritus
430 2448 440 2462 ,
451 2423 518 2459 haec
528 2425 594 2459 duo
606 2427 692 2459 inter
700 2422 730 2457 se
740 2424 906 2471 distinguo
916 2447 926 2461 ‚
943 2434 1105 2470 tanquam
1115 2437 1219 2472 genus
1232 2428 1265 2459 &
1276 2424 1429 2474 speciem.
1447 2426 1595 2462 Tametsi
1605 2430 1694 2462 enirn
1705 2438 1838 2461 contem
1844 2439 1933 2475 ptus,

98 2473 297 2521 Prophetiaz,
309 2473 353 2506 est
365 2475 525 2511 extintfi‘cio
534 2474 672 2520 Spiritus
684 2496 694 2510 ,
713 2474 876 2520 Spiritum
887 2471 1058 2506 tamenilli
1068 2475 1166 2507 etiam
1184 2475 1384 2522 extinguunt
1395 2477 1453 2522 qui
1473 2488 1577 2522 quum
1591 2473 1742 2523 profectu
1763 2477 1933 2522 quotidia-

97 2535 147 2566 no
159 2524 262 2568 magis
273 2533 309 2555 ac
320 2523 424 2568 magis
434 2520 582 2556 accensas
592 2523 610 2556 a
619 2523 693 2560 Deo
703 2519 859 2555 scintillas
872 2522 1010 2554 excitare
1022 2520 1172 2562 debeant,
1181 2520 1236 2556 sua
1245 2524 1377 2570 ignauia
1387 2526 1423 2557 in
1434 2522 1580 2558 nihilum
1592 2524 1745 2571 redigunt
1755 2524 1843 2558 dona
1851 2525 1929 2560 Dei.
1939 2565 1943 2569 .

95 2572 212 2616 Itaque
222 2571 319 2603 latius
328 2580 418 2616 patet
428 2569 496 2604 haec
507 2571 708 2610 admonitio,
720 2570 758 2604 de
769 2582 839 2603 non
852 2569 1077 2616 extinguendo
1087 2571 1209 2617 Spiritu
1220 2593 1231 2608 ‚
1240 2571 1341 2617 quam
1353 2574 1504 2618 proxima
1514 2573 1553 2606 de
1563 2586 1634 2607 non
1651 2573 1842 2620 spernendis
1852 2571 1943 2621 pro-i

96 2617 233 2667 phetiis.
246 2615 362 2661 Sensus
372 2620 492 2665 prioris
504 2619 558 2655 est,
571 2619 654 2664 Estis
663 2620 787 2666 Spiritu
798 2619 865 2651 Dei
875 2616 1059 2652 illuminati
1072 2631 1080 2652 :
1091 2619 1198 2655 videte
1208 2632 1250 2654 ne
1260 2620 1361 2654 vestra
1371 2622 1611 2667 ingratitudine
1619 2620 1675 2655 lux
1686 2621 1743 2655 ista
1751 2621 1844 2656 vobis
1858 2634 1933 2670 per-

100 2727 184 2750 num
194 2738 204 2751 ,
225 2713 276 2748 vel
287 2713 400 2748 claufis
411 2714 518 2748 oculis
529 2712 557 2748 se
568 2714 673 2762 abripi
685 2713 794 2749 sinunt
813 2717 848 2749 in
859 2715 977 2749 mundi
993 2717 1172 2750 vanitatem
1183 2743 1194 2756 ‚
1216 2710 1380 2750 horre'nda
1389 2720 1532 2752 caecitate
1549 2719 1678 2768 percuti
1699 2719 1866 2753 cernimus
1877 2746 1887 2759 ,
1898 2710 1951 2752 vt*

103 2762 165 2797 sm't
173 2762 244 2798 aliis
259 2765 293 2797 in
305 2761 507 2810 exemplum.
519 2763 715 2798 Cauendum
729 2766 830 2810 igitur
842 2764 860 2799 a
869 2760 1017 2799 socordia
1027 2776 1093 2811 qua
1100 2765 1164 2798 Dei
1174 2764 1290 2800 lumen
1311 2767 1346 2801 in
1369 2764 1466 2800 nobis
1479 2764 1665 2807 suffocatur.
1692 2766 1859 2801 Caeterum
1873 2770 1934 2813 qui

101 2811 184 2856 ,hinc
197 2810 364 2857 colligunt
373 2834 384 2848 ,
407 2813 443 2844 in
452 2810 602 2845 hominis
615 2810 751 2845 arbitrio
769 2810 828 2846 effe
841 2810 892 2845 vel
912 2814 1119 2858 extinguere,
1139 2812 1191 2849 vel
1202 2811 1315 2848 fouere
1344 2812 1452 2848 lucem
1465 2812 1610 2852 oblatam
1621 2841 1632 2856 ‚
1643 2817 1684 2848 'vt
1696 2817 1806 2861 grariae
1824 2812 1934 2849 effica-

104 2854 190 2893 ciam
205 2855 437 2897 extenu'entffic
446 2857 615 2894 facultates
627 2859 788 2894 extollant
799 2858 894 2894 liberi
902 2859 1041 2906 arbitrij,
1054 2857 1139 2894 male*
1149 2863 1399 2908 ratiocinantur.
1427 2860 1631 2910 anuam
1650 2866 1740 2897 enim
1760 2861 1935 2897 efficaciter

104 2910 140 2941 in
151 2906 212 2941 suis
233 2908 345 2941 electis
357 2918 509 2954 operatur
519 2909 610 2941 Deus
619 2935 628 2948 ‚
650 2920 760 2954 neque
770 2909 900 2942 tantum
910 2907 1020 2943 lucem
1053 2907 1119 2942 illis
1129 2910 1288 2943 admouet
1298 2934 1307 2946 ,
1327 2907 1378 2943 sed
1387 2908 1465 2944 facit
1475 2922 1509 2945 vt
1519 2904 1652 2946 ¹videant
1660 2935 1670 2949 ‚
1691 2910 1808 2944 oculos
1826 2912 1936 2946 cordis

99 2954 170 2990 illis
186 2958 290 3003 aperit
299 2965 315 2991 ,’
326 2952 524 3002 apertosque
533 2967 641 2990 tenet:
661 2959 740 3002 quia
749 2967 860 2991 tamen
877 2954 1001 3005 semper
1018 2957 1057 2990 ad
1088 2956 1240 2991 desidiam
1251 2969 1328 2992 caro
1346 2957 1507 3001 inclinat,
1528 2960 1797 3000 exhortationum
1819 2960 1936 2993 stimu-

102 3003 143 3037 lis
160 3016 245 3051 opus
255 3003 361 3037 habet.
390 3004 510 3037 Verum
523 3005 615 3050 quod
626 3003 718 3038 Pauli
737 3018 820 3041 voce
830 3005 924 3040 Deus
936 3006 1084 3054 praecipit
1098 3031 1110 3045 ,
1140 3008 1230 3040 intus
1244 3004 1312 3054 ipse
1322 3007 1457 3054 praestat.
1481 3005 1608 3042 Interea
1617 3003 1721 3055 partes
1732 3007 1847 3042 nostrae
1859 3005 1934 3042 sunt

102 3053 398 3097 petercaDomino
408 3075 418 3089 ‚
438 3062 472 3085 vt
482 3050 625 3100 lampadi
636 3051 776 3088 accensae
787 3052 903 3088 oleum
913 3052 1115 3102 suppeditet,
1130 3052 1234 3090 seruet
1251 3067 1374 3103 purum
1385 3054 1589 3102 ellychnium
1600 3078 1611 3094 ,
1625 3067 1725 3101 atque
1743 3057 1840 3089 etiam
1854 3067 1936 3103 pro*-

104 3111 248 3133 moueat.
618 3133 621 3137 ,

149 3156 191 3179 20
240 3148 416 3195 Prophetias
425 3162 461 3182 ne
471 3151 696 3196 contemnatis.)
737 3146 941 3195 Opportune
951 3148 1020 3183 haec
1031 3143 1192 3185 sententia
1202 3151 1294 3185 alteri
1305 3149 1520 3187 subnectitur.
1532 3160 1609 3186 narn
1621 3163 1729 3198 quum
1743 3163 1800 3199 per
1808 3152 1938 3188 dostti-'

101 3207 194 3234 nam,
205 3196 344 3242 Spiritus
352 3198 417 3229 Dei
428 3196 525 3231 nobis
538 3197 680 3232 maxime
691 3196 896 3242 illuceat:qui
906 3196 1067 3232 ἀοᾶὶείηεε
1076 3197 1152 3232 locfi
1162 3205 1463 3246 negant‚quantum
1475 3203 1510 3234 in
1523 3199 1553 3234 se
1562 3196 1820 3247 est‚extinguunt
1832 3202 1938 3248 Spiri-

101 3254 176 3277 tum
186 3256 194 3276 :
206 3241 331 3290 semper
342 3246 432 3278 enim
443 3244 716 3280 considerandum
727 3243 867 3291 qualiter
880 3245 1068 3292 autvquibus
1079 3247 1198 3282 mediis
1212 3246 1244 3281 se
1252 3247 1352 3282 nobis
1373 3250 1623 3282 communicare
1633 3249 1724 3282 Deus
1735 3248 1824 3283 velit.
1844 3250 1937 3297 Ergo

103 3293 297 3337 quicunque
307 3289 364 3324 sub
377 3294 562 3339 magisterio
572 3295 713 3340 Spiritus
723 3291 825 3328 saneti
838 3292 997 3340 proficere
1006 3297 1112 3342 cupit,
1126 3295 1330 3343 Prophetarfi
1342 3294 1371 3330 se
1384 3297 1566 3331 ministerio
1579 3295 1688 3330 doceri
1698 3296 1938 3343 sustineat-Cae*

103 3339 210 3374 terum
219 3339 404 3387 Prophetiae
414 3343 553 3377 nomine
562 3355 633 3394 non
643 3340 802 3394 intelligo
813 3343 1020 3379 vaticinandi
1029 3343 1172 3383 donum,
1184 3344 1237 3381 sed
1247 3345 1532 3392 quemadmodum
1543 3346 1662 3391 prioris
1673 3343 1712 3380 ad
1720 3345 1934 3394 Corinthios.
