2268 3705
596 92 711 147 AD
768 92 1374 149 PHILEMONEM.
1839 118 1907 164 349

127 186 151 218 α
206 175 253 216 Vt
262 171 513 214 communicatio
521 168 604 217 fidei
610 179 674 207 tuae
683 168 806 223 efficax
804 167 855 223 sit
861 174 974 208 omnis
985 167 1067 210 boni
1079 167 1171 224 quod
1175 174 1216 210 in
1224 169 1329 209 vobis
1336 172 1382 223 {st
1387 185 1465 230 erga
1475 171 1642 224 chn‘stum
1653 176 1771 233 Iesum

119 247 146 284 7
205 233 356 271 Gratiam
366 228 458 265 enim
469 223 630 265 habemus
637 226 785 265 multam
795 225 836 271 ἀ·
845 220 1205 281 conftlatiobemfiaeper
1211 225 1397 268 dilectione
1405 241 1464 269 tua
1484 244 1492 267 ε
1503 245 1586 285 qma
1594 232 1893 290 vfiemfhnfforg

61 300 122 346 per
132 298 166 327 te
174 283 357 334 refhcillaeta
357 282 455 337 sunt,
454 279 576 334 frater.

122 369 256 414 Qnta
275 362 372 397 fuerit
388 360 406 396 s
425 363 518 396 iritus
536 361 667 397 Paulini
683 360 842 396 celsitudo
851 380 862 401 ⁵
884 359 939 395 'ctfi
950 374 987 395 ex
1009 361 1219 409 grauioribus
1240 365 1309 398 eius
1321 361 1449 412 scriptis
1469 365 1608 415 perspici
1629 369 1750 406 melius
1769 377 1890 420 potest,

65 416 134 452 haec
147 425 282 463 quoque
292 374 435 459 Epistola
445 410 531 444 testis
543 411 602 444 cst:
614 414 649 445 in
661 423 727 456 qua
736 421 970 457 argumentum
982 413 1124 445 tractans
1132 410 1262 445 humile
1270 411 1347 447 alias
1359 417 1393 448 Se
1404 413 1573 450 abie&um
1588 440 1598 454 ‚
1610 416 1668 453 suo
1678 429 1789 455 tamen
1813 436 1891 458 rno-

64 477 98 499 re
129 461 278 498 sublimis
288 461 326 492 ad
345 460 456 493 Deum
469 458 631 493 euehitur.
656 461 847 506 Fugitiuum
857 456 987 492 seruum
999 462 1032 492 δε
1045 458 1150 492 furem
1161 461 1316 495 Domino
1331 465 1504 498 remittens
1515 489 1526 504 ,
1546 477 1608 513 pro
1620 465 1681 500 illo
1700 469 1890 516 deprecatur

63 514 208 548 veniam.
227 507 340 543 verum
354 507 439 542 hanc
449 505 576 541 causam
590 520 703 555 agens,
717 518 783 553 tam
795 508 938 554 grauiter
947 506 986 540 dc
997 509 1149 553 aequitate
1160 507 1349 543 Christiana
1359 513 1582 548 concionatur
1590 540 1601 554 ,
1616 526 1650 549 vt
1661 517 1808 551 videatur
1819 532 1889 553 ma-

59 551 113 608 gis
124 569 229 593 totam
248 554 420 591 Ecclefiam
432 552 586 602 respicere
597 579 607 593 ,
629 554 730 602 quam
743 556 898 603 priuatim
921 566 1033 588 curare
1044 558 1141 589 vnius
1151 555 1302 590 hominis
1313 562 1509 606 negotium:
1536 564 1580 595 ita
1591 564 1736 598 modeste
1756 568 1790 600 ὅ(
1813 565 1891 615 sup-

7 604 11 638 ³¹
63 607 192 656 pliciter
212 618 272 654 pro
283 602 404 638 infimo
429 603 570 638 homine
582 602 612 638 se
624 606 770 638 demittit
782 629 793 644 ,
810 614 845 638 vt
860 605 914 637 vix
923 602 1003 637 alibi
1030 602 1165 650 vsquam
1176 607 1281 652 tnagis
1291 607 1330 639 ad
1342 610 1459 642 viuum
1472 607 1508 643 sit
1520 610 1660 658 expressa
1679 613 1808 661 ingenii
1818 618 1889 650 ejus

63 650 294 691 mansuetudo.

111 716 125 738 1
173 703 305 737 Vindius
315 701 384 744 lesia
393 699 536 742 Christi.)
586 699 711 733 Eodem
725 697 815 733 sensu
825 711 894 746 quo
904 698 985 734 alibi
994 699 1195 748 Apostolum
1207 700 1332 736 Christi
1350 702 1401 737 vel
1414 706 1614 748 ministrum,
1626 708 1680 744 hic
1690 708 1721 744 se
1733 713 1886 747 vinetum

62 752 185 788 Christi
196 749 348 799 appellat:
361 752 437 797 quia
449 751 517 783 eius
529 746 661 782 vincula
671 747 792 795 quibus
802 759 936 796 propter
946 749 1166 797 Euangelium
1176 749 1392 790 detinebatur,
1406 751 1583 800 legationis
1594 769 1696 803 quam
1708 771 1769 806 pro
1782 761 1886 795 Chri-

61 803 110 836 sto
123 800 247 836 obibat,
260 797 401 846 insignia
410 809 500 832 erant
513 796 563 830 vel
575 795 702 830 tellerae.
724 798 837 842 Itaque
849 809 884 830 ea
895 808 1140 832 commemorat
1149 800 1371 846 comparande
1384 798 1440 834 fibi
1452 802 1662 840 authoritatis
1675 806 1767 842 causa
1781 821 1788 842 ε
1812 822 1885 845 non

58 849 152 896 quod
159 859 394 895 contemptum
404 848 533 880 timeret
544 845 636 892 (quia
647 846 788 879 minime
802 843 943 879 dubium
953 846 997 879 est
1008 849 1168 880 maiorem
1179 845 1272 881 fuisse
1283 850 1352 883 eius
1362 852 1580 885 reuerentiam
1593 858 1625 887 ὅ(
1640 859 1783 902 pretium
1796 859 1884 905 apud

57 896 304 933 Philemonem,
317 895 417 942 quam
427 905 462 928 vt
474 893 542 928 vllo
554 895 666 940 elogio
681 891 779 927 fuerit
789 897 886 939 opus)
901 893 953 928 sed
963 896 1040 941 quia
1049 893 1178 929 causam
1189 897 1320 931 aeturus
1332 908 1397 930 erat
1407 894 1487 932 serui
1498 897 1687 947 fugiriui,in
1699 916 1763 950 qua
1775 905 1883 953 pluri-

60 958 154 981 mum
163 944 291 979 valebat
302 944 500 993 deprecatio.
539 941 720 976 Philemoni.
759 942 859 976 Hunc
869 941 1103 977 Philemonem
1113 943 1268 978 credibile
1279 945 1322 978 est
1333 943 1424 979 fuiffc
1436 958 1473 980 ex
1484 950 1599 983 ordine
1610 950 1780 987 Pastorum
1801 977 1810 991 ‚
1822 967 1883 988 ne-

59 1007 124 1042 que
136 995 225 1028 enim
236 991 374 1028 titulum
384 991 475 1026 hunc
485 1003 554 1038 quo
566 1002 642 1024 eum
653 999 749 1024 ornat
759 989 891 1031 Paulus,
901 994 1105 1039 cooperarium
1115 1003 1251 1033 vocans,
1262 992 1342 1026 solet
1353 994 1494 1030 tribuere
1507 995 1642 1031 homini
1653 1002 1794 1047 priuato.
1817 1005 1885 1035 Ar-

58 1044 195 1092 chippum
205 1043 303 1076 eriam
313 1041 477 1086 adiungit,
488 1052 588 1086 quem
602 1039 744 1073 eundem
757 1037 848 1074 fuissc
859 1039 998 1084 Ecclefie
1010 1041 1197 1075 ministrum
1208 1053 1340 1089 apparet
1351 1056 1358 1076 :
1370 1041 1392 1076 si
1402 1054 1513 1078 tamen
1524 1047 1550 1079 is
1565 1046 1609 1080 est
1621 1050 1715 1082 cuius
1726 1047 1763 1082 fit
1789 1062 1885 1085 men-¹

57 1094 108 1126 tio
119 1091 246 1126 circiter
257 1087 357 1124 finem
370 1087 522 1136 Epistolae
533 1088 572 1122 ad
583 1083 799 1121 colossenses:
813 1088 904 1134 quod
916 1090 933 1122 a
942 1088 1310 1135 probabiliconiectura
1320 1103 1391 1125 non
1405 1090 1569 1127 abhorret.
1590 1107 1668 1129 nam
1693 1097 1883 1144 qubdhunc

58 1139 237 1176 secundum
247 1148 344 1172 vocar
365 1138 593 1171 commilitonem
602 1158 612 1173 ,
631 1138 665 1170 in
678 1136 846 1170 ministros
856 1136 888 1169 id
899 1149 1035 1184 quoque
1055 1137 1266 1185 peculiariter
1275 1142 1448 1186 competit.
1467 1141 1612 1177 Tametsi
1624 1146 1712 1178 enim
1724 1157 1883 1181 commu*

54 1191 107 1225 nis
118 1188 162 1222 est
171 1185 329 1221 omnibus
340 1185 538 1220 Christianis
549 1184 679 1219 militia:
690 1186 768 1231 quia
777 1195 887 1218 tamen
900 1187 934 1218 in
946 1198 980 1219 ea
990 1185 1080 1219 velut
1090 1184 1234 1233 signiferi
1245 1185 1319 1220 sunt
1328 1188 1480 1223 doctores
1492 1215 1503 1230 ,
1519 1190 1594 1225 ideo
1606 1203 1663 1240 pre
1674 1192 1747 1227 aliis
1759 1194 1798 1228 ad
1809 1194 1884 1229 bel-

55 1236 190 1272 landum
201 1237 304 1283 parati
314 1232 373 1268 esse
384 1233 522 1268 debent:
536 1237 571 1267 &
583 1235 680 1267 Satan
691 1245 827 1280 quoque
839 1233 902 1266 illis
919 1244 952 1266 vt
964 1233 1148 1280 plurimum
1160 1233 1307 1268 infestior
1319 1238 1372 1270 est.
1382 1248 1418 1270 ac
1430 1235 1498 1270 fieri
1510 1240 1616 1286 potest
1629 1252 1663 1274 vt
1684 1243 1880 1291 Archippus

48 1285 265 1334 'quorundam
283 1285 504 1317 certaminum
514 1294 581 1329 que
589 1280 741 1315 sustinuit
752 1280 881 1318 Paulus,
895 1279 1002 1315 socius
1015 1281 1113 1316 fuerit
1124 1295 1160 1317 ac
1171 1285 1343 1331 particeps.
1365 1289 1397 1318 ὃ(
1411 1284 1499 1320 cette
1508 1287 1569 1322 hac
1579 1300 1661 1323 voce
1671 1293 1775 1325 vritur
1794 1293 1881 1327 pau-

54 1333 107 1370 lus
117 1334 246 1381 quoties
258 1332 298 1366 de
309 1329 621 1379 persequutionibus
633 1331 798 1364 meminit.
810 1329 951 1364 Familiae
960 1341 1071 1364 autem
1093 1330 1300 1365 Philemonis
1317 1332 1478 1367 summam
1491 1334 1607 1370 tribuit
1617 1335 1760 1379 laudem,
1771 1349 1879 1386 quum

48 1379 243 1423 domesticam
253 1379 418 1424 Ecclesiam
427 1381 593 1413 nominat.
612 1378 733 1424 Neque
745 1379 844 1412 etiam
854 1378 922 1413 haec
933 1391 1032 1425 parua
1042 1378 1112 1413 laus
1122 1379 1362 1426 patrifamilias,
1373 1382 1467 1428 quod
1478 1385 1522 1416 ita
1537 1382 1699 1420 familiam
1721 1386 1811 1422 suam
1824 1390 1880 1423 in-

51 1430 170 1470 stituit,
178 1439 213 1464 vt
224 1428 261 1463 fit
270 1427 416 1463 Ecclefiae
430 1430 555 1474 imago,
566 1431 600 1461 &
612 1428 749 1460 Pastoris
762 1439 898 1473 quoque
910 1439 1030 1461 munus
1042 1430 1128 1461 intra
1138 1430 1285 1475 priuatos
1295 1431 1432 1475 parietes
1443 1429 1551 1466 obeat.
1560 1445 1669 1480 neque
1680 1437 1778 1469 etiam
1790 1438 1879 1473 omit

51 1477 191 1514 tendum
202 1477 294 1525 quod
305 1488 386 1511 vxor
395 1475 509 1510 similis
519 1474 628 1509 fuerit:
637 1478 715 1522 quia
726 1488 796 1509 non
808 1474 863 1509 abs
873 1487 906 1508 re
917 1488 988 1514 eam
1003 1475 1122 1510 Paulus
1134 1479 1357 1511 commendat.

100 1537 117 1560 2
156 1528 281 1559 Gratias
289 1529 366 1573 ago.)
417 1524 615 1558 Notandum
627 1524 718 1569 quod
727 1535 788 1570 pro
798 1535 867 1570 quo
877 1526 994 1571 gratias
1008 1526 1088 1571 agit,
1100 1536 1161 1572 pro
1171 1526 1288 1559 eodem
1298 1524 1394 1561 simul
1407 1539 1566 1574 precatur.
1581 1529 1769 1578 Nunquam
1782 1534 1874 1568 enim

2 1567 4 1570 ⁵
49 1585 140 1610 tanta
151 1575 195 1609 est
203 1574 256 1608 vel
269 1570 506 1622 perfectiffimis
517 1571 704 1618 gratulandi
716 1574 860 1608 materia,
880 1573 1027 1618 quandiu
1038 1575 1072 1607 in
1083 1572 1150 1607 hoc
1162 1574 1289 1608 mundo
1299 1577 1432 1613 viuum,
1445 1579 1528 1623 quin
1538 1578 1692 1625 precibus
1701 1580 1875 1627 indigeant

0 1630 33 1641 ῥ’
46 1634 85 1658 vr
97 1624 149 1657 det
161 1622 227 1657 illis
255 1624 346 1656 Deus
356 1634 426 1656 non
436 1621 564 1655 tantum
575 1619 778 1668 perseuerare
788 1617 887 1666 vsque
898 1623 932 1655 in
943 1619 1044 1656 finem
1057 1647 1066 1661 ‚
1088 1619 1186 1656 sedin
1197 1622 1263 1656 dies
1274 1625 1373 1657 etiam
1389 1623 1559 1672 proficere.
1576 1627 1655 1662 Haec
1665 1638 1776 1662 autem
1804 1627 1875 1664 laus

47 1681 151 1719 quam
159 1671 351 1705 Philemoni
363 1669 478 1703 tribuit
493 1692 504 1706 ‚
516 1668 660 1702 breuiter
670 1667 907 1716 complectitur
918 1681 1024 1703 totam
1037 1670 1219 1704 Christiani
1238 1671 1388 1706 hominis
1399 1671 1650 1719 perfectionem.
1691 1677 1738 1710 Ea
1748 1676 1876 1712 duabus

46 1719 194 1769 partibus
204 1721 407 1758 continetur,
419 1716 481 1751 fide
494 1719 529 1750 in
541 1717 725 1758 Christum,
737 1721 771 1751 &
781 1717 938 1752 charitate
949 1730 1024 1765 erga
1033 1721 1215 1765 proximos.
1229 1719 1319 1753 Nam
1337 1720 1403 1754 huc
1422 1733 1542 1756 omnes
1551 1725 1626 1757 virae
1636 1722 1747 1767 nostre
1766 1727 1876 1759 astio-

44 1781 105 1804 ues
115 1766 296 1814 omniaque
305 1764 416 1800 officia
426 1764 619 1799 referuntur.
629 1767 668 1800 Et
680 1764 758 1800 fides
769 1764 1002 1806 in'Christum,
1013 1767 1136 1812 quiaj'in
1146 1779 1222 1800 eum
1233 1768 1367 1815 proprie
1382 1770 1540 1803 intuetur:
1552 1769 1646 1806 ficuti
1659 1785 1767 1818 neque
1777 1773 1875 1809 aliter

45 1818 147 1865 quarn
159 1828 216 1864 per
226 1816 303 1850 eum
313 1812 421 1849 solum
434 1810 591 1861 cognosci
600 1812 708 1861 potest
718 1815 809 1848 Deus
818 1815 920 1854 Pater,
935 1813 1135 1860 nequealibi
1148 1816 1249 1860 quam
1261 1818 1297 1850 in
1306 1829 1346 1851 eo
1356 1819 1516 1864 repetitur
1528 1820 1690 1866 quicquid
1703 1819 1875 1858 bonorum

43 1867 154 1912 querit
163 1863 251 1898 fides.
262 1864 468 1898 Charitatem
480 1862 557 1896 vero
569 1866 693 1896 nonita
702 1863 742 1896 ad
753 1857 880 1897 saneros
890 1861 1165 1909 restringit3'qu‹as1
1177 1871 1252 1911 erga
1260 1862 1344 1899 alios
1355 1864 1446 1899 nulla
1455 1865 1515 1901 effe
1524 1867 1649 1901 debeat.
1662 1868 1751 1902 Nam
1765 1882 1873 1916 quum

42 1913 106 1956 hec
115 1912 152 1947 fir
163 1913 330 1947 charitatis
339 1912 502 1950 doctrina,
513 1922 643 1944 carnem
656 1911 800 1944 nostram
815 1924 883 1945 non
894 1909 1064 1955 despicere,
1074 1915 1106 1945 ὅ(
1121 1911 1250 1945 honore
1259 1911 1413 1960 prosequi
1422 1915 1487 1948 Dei
1497 1917 1765 1963 imaginem,un
1774 1930 1875 1954 natu-

42 1974 85 1997 1·ae
96 1961 212 1996 nostrae
224 1958 386 2007 insculpta
397 1960 542 1994 est:certe
553 1969 663 1992 totum
675 1971 779 2006 genus
788 1958 975 1994 humanum
987 1959 1254 2006 comprehendit.
1266 1961 1326 1994 Sed
1337 1965 1496 2008 quoniam
1509 1966 1650 1998 arctiore
1660 1964 1872 2001 neceffirudi-

40 2011 93 2046 nis
102 2007 240 2044 vinculo
260 2007 433 2042 nobiscum
445 2009 621 2042 coniuncti
632 2006 705 2041 sunt
715 2008 888 2041 domestici
899 2006 992 2044 fidei,
1023 2012 1054 2042 ὅ(
1068 2020 1123 2041 eos
1135 2007 1341 2054 peculiariter
1352 2011 1442 2044 Deus
1453 2013 1667 2046 commendat
1676 2036 1686 2050 ‚
1710 2014 1785 2048 ideo
1797 2017 1870 2050 iure

39 2060 163 2107 primas
176 2057 342 2091 obtinent.
367 2057 555 2090 Contextus
566 2055 944 2102 orationisaliquanrum
957 2056 1000 2090 est
1008 2054 1167 2091 confusus
1180 2054 1297 2090 :sedin
1311 2055 1402 2092 sensu
1414 2058 1500 2094 nihil
1512 2060 1556 2093 est
1565 2059 1783 2096 obscuritatis.
1805 2063 1867 2099 nisi

39 2105 132 2154 quod
143 2104 282 2140 dubium
294 2105 336 2138 est
346 2118 386 2138 an
399 2103 590 2137 aduetbium
603 2106 726 2151 Semper
735 2102 787 2136 vel
799 2115 877 2138 cun-1
887 2116 998 2151 priore
1013 2103 1166 2138 membro
1177 2128 1187 2143 ‚
1216 2104 1267 2138 vel
1277 2117 1353 2139 cum
1366 2104 1514 2152 sequenti
1527 2109 1690 2153 coherent.
1710 2111 1820 2145 P'otest
1831 2125 1867 2146 e-

38 2167 111 2189 nirn
130 2153 186 2188 hic
196 2152 302 2188 sensus
321 2152 417 2192 elici,
435 2154 565 2198 quoties
580 2164 641 2199 pro
658 2151 859 2186 Philemone
884 2164 993 2200 preces
1012 2154 1203 2199 conciperet
1214 2153 1394 2201 Apostolus
1404 2178 1414 2192 ,
1434 2158 1612 2202 gratiarum
1633 2160 1800 2192 actionem
1823 2157 1865 2195 ab

38 2215 80 2237 eo
94 2200 186 2237 fuisse
198 2201 350 2236 insertam
362 2225 372 2239 ‚
391 2203 468 2247 quia
478 2199 603 2234 scilicet
613 2201 724 2247 gaudii
743 2203 913 2234 materiam
925 2199 1088 2248 praebebat
1107 2203 1176 2234 eius
1186 2203 1299 2248 pietas.
1327 2203 1502 2238 I'tecamur
1520 2207 1610 2239 enim
1622 2204 1694 2252 sepe
1707 2218 1767 2251 pro
1787 2211 1865 2254 qui·-

33 2248 172 2286 busdam
189 2253 224 2285 in
237 2249 358 2297 quibus
379 2248 465 2283 nihil
475 2250 634 2295 reperitur
644 2247 703 2282 nifi
714 2247 828 2282 dolore
841 2248 1063 2294 &lachrymis
1073 2250 1225 2296 dignum.
1250 2262 1442 2297 quanquam
1455 2251 1553 2286 altera
1564 2254 1733 2288 distinctio
1755 2260 1863 2303 magis

35 2310 166 2346 recepta
176 2300 218 2333 est
229 2323 238 2336 ‚
259 2297 398 2332 Paulum
411 2299 529 2344 gratias
556 2309 650 2344 agere
661 2310 721 2344 pro
735 2296 931 2332 Philemone
941 2321 950 2334 ‚
973 2301 1004 2331 ὃ(
1021 2296 1227 2346 (ειῃρεῐςίιιε
1239 2303 1447 2334 mentionem
1461 2299 1607 2336 facetein
1618 2301 1781 2350 precibus»
1804 2307 1863 2338 Li-

37 2346 114 2383 bera
124 2359 203 2393 ergo
213 2345 248 2380 fit
258 2349 353 2393 optio
365 2343 578 2381 Lestoribusa
596 2343 647 2379 sed
659 2346 741 2381 mihi
753 2348 843 2393 prior
852 2343 958 2381 sensus
971 2345 1088 2381 melius
1101 2357 1284 2392 congruere
1294 2348 1432 2382 videtur.
1458 2351 1496 2383 In
1507 2349 1636 2399 reliquo
1646 2362 1803 2386 contextu
1817 2353 1862 2388 est

37 2395 164 2429 ordinis
175 2394 328 2429 inuerfio:
339 2396 416 2441 quia
425 2393 600 2441 postquam
611 2393 649 2427 de
659 2394 816 2428 charitate
829 2397 861 2428 δε
874 2392 935 2427 fide
945 2393 1106 2441 loquutus
1115 2395 1404 2445 est‚adiungit‚erga
1418 2394 1567 2442 Christum
1577 2399 1861 2446 &fincioszquum

35 2442 148 2492 potius
159 2441 325 2477 antithesis
336 2445 524 2488 requireret,
534 2440 677 2477 secundo
690 2441 768 2476 loco
780 2444 862 2489 poni
875 2443 1058 2483 Christum,
1068 2445 1103 2477 in
1114 2455 1214 2489 quem
1227 2441 1304 2478 fides
1315 2446 1423 2480 nostra
1433 2445 1571 2494 respicit.

83 2494 106 2525 6
155 2492 190 2525 V
191 2502 204 2524 e
215 2493 442 2524 communicatio
442 2488 542 2537 fidei.)
593 2490 670 2524 Hoc
680 2490 757 2524 verb
770 2490 958 2525 membrum
970 2490 1129 2525 nonnihil
1139 2490 1317 2526 obscurum
1328 2494 1381 2527 est.
1405 2494 1456 2527 sed
1467 2493 1615 2529 conabor
1628 2497 1672 2530 ita
1682 2495 1860 2538 elucidare,

33 2550 71 2574 vt
81 2550 226 2574 mentem
237 2537 330 2573 Pauli
342 2551 510 2584 vrcunque
519 2549 652 2573 teneant
663 2539 827 2573 Lectores.
838 2539 950 2573 Primo
960 2538 1127 2574 sciendum
1140 2540 1268 2577 est,non
1282 2553 1415 2588 pergere
1425 2543 1625 2590 Apostolum
1638 2547 1672 2578 in
1687 2544 1782 2580 laude
1794 2545 1860 2581 Phi

3 2616 5 2618 .
33 2586 187 2622 lemonis:
199 2585 249 2621 scd
259 2585 369 2634 potius
380 2590 561 2635 exprimere
572 2587 652 2633 quid
664 2586 740 2621 illia
757 2588 912 2621 Domino
924 2587 1077 2636 postulet.
1088 2587 1261 2631 Coherent
1272 2592 1359 2623 enim
1372 2590 1433 2632 hec
1453 2590 1551 2625 verba
1561 2595 1599 2626 cu
1611 2605 1650 2626 eo
1665 2594 1757 2640 quod
1767 2594 1858 2642 prius

33 2634 209 2674 dixerat,se
218 2635 308 2671 illius
319 2633 378 2668 effe
390 2647 573 2669 memorem
588 2637 622 2669 in
634 2635 852 2670 orationibus.
871 2637 964 2682 Qd
974 2649 1052 2683 ergo
1063 2635 1256 2671 Philemoni
1269 2649 1418 2684 precatus
1430 2639 1473 2672 est
1493 2646 1501 2672 Ξ
1517 2651 1551 2673 vt
1564 2639 1640 2675 fides
1653 2644 1724 2677 eius
1735 2641 1771 2676 se.
1782 2654 1859 2676 exe-

30 2695 103 2720 tens
115 2696 170 2732 pet
183 2683 293 2719 bonos
303 2682 441 2724 fruetus,
450 2695 535 2722 vera,
547 2696 618 2716 non
630 2685 738 2716 inanis
755 2684 1037 2731 comprobaretur.
1064 2685 1150 2719 fidei
1159 2688 1249 2719 enim
1262 2688 1608 2723 communicationem
1619 2689 1764 2737 appellat
1789 2694 1858 2737 quii

32 2734 122 2767 intus
139 2745 210 2767 non
227 2731 306 2766 later
317 2730 439 2769 otiosa,
458 2730 508 2765 sed
519 2743 575 2778 per
595 2743 689 2765 veros
698 2728 832 2766 effe-istus
846 2730 875 2766 se
884 2731 1008 2780 profert
1027 2733 1065 2767 ad
1076 2733 1241 2767 homines.
1257 2734 1402 2769 Tametsi
1412 2747 1522 2769 autern
1537 2735 1615 2771 fides
1626 2737 1793 2772 occultam
1819 2741 1857 2774 in

31 2781 128 2815 corde
138 2779 242 2815 sedem
254 2780 364 2820 habet,
375 2778 404 2813 se
414 2791 525 2813 tamen
535 2779 733 2813 hominibus
743 2784 972 2815 communicat
983 2794 1039 2829 per
1050 2781 1139 2815 bona
1148 2793 1259 2829 opera.
1286 2784 1373 2830 Ergo
1383 2784 1518 2830 perinde
1527 2785 1569 2818 est
1579 2784 1640 2821 acfi
1651 2785 1789 2827 dixisset,
1810 2789 1855 2821 Vt

30 2826 109 2863 fides
119 2840 175 2863 rua
186 2826 214 2862 se
225 2828 511 2863 communicando
521 2851 531 2864 ‚
553 2825 731 2863 efficaciam
745 2828 833 2862 suam
847 2831 880 2863 in
892 2833 988 2863 omni
1009 2829 1102 2864 bono
1114 2831 1325 2867 demonstret,
1336 2832 1503 2879 Cognitio
1513 2844 1622 2868 aurem
1637 2837 1749 2868 omnis
1771 2834 1858 2869 boni

29 2888 92 2925 pro
102 2879 301 2924 experientia
320 2878 457 2924 capitur.
479 2877 584 2923 Optat
597 2878 687 2910 enim
699 2886 734 2909 vt
745 2875 784 2910 ab
799 2875 923 2912 effectis
935 2876 1011 2912 fides
1041 2890 1118 2912 com
1146 2878 1280 2912 roberur
1291 2877 1414 2914 efficax.
1433 2882 1523 2927 quod
1536 2879 1571 2915 fit
1585 2904 1594 2919 ,
1607 2884 1685 2916 dum
1697 2882 1854 2917 homines

29 2924 226 2972 quibuscum
236 2924 412 2962 versamur,
423 2927 511 2972 piam
525 2929 557 2958 δε
569 2923 712 2959 sannam
724 2927 826 2958 vitam
840 2927 982 2960 nostram
997 2939 1108 2972 cogno
1125 2938 1215 2960 cunt.
1224 2927 1301 2961 Ideo
1313 2929 1392 2962 dicit
1413 2951 1423 2966 ‚
1437 2931 1546 2962 Omnis
1555 2929 1623 2962 boni
1634 2929 1716 2975 quod
1724 2934 1756 2963 in
1765 2930 1855 2964 vobis·

29 2971 79 3016 est.
106 2974 195 3008 Nam
211 2973 371 3020 quicquid
383 2976 417 3007 in
430 2971 527 3006 nobis
538 2971 621 3006 boni
631 2973 685 3010 est,
696 2971 793 3009 fidem
805 2975 949 3008 nostram
962 2974 1124 3021 patefacit.
1150 2975 1311 3009 Particula
1324 2977 1363 3009 εἰς
1374 2977 1487 3019 Χρις-“ν,
1496 2979 1603 3026 potest
1614 2980 1754 3025 exponi,
1779 2991 1856 3025 erga

31 3021 211 3055 Christum.
223 3023 296 3068 Ego
308 3032 430 3057 tamen,
443 3020 582 3060 illiceat,
595 3020 709 3054 malim
721 3024 868 3069 accipere
878 3035 938 3069 pro
948 3025 975 3055 ἐν
984 3024 1090 3064 Χριςᾷῖ.
1110 3023 1200 3057 Nam
1211 3022 1252 3058 fic
1264 3026 1299 3058 in
1310 3024 1407 3060 nobis
1418 3025 1554 3060 resident
1563 3028 1626 3060 Dei
1638 3027 1726 3060 dona
1738 3049 1748 3063 ,
1761 3039 1793 3060 vt
1805 3039 1855 3061 ta-

30 3081 110 3103 men
121 3080 236 3103 eorutn
252 3083 322 3103 non
333 3068 430 3103 fimus
441 3071 616 3116 participes
628 3095 638 3108 ,
648 3068 707 3102 nisi
719 3081 881 3115 quatenus
890 3069 1001 3106 sumus
1013 3070 1160 3106 membra
1170 3072 1304 3106 Christi.‘
1313 3075 1404 3120 Qa
1413 3086 1523 3108 tamen
1537 3072 1691 3121 praeceffit
1699 3076 1734 3108 In
1745 3072 1854 3113 vobis,

30 3129 145 3150 vereor
155 3130 196 3150 ne
208 3115 418 3162 loquutionis
427 3117 577 3165 asperitas
588 3115 743 3150 offendat.
766 3120 878 3165 iraque
888 3122 923 3153 in
935 3119 1040 3154 verbis
1051 3119 1138 3154 nihil
1149 3127 1274 3155 mutare
1294 3121 1388 3157 ausus
1407 3122 1496 3156 sumt
1519 3122 1650 3157 tanturn
1661 3123 1852 3158 admonitos

30 3164 124 3200 volui
135 3166 300 3202 Lectores,
311 3176 344 3199 vt
356 3165 514 3200 omnibus
525 3164 681 3213 expensiS‚
693 3164 817 3213 eligant
827 3179 935 3202 vtrum
947 3167 1116 3216 placuerit.

80 3223 101 3257 7
151 3215 292 3246 Gratiam
302 3212 469 3252 habemus.)
517 3212 662 3248 Tametsi
682 3215 767 3259 apud
779 3216 910 3249 Graecos
933 3219 1097 3264 receptior
1108 3217 1151 3251 est
1162 3217 1231 3252 haec
1242 3217 1344 3253 lectio
1357 3231 1364 3251 :
1386 3218 1581 3252 vertendum
1592 3227 1704 3255 tamen
1724 3216 1853 3257 censeo,

30 3261 216 3297 Gaudium,
229 3273 303 3294 nam
316 3262 392 3306 quia
405 3263 489 3296 inter
496 3264 578 3304 χάριν
588 3266 621 3296 &
634 3262 723 3304 χαράν
733 3275 847 3309 parum
861 3265 904 3298 est
914 3263 1276 3313 discriminis,procliue
1287 3265 1349 3300 fuit
1363 3269 1396 3300 in
1409 3279 1472 3300 vna
1483 3265 1576 3299 litera
1585 3265 1854 3302 hallucinatizde-

31 3310 109 3343 inde
119 3307 198 3343 alibi
210 3310 288 3352 χάριν
297 3320 358 3356 pro
370 3310 491 3355 gaudio
502 3310 632 3357 vsurpat
643 3309 800 3349 Paulus,s1
812 3323 923 3347 tamen
933 3310 1173 3358 Chrysostomo
1185 3315 1337 3348 creditur.
1347 3317 1414 3348 Iam
1427 3314 1508 3361 quid
1519 3317 1622 3361 gratia
1631 3315 1672 3349 ad
1695 3314 1852 3350 consola-

31 3358 180 3393 tionem?
192 3359 274 3393 Satis
283 3367 394 3393 autem
404 3356 531 3393 constat
541 3356 701 3406 quidnam
712 3357 768 3394 hic
779 3358 839 3410 fibi
852 3359 943 3397 velit:
953 3373 1074 3412 nempe
1085 3374 1207 3410 magna
1217 3361 1246 3396 se
1256 3361 1367 3398 laetitia
1379 3367 1413 3399 Sc
1423 3359 1654 3401 consolatione
1662 3361 1762 3403 affici,
1775 3366 1855 3412 quia
