2268 3705
133 1748 213 1790 zach.
225 1747 318 1786 :sd-9.

319 81 363 117 80
931 72 1022 121 IN
1072 65 1668 121 EPIST-PAVLi

396 161 437 201 17
494 153 582 204 Etsgo
591 144 679 199 fides
687 158 734 187 ex
743 144 1014 194 auditu‚audteus
1020 158 1132 187 autem
1134 158 1198 203 per
1207 142 1352 185 verbum
1363 147 1441 183 Dei.

388 230 473 265 Non
483 227 656 277 occupabo
666 227 722 264 hic
731 228 788 262 diu
797 227 958 263 lectorem
972 226 1148 262 referendis
1167 224 1263 260 simul
1273 237 1309 259 ac
1321 222 1504 258 refellendis
1515 223 1657 257 aliorum
1669 221 1899 270 opinionibus.
1917 221 1953 257 sit
1964 221 2089 256 saluum
2103 218 2176 258 cui-

338 289 407 324 que
418 279 581 312 iudicium
593 290 600 311 z
615 275 698 313 mihi
710 276 788 311 verb
805 274 905 310 libere
928 275 1072 323 proferre
1082 271 1178 309 liceat
1196 273 1287 320 quod
1298 268 1415 307 sentio.
1441 274 1485 306 Vt
1497 284 1574 317 ergo
1585 269 1751 318 intelligas
1761 269 1919 317 quorsum
1937 273 2097 319 pertineat
2108 272 2176 305 haec‘

342 321 503 373 gradatio,
517 327 684 374 principio
694 323 863 360 considera
871 322 962 357 fuisse
982 334 1137 357 mutuum
1151 334 1272 356 nexum
1286 322 1551 354 inter'Gentium
1565 321 1776 353 vocationem
1788 322 1820 354 δε
1833 318 1925 353 Pauli
1945 320 2177 360 ministerium,

342 387 412 422 quo
425 378 509 410 inter
521 372 602 422 ipsas
613 370 864 420 defungebatur:
876 382 909 404 vt
918 370 958 405 ab
969 373 1066 405 vnius
1077 369 1318 418 approbatione
1331 394 1341 408 ‚
1358 367 1490 402 alterius
1502 380 1638 414 qnoque
1647 365 1843 415 approbatio
1861 368 2026 414 penderet.
2038 370 2105 402 Iam
2118 381 2178 401 ne-

342 421 423 458 celse
433 434 499 458 erat
508 421 794 462 Paulo,Gentium
804 421 1016 454 vocationem
1028 430 1116 452 extra
1124 417 1264 452 dubium
1276 418 1412 451 statuere
1423 442 1433 457 ‚
1445 415 1541 450 simul
1552 413 1599 449 sui
1616 415 1789 450 ministerii
1798 416 1962 449 tationem
1974 410 2106 450 reddere
2115 440 2125 454 ‚
2136 429 2180 450 ne

340 470 505 515 videretur
511 473 650 519 gratiam
664 470 728 503 Dei
738 480 907 516 perperam
919 465 1099 514 dispergere
1113 491 1124 506 ,
1134 466 1226 512 quod
1237 476 1357 513 panem
1368 463 1445 498 filiis
1457 465 1521 497 Dei
1532 464 1741 500 destinatum,
1749 462 1814 497 illis
1828 460 2029 501 subduceret,
2040 476 2076 498 ae
2087 467 2180 498 cani..

341 518 404 555 bus
415 529 573 567 erogaret.
598 519 776 563 Vtrunque
787 527 866 563 ergo
875 513 970 549 simul
982 513 1069 548 facit.
1081 515 1143 548 Sed
1151 515 1313 548 orationis
1327 511 1420 546 filum
1436 512 1610 558 quomodo
1622 511 1793 552 cohaereat‚
1808 513 1853 545 no
1863 510 1947 555 bene
1958 511 2177 559 intelligetur,

341 565 451 603 donec
461 564 595 615 fingulae
606 576 711 614 partes
723 564 841 598 ordine
849 574 1002 598 enarratae
1012 561 1146 597 fuerint.
1155 562 1292 596 Perinde
1308 560 1393 594 valet
1405 561 1472 594 haec
1481 558 1661 607 progreffio
1672 558 1731 593 acsi
1741 560 1965 597 diceret‚Tam
1977 560 2068 603 Iudei
2078 561 2182 607 quam

341 619 476 655 Gentes,
487 627 613 651 nomen
623 615 685 648 Dei
697 609 935 652 inuocando‚se
946 614 980 645 in
990 608 1097 659 ipsum
1109 610 1237 645 credere
1246 622 1286 643 eo
1298 606 1368 656 ipso
1379 607 1544 642 declarant
1555 621 1561 641 :
1582 610 1745 654 quoniam
1757 619 1831 642 vera
1842 610 1993 642 nominis
2005 607 2068 642 Dei
2081 611 2182 643 inuo-

342 668 430 700 catio
442 677 511 699 non
525 662 631 710 potest
644 659 802 708 effe‚quin
812 662 898 695 reeta
910 662 979 694 eius
988 660 1142 706 cognitio
1152 655 1350 707 praecess'erit.
1368 655 1471 691 Porri)
1485 652 1561 691 fides
1572 669 1608 689 ex
1622 655 1721 690 verbo
1733 654 1796 690 Dei
1807 654 1950 690 nascitur
1961 669 1968 690 :
1980 653 2116 691 Verbum
2124 669 2184 692 au-

342 725 411 748 tem
421 714 484 747 Dei
496 709 617 746 nullibi
628 707 898 758 praedicatur,nifi
905 702 1035 756 speciali
1047 707 1110 741 Dei
1123 708 1333 755 prouidentia
1343 708 1377 740 δε
1389 702 1610 739 ordinatione.
1623 706 1709 752 Ergo
1724 701 1779 738 vbi
1790 705 1852 738 Dei
1865 707 2048 742 inuocatio,
2058 705 2127 739 illic
2138 705 2183 739 cst

342 760 431 796 fides:
449 759 505 795 vbi
517 755 764 807 fides‚praecessit
775 755 884 792 semen
894 754 995 791 verbi:
1007 754 1061 790 vbi
1073 753 1346 802 praedicatio‚illic
1355 755 1420 787 Dei
1433 755 1580 787 vocatio.
1591 754 1660 786 Iam
1673 752 1727 786 vbi
1736 755 1869 786 vocatio
1880 754 1925 786 ita
1936 751 2048 787 efficax
2070 756 2102 787 &
2115 752 2184 788 fru-

343 806 468 847 &uoszn
482 806 552 842 illic
562 805 689 841 clatum
700 810 735 841 &
747 805 974 840 indubitatum
986 802 1117 851 signum
1128 801 1316 837 estDiuinae
1325 800 1578 836 beneuolentiae.
1589 802 1667 835 Inde
1677 801 1809 835 tandem
1818 800 1991 839 constabit,
2002 803 2126 836 Gentes
2137 803 2184 835 ns)

341 858 402 896 ess'c
413 859 431 891 a
440 869 544 904 tegno
554 855 618 890 Dei
629 853 858 894 excludendas,
868 865 948 900 quas
960 854 995 887 in
1006 851 1115 886 salutis
1124 853 1405 886 communionem
1415 850 1507 883 Deus
1516 849 1674 887 asciueiit.
1703 849 1791 884 Nam
1802 860 1836 882 vt
1847 848 1921 882 fidei
1934 861 1990 882 cau
1996 848 2025 882 sa
2037 848 2123 896 apud
2134 862 2185 883 eas

340 907 384 944 est
397 906 585 954 praedicatio
598 901 783 950 Euangelii:
801 905 848 936 ita
858 901 1103 949 praedicationis
1113 899 1206 934 causa
1216 897 1260 935 est
1270 900 1334 934 Dei
1347 896 1536 944 miffio,qua
1547 897 1654 932 voluit
1665 900 1699 931 in
1711 897 1801 931 hunc
1810 895 1949 932 modum
1963 909 2078 931 eorum
2090 896 2185 932 saluti

342 951 525 995 consulere.
542 951 786 999 Reliquanunc
796 947 937 984 seorsum
950 949 1184 996 expendamus.

389 1014 430 1048 14
477 998 638 1050 Qnmodo
647 997 857 1042 inuocabant.)
896 996 976 1032 Vult
986 996 1042 1031 hic
1052 999 1258 1044 coniungere
1267 994 1388 1030 Paulus
1401 995 1654 1029 inuocationem
1663 1006 1742 1028 cum
1753 992 1826 1028 fides
1841 1004 1876 1028 vt
1888 993 1962 1028 sunt
1973 991 2125 1041 profecto
2135 1004 2186 1028 res
2234 1019 2245 1030 -.

340 1051 427 1085 inter
437 1048 467 1084 se
478 1045 842 1092 coniun&iffimae.Q
853 1048 943 1080 enim
952 1047 1065 1079 Deum
1075 1042 1257 1084 inuocat,se
1268 1043 1357 1090 quasi
1372 1044 1411 1077 ad
1422 1046 1559 1077 vnicum
1569 1038 1678 1077 salutis
1689 1046 1826 1090 portum
1836 1045 2001 1090 recipie&
2013 1043 2106 1088 quod
2118 1053 2188 1075 cer-

341 1095 456 1134 tiffimi
465 1097 584 1146 refugii
594 1108 699 1144 genus
709 1094 857 1132 est‚velut
869 1090 957 1128 filius
967 1095 1003 1128 in
1013 1095 1136 1141 optimi
1145 1105 1244 1139 atque
1253 1089 1464 1126 amantiffimi
1474 1093 1574 1138 patris
1583 1089 1691 1125 smum
1701 1088 1729 1124 se
1741 1089 1924 1128 confert,vt
1936 1093 2005 1125 eius
2021 1102 2097 1124 cura
2108 1102 2188 1137 pro-
2240 1115 2242 1117 >

341 1145 693 1195 tegatur‚indulgentia
702 1155 740 1178 ac
749 1141 906 1190 charitate
917 1140 1291 1187 foueatur‚benignitate
1301 1137 1624 1176 subleuetur‚virtute
1638 1139 1802 1173 fulciatur.
1816 1139 1850 1173 Id
1861 1138 1964 1173 facere
1975 1151 2077 1173 nemo
2088 1149 2194 1186 pote-y
2239 1141 2259 1175 ’ῃ

342 1198 389 1230 rit
395 1198 453 1243 qui
466 1207 538 1230 non
555 1193 630 1228 ante
641 1194 680 1226 de
690 1202 824 1240 paterna
843 1191 909 1224 Dei
920 1202 994 1237 erga
1017 1188 1046 1223 se
1056 1189 1294 1223 beneuolentia
1313 1198 1440 1223 tantam
1459 1185 1696 1234 persuasionem
1707 1189 1823 1222 animo
1834 1189 2025 1235 conceperit
2035 1210 2046 1224 ,
2057 1198 2092 1221 vt
2103 1186 2142 1221 ab
2153 1199 2190 1221 ea
2228 1190 2245 1216 -“

343 1245 478 1291 quiduis
488 1240 568 1277 ausit
580 1242 759 1289 expectate.
769 1241 856 1286 Ergo
868 1241 927 1285 qui
939 1239 1050 1273 Deum
1061 1240 1210 1278 inuocat,
1220 1236 1256 1271 in
1267 1250 1307 1271 eo
1317 1235 1500 1284 praesidium
1511 1232 1569 1269 sibi
1580 1231 1640 1269 esse
1650 1234 1828 1283 repositum
1840 1234 1985 1270 confidat
1994 1232 2118 1270 neceffe
2129 1236 2184 1270 est.

342 1291 515 1340 Siquidem
527 1290 565 1324 de
576 1301 612 1323 ca
621 1289 839 1323 inuocatione
849 1287 903 1322 hic
914 1286 1064 1333 loquitur
1073 1283 1207 1326 Paulus,
1218 1298 1291 1331 quae
1304 1286 1378 1318 Deo
1389 1280 1691 1332 approbaturNam
1703 1283 1882 1331 hypocrita:
1893 1296 2030 1331 quoque
2041 1285 2189 1331 inuociit,

342 1338 394 1376 sed
405 1352 476 1374 non
488 1341 523 1373 in
534 1335 683 1374 salutem,
694 1338 773 1383 quia
781 1334 848 1370 fine
866 1333 935 1369 vllo
946 1334 1021 1368 fidei
1031 1330 1133 1369 sensu.
1152 1332 1248 1375 Vnde
1257 1343 1391 1381 apparet
1411 1334 1512 1380 quam
1523 1331 1609 1366 nihil
1628 1327 1755 1380 sapiant
1768 1345 1789 1366 o
1830 1345 1888 1367 nes
1897 1332 2091 1367 Scholastici
2103 1356 2113 1370 ,
2129 1334 2190 1379 qui

341 1390 417 1423 Deo
429 1385 457 1421 se
467 1385 656 1421 dubitanter
667 1382 824 1421 offerunt,
836 1382 929 1418 nulla
942 1380 1061 1418 fiducia
1073 1381 1214 1417 subnixi.
1241 1382 1359 1428 Longe
1369 1380 1462 1416 aliter
1471 1379 1604 1419 Paulus,
1625 1383 1684 1427 qui
1693 1379 1775 1415 illud
1847 1394 1948 1427 quam
1959 1379 2144 1416 confessum
2153 1393 2189 1415 a·-

341 1439 455 1471 xioma
464 1434 575 1476 sumit,
587 1447 658 1468 non
668 1430 757 1481 polle
767 1445 829 1467 nos
842 1434 902 1466 rite
913 1433 1053 1479 precari,
1080 1429 1141 1465 nifi
1151 1431 1190 1464 de
1200 1428 1340 1465 successu
1351 1430 1440 1464 certo
1453 1426 1627 1477 persuasos.
1645 1429 1766 1476 Neque
1776 1431 1867 1464 enim
1878 1426 1980 1463 fidem
1990 1428 2192 1477 implicitam
2236 1448 2260 1473 3

341 1484 397 1520 hic
407 1482 564 1566 defipnat,
577 1481 629 1517 sed
641 1493 714 1516 eam
723 1480 956 1515 certitudinem
968 1492 1068 1526 quam
1081 1480 1119 1513 de
1130 1489 1265 1527 paterna
1277 1480 1345 1512 eius
1357 1477 1593 1512 beneuolentia
1604 1479 1805 1524 concipiunt
1815 1478 1922 1511 animi
1935 1478 2051 1515 nostri,
2069 1476 2125 1511 vbi
2136 1489 2194 1525 per
2243 1484 2246 1517 ἶ

340 1534 476 1580 Euange
492 1535 563 1567 ium
577 1527 771 1565 reconciliat
783 1541 846 1563 nos
856 1526 929 1565 sibi‚'
942 1530 1024 1563 &in
1034 1527 1121 1562 filios
1133 1527 1277 1575 adoptat.
1288 1527 1360 1561 Hac
1371 1525 1438 1560 sola
1449 1525 1568 1560 fiducia
1580 1524 1678 1560 nobis
1690 1526 1729 1560 ad
1739 1538 1816 1559 eum
1826 1535 1915 1573 patet
1924 1526 2081 1560 aditusevt
2091 1536 2194 1561 etiam

341 1581 479 1617 docetur
487 1576 604 1628 Ephes.
614 1589 641 1624 3.
654 1580 679 1613 E
690 1574 854 1612 conuerso
864 1587 975 1611 autem
986 1575 1110 1624 collige
1121 1599 1130 1614 ‚
1151 1574 1243 1610 illam
1255 1572 1314 1609 effe
1327 1575 1464 1610 demum
1476 1586 1584 1608 veram
1598 1573 1697 1608 fidem
1712 1597 1721 1611 ‚
1730 1586 1803 1620 quae
1812 1575 1876 1607 Dei
1888 1575 2141 1609 inuocationem
2154 1586 2194 1609 ex
2244 1568 2249 1575 ⁸

340 1627 372 1665 se
383 1630 478 1679 parit.
490 1627 561 1663 fieti
572 1631 666 1663 enim
677 1628 796 1673 nequit
811 1636 845 1659 vt
856 1628 915 1672 qui
925 1626 991 1660 Dei
999 1623 1187 1660 bonitatem
1197 1624 1341 1671 gustauit
1356 1649 1367 1664 ‚
1384 1636 1456 1658 non
1466 1625 1564 1657 etiam
1575 1622 1736 1670 perpetuo
1747 1622 1786 1655 ad
1799 1634 1870 1655 eam
1883 1624 1972 1657 votis
1981 1621 2141 1657 omnibus
2155 1635 2193 1657 a·
2240 1636 2246 1659 5

343 1676 453 1728 spiret.
491 1674 652 1728 Quomodo
662 1679 694 1709 in
701 1686 770 1708 eum
778 1671 955 1711 credent,de
964 1685 1035 1719 quo,
1054 1675 1133 1716 &c.)
1178 1673 1317 1707 Summa
1328 1672 1372 1706 est
1383 1694 1393 1709 ‚
1403 1684 1466 1706 nos
1476 1672 1622 1718 quodam
1634 1671 1738 1705 modo
1751 1667 1811 1703 ess'e
1823 1681 1935 1704 mutos
1947 1670 2054 1705 donec
2067 1671 2106 1705 ad
2120 1683 2196 1720 pte·
2240 1665 2246 1689 '²‘
2256 1710 2260 1713 x

342 1726 489 1763 candum
499 1723 597 1760 nobis
608 1736 666 1760 ota
679 1725 801 1772 aperiat
812 1723 876 1758 Dei
886 1719 1070 1770 promiffio.
1081 1733 1184 1769 quem
1201 1723 1302 1755 etiam
1313 1720 1464 1754 ordinem
1477 1720 1678 1754 demonstrat
1688 1719 1775 1767 apud
1785 1717 1998 1766 Prophetam‚
2009 1719 2062 1754 his
2072 1719 2194 1760 verbis,
2231 1717 2259 1761 [

343 1776 465 1812 Dicam
476 1772 706 1823 illis‚Populus
717 1772 810 1806 meus
821 1771 894 1806 estis
905 1783 978 1805 vos:
992 1774 1026 1805 &
1036 1768 1096 1818 ipfi
1106 1769 1191 1804 mihi
1201 1770 1323 1807 dicent,
1334 1770 1388 1803 Tu
1395 1770 1487 1803 Dens
1500 1768 1617 1802 noster.
1628 1767 1750 1815 Neque
1759 1768 1850 1802 enirn
1861 1767 1905 1801 est
1915 1768 2078 1805 nostrum,
2096 1766 2194 1815 quale*

346 1823 482 1860 libuerit
491 1823 606 1857 Deum
617 1819 752 1869 fingere.
763 1821 930 1868 Legitima
939 1831 1019 1866 ergo
1029 1821 1099 1853 eius
1108 1819 1262 1866 cognitio
1273 1816 1422 1852 habenda
1432 1817 1485 1854 est,
1492 1815 1599 1863 qualis
1610 1819 1618 1850 i
1623 1830 1645 1850 n
1656 1818 1725 1850 eius
1738 1814 1840 1849 verbo
1850 1817 2098 1863 proponitur.si
2116 1818 2192 1863 quis

346 1874 426 1908 verb
439 1873 550 1906 Deum
563 1883 600 1905 ex
611 1870 748 1918 proprio
759 1867 848 1903 sensu
859 1867 991 1902 bonum
1000 1869 1180 1915 concipiat,
1191 1879 1262 1901 non
1271 1868 1333 1900 erit
1342 1877 1429 1900 certa
1443 1877 1504 1900 nec
1516 1863 1619 1899 solida
1630 1863 1719 1902 fides,
1727 1861 1780 1898 sed
1789 1861 1952 1898 instabilis
1964 1862 2098 1901 &fluxa
2107 1867 2193 1899 ima-

347 1923 493 1970 ginatio:
509 1919 650 1968 proinde
659 1918 699 1952 ad
708 1919 833 1953 rectam
843 1918 908 1951 Dei
918 1917 1153 1964 cognitionem
1172 1914 1310 1949 verbum
1322 1916 1509 1965 requiritur.
1538 1912 1685 1948 Verbum
1697 1925 1767 1947 non
1777 1910 1867 1946 aliud
1875 1911 1931 1946 hic
1944 1911 2055 1960 posuit
2063 1936 2072 1950 ,
2089 1914 2192 1959 quam

348 1969 440 2017 quod
451 1966 740 2016 predicatunquod
751 1964 819 2000 haec
830 1965 995 2000 ordinaria
1003 1963 1156 2010 linquam
1168 1964 1237 1997 eius
1250 1960 1455 2010 dispensandi
1465 1962 1606 1996 instituit
1618 1961 2010 2007 Dominus‚ratio.Siquis
2021 1962 2122 2008 porro
2138 1963 2192 1996 in-

347 2020 386 2053 de
397 2017 575 2053 contendat
585 2039 595 2053 ,
614 2017 727 2049 Deum
737 2012 935 2049 hominibus
945 2011 992 2047 sui
1002 2014 1161 2047 notitiam
1171 2010 1265 2045 aliter
1274 2022 1346 2046 non
1366 2009 1455 2059 poffe
1465 2009 1621 2044 instillare
1641 2011 1742 2056 quam
1755 2009 1973 2044 instrumento
1985 2009 2193 2057 praedicatio-⁴

348 2069 414 2107 nis,
425 2064 621 2113 negabimus
639 2062 723 2098 illud
732 2058 824 2097 fiuffe
835 2074 872 2095 ex
883 2072 994 2096 mente
1005 2060 1157 2109 Apostoli
1168 2083 1178 2097 ‚
1197 2062 1256 2106 qui
1266 2059 1397 2095 tantum
1409 2062 1444 2096 in
1457 2059 1658 2094 ordinariam
1677 2059 1740 2093 Dei
1751 2053 2030 2105 dispensationem
2039 2056 2193 2107 respexit,

347 2127 420 2151 non
430 2124 541 2149 autem
553 2115 622 2147 eius
632 2113 742 2159 gratiae
752 2109 861 2157 legem
871 2107 1074 2159 praescribere
1084 2108 1204 2144 voluit.

394 2189 426 2225 ¹5
463 2175 624 2226 Qomodo
631 2173 1074 2227 praedicabunt,nifimitmntur
1081 2177 1109 2219 ?)
1159 2175 1235 2209 Hoc
1245 2171 1409 2222 specimen
1421 2170 1481 2206 ess'e
1495 2175 1527 2207 ἃ
1539 2172 1661 2220 pignus
1671 2171 1794 2205 Diuini
1803 2172 1927 2206 amoris
1939 2169 2117 2219 fignificat,
2133 2171 2193 2209 vbi

347 2239 481 2277 gentem
491 2226 638 2273 aliquam
653 2223 825 2272 Euangelii
836 2221 884 2258 sui
894 2223 1125 2271 praedicatione
1135 2223 1308 2269 dignatur:
1321 2234 1430 2268 neque
1440 2220 1546 2255 vllum
1570 2219 1628 2254 effe
1640 2221 1709 2253 eius
1722 2230 1922 2267 praeconem,
1939 2232 2040 2267 quem
2050 2233 2121 2255 non
2132 2233 2192 2269 pe-

347 2276 464 2312 culiati
473 2274 527 2309 sua
542 2274 755 2323 prouidentia
763 2269 930 2307 suscitarit.
940 2284 1040 2319 quate
1050 2283 1122 2305 non
1132 2271 1193 2305 ess'e
1203 2270 1344 2305 dubium
1357 2271 1441 2317 quin
1451 2270 1544 2304 Deus
1555 2270 1729 2302 nationem
1739 2281 1811 2302 eam
1821 2266 1926 2302 vifitet
1935 2294 1945 2308 ‚
1960 2271 1994 2302 in
2005 2281 2070 2315 qua
2079 2269 2191 2305 Euan-

347 2324 474 2373 gelium
485 2324 712 2358 annuntiatur.
741 2323 834 2368 Qa
842 2331 953 2355 autem
963 2319 1019 2354 hic
1029 2332 1242 2367 nequaquam
1253 2319 1292 2353 de
1302 2317 1453 2366 legitima
1464 2315 1622 2364 cuiusque
1635 2318 1812 2351 vocatione
1820 2318 1889 2364 agit
1900 2315 2190 2365 Paulus‚superua·

348 2385 452 2408 cuum
464 2371 548 2406 foret
558 2369 612 2406 hic
626 2369 814 2417 longiorem
826 2370 865 2403 de
874 2381 910 2403 ea
922 2366 1109 2403 sermonem
1121 2367 1249 2403 habere.
1261 2365 1410 2402 Tantum
1420 2366 1486 2400 hoc
1495 2377 1605 2400 tenere
1615 2363 1753 2400 sufficiat
1766 2391 1777 2405 ‚
1788 2377 1860 2399 non
1872 2363 2012 2399 fortuito
2024 2364 2137 2413 pluere
2146 2367 2191 2400 E-

348 2419 545 2469 uangelium
555 2431 593 2454 ex
602 2418 760 2455 nubibus,
771 2414 824 2452 sed
837 2429 893 2465 per
903 2429 1021 2451 manus
1031 2416 1211 2451 hominum
1219 2415 1325 2450 afferri
1336 2415 1404 2462 quo
1415 2415 1592 2449 Diuinitus
1604 2411 1737 2447 miffiim
1747 2413 1800 2447 est.
1842 2411 2190 2459 Qmadmodumscri-

344 2481 435 2520 ptum
443 2464 716 2514 el}‚qu‹imspecrofi.
742 2467 795 2500 Sic
807 2468 842 2500 in
854 2478 921 2506 rem
932 2463 1122 2512 praesentem
1133 2464 1364 2499 testimonium
1372 2463 1456 2498 istud
1466 2463 1628 2497 conuenit
1636 2460 1811 2509 applicare,
1821 2461 1994 2496 Dominus
2005 2459 2094 2510 spem
2104 2460 2190 2498 Iibe-

350 2520 489 2554 rationis
497 2515 627 2565 populo
638 2514 695 2550 suo
704 2514 860 2551 facturus.
874 2511 994 2561 insigni
1005 2515 1163 2547 encomio
1173 2525 1290 2547 eorum
1300 2512 1481 2547 aduentum
1493 2520 1600 2547 ornat,
1613 2513 1672 2556 qui
1683 2510 1794 2544 laetum
1804 2508 1904 2543 huius
1915 2512 1960 2543 tei
1971 2512 2130 2544 nuntium
2139 2509 2189 2546 af-

351 2566 483 2602 ferrent.
496 2566 544 2599 Eo
555 2566 657 2612 igitur
669 2560 740 2611 ipso
755 2561 944 2598 declatauit,
958 2574 1030 2596 non
1043 2563 1168 2595 minori
1185 2563 1220 2596 in
1230 2562 1338 2609 pretio
1356 2558 1546 2595 habendum
1557 2555 1617 2592 effe
1626 2557 1860 2606 Apostolicum
1871 2558 2090 2600 ministerium
2100 2583 2114 2598 ,
2129 2571 2190 2608 per

351 2614 445 2661 quod
455 2624 579 2648 aetetnae
589 2614 662 2646 vitae
673 2612 811 2646 nuntius
822 2609 920 2645 nobis
930 2608 1164 2643 adfertur.1nde
1172 2620 1282 2644 autem
1291 2607 1437 2655 sequitur
1446 2608 1464 2641 a
1473 2607 1548 2641 Deo
1558 2604 1628 2641 effe:
1639 2606 1911 2653 quandoquidem
1920 2605 2007 2641 nihil
2015 2608 2059 2641 est
2068 2609 2102 2642 in
2114 2611 2187 2642 mii-

352 2664 398 2697 do
407 2659 613 2696 desiderabile
624 2671 684 2694 nec
696 2658 792 2694 laude
799 2659 941 2706 dignum
951 2680 961 2694 ‚
979 2657 1070 2704 quod
1082 2670 1152 2692 non
1163 2656 1202 2692 ab
1214 2659 1283 2692 eius
1292 2669 1394 2692 manu
1404 2653 1638 2704 proficiscatur.
1665 2653 1831 2689 Caeterurn
1841 2655 1921 2689 hinc
1931 2667 2066 2702 quoque
2087 2653 2188 2695 disci..

354 2723 430 2746 mus
446 2719 650 2757 quantopere
660 2707 840 2755 expetenda
848 2718 898 2741 res
908 2704 945 2740 sit
952 2704 1052 2741 bonis
1062 2704 1232 2743 omnibus,
1247 2710 1281 2741 &
1291 2707 1408 2753 quanti
1416 2703 1602 2739 aestimanda
1609 2702 1786 2751 Euangelii
1794 2703 2069 2751 praedicatimquae
2079 2702 2121 2739 sic
2130 2717 2190 2740 ore

351 2759 498 2796 Domini
508 2756 773 2792 commendatur.
799 2756 921 2801 Neque
931 2756 1022 2788 enim
1033 2752 1174 2788 dubium
1184 2754 1239 2792 est,
1250 2751 1428 2801 magnifice
1434 2753 1546 2787 Deum
1557 2751 1680 2801 praefari
1690 2752 1730 2785 de
1739 2750 1994 2799 incomparabili
2003 2751 2103 2786 huius
2113 2752 2196 2788 rhe-v

353 2805 437 2845 sauri
447 2808 553 2855 pretio
563 2831 574 2845 ‚
583 2815 618 2838 vt
626 2804 665 2839 ad
674 2816 749 2839 eum
760 2803 882 2852 cupide
903 2803 1122 2851 expetendum
1134 2799 1356 2850 expergefiant
1365 2803 1523 2835 omnium
1536 2811 1675 2835 mentes.
1704 2799 1805 2833 Pedes
1824 2812 1886 2848 pro
1897 2799 2042 2835 aduentu
2051 2803 2162 2850 accipe
2174 2825 2187 2840 ‚

354 2867 413 2905 per
422 2865 675 2898 metonymiam.

402 2905 440 2938 16
488 2900 553 2936 Sed
560 2913 619 2935 mm
628 2912 729 2935 omnes
737 2898 913 2934 obedierunt
924 2899 1112 2948 Euangelio.)
1160 2897 1246 2933 Istud
1255 2895 1342 2932 nihil
1353 2898 1392 2932 ad
1406 2910 1478 2933 eam
1492 2899 1817 2945 argumentationem
1829 2898 1983 2945 pertinet,
1993 2909 2093 2944 quam
2102 2898 2189 2934 Pau-'-

355 2951 406 2988 lus
419 2954 454 2987 in
464 2950 525 2985 hac
535 2949 726 2997 gradatione
734 2948 882 2998 persequi
893 2946 1010 2982 voluit.
1043 2947 1121 2981 Ideo
1131 2959 1240 2994 neque
1250 2948 1284 2980 in
1295 2945 1512 2981 conclusione
1521 2958 1593 2992 quae
1605 2957 1682 2979 mox
1694 2943 1857 2992 sequetur,
1872 2944 1936 2979 tale
1944 2948 2125 2992 quicquam
2136 2958 2187 2981 re-

354 3011 456 3050 petctt
468 2997 519 3033 scd
528 2999 780 3047 operaepretium
791 2995 854 3031 fuit
866 2995 969 3030 Paulo
981 2994 1044 3030 hoc
1055 3007 1191 3042 quoque
1201 2992 1387 3030 interserere
1395 2996 1468 3038 vice
1476 2995 1721 3041 occupationis,
1731 2996 1849 3040 nequis
1859 3005 1897 3027 ex
1906 3006 1948 3027 eo
1955 2994 2047 3039 quod
2056 2993 2187 3030 dictum

356 3060 434 3087 erat,
447 3045 585 3081 verbum
599 3049 723 3094 semper
732 3043 848 3080 ordine
859 3043 955 3078 fidem
968 3043 1156 3091 praecedere,
1166 3056 1237 3078 non
1251 3040 1339 3077 secus
1349 3054 1386 3077 ac
1395 3041 1503 3077 semen
1512 3042 1603 3090 ptius
1613 3041 1656 3074 est
1670 3039 1996 3089 segete‚reciprocum
2006 3053 2084 3089 argu
2090 3055 2186 3085 men-¹

355 3109 429 3132 tum
440 3096 684 3141 strueret,atque
695 3092 828 3129 inferret
837 3091 936 3127 fidem
947 3090 1038 3139 sequi
1048 3090 1240 3138 vbicunque
1249 3088 1294 3125 est
1305 3090 1536 3134 verbum.nam
1547 3091 1591 3125 ita
1601 3087 1755 3137 potuisset
1766 3087 1859 3124 lsrael
1869 3087 2016 3136 gloriari,
2028 3092 2086 3135 qui
2095 3095 2186 3126 nun'-

356 3156 456 3192 quam
468 3142 570 3178 verbo
579 3142 681 3177 fuerat
690 3136 873 3176 destitutus}
900 3139 1064 3188 Oportuit
1075 3151 1107 3174 er
1132 3153 1153 3174 o
1165 3143 1199 3174 &
1207 3139 1318 3174 hocin
1330 3137 1462 3185 transitu
1475 3139 1619 3174 indicare
1629 3160 1638 3175 ‚
1649 3137 1774 3172 multos
1783 3140 1894 3172 vocari
1905 3159 1915 3174 ‚
1927 3139 1984 3182 qui
1996 3148 2105 3173 tamen
2119 3139 2187 3174 ele·

358 3195 404 3228 &i
416 3206 485 3227 non
494 3189 579 3226 sunt.
606 3191 738 3226 Locum
747 3201 857 3224 autem
869 3188 1000 3223 adducit
1010 3199 1048 3222 ex
1058 3152 1166 3226 ledia,
1175 3197 1216 3232 53.
1227 3198 1282 3226 aa,
1299 3186 1356 3222 vbi
1365 3185 1531 3237 Propheta
1539 3184 1713 3221 oraculum-
1722 3184 1805 3220 illud
1813 3183 2003 3233 praeclatum
2014 3187 2053 3220 de
2062 3187 2189 3223 Christi

358 3251 466 3276 morte
477 3243 511 3274 Sc
526 3251 629 3287 regno
639 3239 796 3276 editurus,
813 3250 891 3273 cum
901 3237 1120 3274 admiratione
1130 3235 1280 3284 praefatut
1288 3236 1327 3270 de
1337 3237 1541 3271 credentium
1551 3235 1726 3282 paucitate,
1740 3237 1813 3280 qulae
1823 3233 1897 3267 talis
1912 3238 1941 3267 ei
1952 3235 1986 3267 in
1998 3232 2113 3281 spiritu
2126 3249 2197 3287 ape

359 3288 501 3336 parebat,
512 3298 545 3321 vt
555 3286 734 3322 exclamare
744 3287 878 3322 coaetus
889 3284 1179 3330 fit‚Domine‚quis
1189 3284 1325 3318 credidit
1333 3284 1460 3320 auditui
1472 3282 1631 3320 nostmid
1640 3282 1684 3315 est
1691 3279 1835 3316 sermoni
1844 3294 1944 3329 quern
1955 3283 2186 3330 ptaedicamus?

358 3337 449 3374 Nam
459 3347 566 3383 quum
576 3335 716 3380 Hebreis
724 3347 853 3372 nomen
862 3341 971 3380 tamnu
978 3330 1102 3384 paffiue
1111 3334 1308 3369 Sermonem
1317 3330 1489 3382 significes:
1498 3329 1813 3377 Graecidmssrssatini
1824 3332 2185 3379 Auditum‚improprie

2036 3379 2185 3426 quidem,
