2268 3705
337 79 416 116 404
840 58 1627 118 ⁴iissre-is‘r-PAVLt

146 2100 231 2134 jorm‘n.
241 2114 279 2136 ῐο.
287 2114 335 2143 aq.

144 2153 212 2177 c.27.

147 2344 318 2376 Rom-2.d.29.

416 144 437 176 6
497 124 681 175 secundum
701 131 817 195 zelum
821 130 1021 188 persequens
1027 130 1125 171 Eccle
1137 144 1224 170 iam:
1243 127 1431 183 secundum
1450 127 1611 187 iustitiam
1627 140 1698 182 quae
1707 125 1798 182 estin
1813 122 1963 185 Lege-2}-
1979 125 2188 190 irrepreheffi

348 191 464 247 fibilis.
1355 239 1393 274 ᾧ

403 279 541 328 Gaudete
551 281 583 312 in
592 280 759 314 Domino.)
808 274 992 311 Conclusio
1003 275 1046 308 est
1063 273 1282 321 superiorum.
1295 264 1474 321 quiassenjni
1487 272 1690 320 quotidianis
1704 272 1895 308 rumoribus
1909 275 2004 320 Satan
2016 289 2071 311 eos
2081 277 2190 327 percel

357 325 422 363 lere
433 343 503 363 non
514 326 688 362 desinebat,
707 325 797 360 iubet
809 324 936 358 securos
948 321 1006 356 css‘c
1019 327 1051 356 δι
1063 322 1156 355 bono
1167 316 1297 356 anund-'²
1315 322 1379 368 haq
1386 319 1514 367 ratione
1526 321 1565 354 ad
1574 322 1792 356 constantiam
1804 334 1859 356 cos
1872 322 2023 358 hortatur
2032 351 2042 365 ,
2054 339 2094 361 ne
2109 326 2189 361 defi-

355 380 468 412 cianta
480 375 622 423 suscepta
632 373 729 408 semel
740 375 900 407 doni-ina.
917 374 953 404 Et
965 369 1123 417 particula
1139 368 1220 414 quod
1232 366 1383 415 reliquari}
1392 370 1441 414 est,
1453 371 1654 404 continuum
1667 381 1817 404 tenorem
1830 372 2022 412 denotat‚ne
2036 385 2092 420 per
2102 375 2190 409 mul-

356 436 389 459 ta
401 424 566 460 obstacula
576 423 685 457 sanein
694 435 723 454 ni
736 421 891 467 gaudium
904 418 1099 465 protendere
1110 417 1265 452 desinant.
1276 420 1366 452 Rara
1376 422 1493 457 virtus,
1502 417 1559 451 vbi
1571 431 1632 452 nos
1644 420 1749 452 crucis
1761 420 1980 454 amaritudine
2003 419 2191 458 exacerbare

355 474 495 508 molitur
504 476 612 511 Satan,
626 481 659 503 vt
671 467 804 503 insuaue
817 466 853 501 sit
866 469 929 500 Dei
941 468 1125 503 noiiien‚in
1138 463 1209 501 solo
1220 469 1329 513 gratia:
1340 469 1404 502 Dei
1417 465 1514 512 gustu
1524 464 1943 512 acqtiicscere‚vti1iolestiae
1955 471 2190 512 omnes,dolo-,

347 514 416 562 itm,
430 534 524 558 curm,
539 530 696 554 inoerores
709 513 905 549 dulcescant.
964 513 1215 556 Cademscribere
1228 513 1327 548 vobis.
1372 516 1438 549 Hic
1449 516 1567 561 incipit
1577 515 1615 547 de
1627 512 1907 561 pseudoapostolis
1918 529 2102 563 agerc:cum
2115 522 2191 567 qui-

353 569 416 605 bus
427 582 538 604 tamen
552 580 620 601 non
633 574 759 612 pugnat
771 561 918 597 conserta
928 575 1027 597 manu
1046 586 1055 600 ,
1072 575 1106 596 vr
1118 564 1152 597 in
1166 562 1308 610 Epistola
1318 563 1358 596 ad
1368 563 1513 596 Galatasz-
1523 562 1575 596 sed
1584 565 1700 610 paucis
1712 563 1818 598 verbis
1830 567 1973 612 grauiter
1983 579 2038 600 eos
2057 566 2190 609 refellit,

354 629 520 665 quantum
531 614 603 648 satis
613 624 689 646 erat.
703 612 790 646 Nam
803 614 881 658 quia
891 609 1116 658 Philippenses
1128 622 1338 645 tentauerant
1350 612 1463 649 modo,
1483 624 1553 644 non
1565 622 1917 658 expuguaueran-tznon
1928 612 2010 647 adeo
2020 614 2192 650 necessaria

355 665 421 700 erat
433 666 512 699 iusta
522 659 698 709 disputatio
711 661 748 693 ad
765 659 961 694 refellendos
972 671 1107 696 errores,
1123 658 1244 705 quibus
1255 671 1429 705 nunquam
1441 671 1533 692 aures
1545 659 1759 706 praebuerant.
1772 657 1973 707 Simpliciter
1981 675 2059 710 ergo
2075 657 2191 698 monet

355 726 390 748 vr
401 713 576 759 diligentes
587 708 647 743 sint
659 713 693 743 ὃ(
705 719 823 742 attenti
835 712 869 742 in
881 707 1100 742 discernendis
1113 711 1147 741 &
1163 708 1320 741 cauendis
1332 705 1580 754 impostoribus.
1592 707 1704 741 Primo
1714 718 1825 742 autem
1836 721 1926 741 canes
1936 711 2079 757 appellat
2089 738 2098 752 ‚
2121 726 2193 747 nie-

355 762 495 808 taphora
506 759 583 793 inde
593 759 695 792 dueta.
703 757 794 803 quod
806 759 927 790 ventris
937 755 1106 789 ¹saturandi
1117 753 1362 803 causa‚iitipuro
1374 755 1490 789 latratu
1501 767 1612 789 veram
1621 756 1809 790 doctrinam
1820 757 2035 804 impetebant.
2051 761 2192 795 Perinde

354 821 435 856 ergo
444 809 487 842 est
497 806 558 842 acsi
570 809 723 853 impuros
731 815 786 839 aut
796 804 954 853 profanos
965 805 1206 850 diceret.neque
1214 806 1306 838 enim
1320 804 1369 838 his
1384 802 1536 837 assentior
1547 805 1604 850 qui
1619 815 1738 851 putant
1747 806 1791 837 ita
1802 804 1908 840 dictos
1921 806 2012 853 quod
2025 809 2188 844 inuideret

353 858 439 894 aliis,
453 868 509 891 aut
520 868 575 890 eos
586 855 784 889 morderent.
801 855 878 886 Secu
885 852 951 885 ndo
961 863 1058 886 vocat
1069 865 1097 884 m
1103 854 1168 885 alos
1177 855 1326 899 operarios
1334 876 1344 890 ,
1354 850 1612 899 significanfflub
1623 862 1778 899 praetextu
1788 851 1974 888 deificantia:
1985 854 2124 898 Ecclesiq
2136 870 2192 892 eos

352 905 441 940 nihil
454 904 541 939 aliud
554 905 654 951 quam
667 902 797 949 perdere
810 905 843 935 ὃς
861 901 1020 936 desti-uere
1031 903 1156 934 omnia.
1168 900 1270 935 inulti
1281 902 1372 935 enim
1383 900 1631 947 satagunt‚quos
1645 898 1802 947 praestatet
1814 914 1944 942 manere
1956 901 2091 938 otiosos.
2134 908 2191 945 ιιξ-

353 954 534 989 admodum
548 963 653 1001 praeco
670 949 725 984 ille
736 951 753 983 a
767 950 918 983 Graccho
929 960 985 996 per
993 947 1190 987 ludibrium,
1201 949 1292 995 quod
1303 951 1443 995 ignauus
1453 948 1590 986 sedebat,
1602 959 1735 996 rogatus
1747 946 1906 995 quidnam
1919 961 2038 998 ageret,
2053 951 2189 1001 respon-

353 1001 424 1038 sum
437 1001 598 1036 habuitin
612 1010 783 1046 promptu,
794 998 866 1032 lmb
880 998 957 1030 vero
972 996 1052 1042 quid
1063 1008 1097 1030 tii
1110 1000 1198 1044 agis?
1227 998 1304 1031 Erat
1317 999 1408 1030 enim
1419 997 1483 1030 dux
1495 995 1669 1044 perniciosi
1682 996 1857 1031 tumultus.
1870 999 1988 1035 Paulus
2008 1012 2086 1049 ergo
2103 1013 2191 1037 inter

356 1052 526 1098 operatios
537 1047 607 1082 vult
618 1046 728 1081 haberi
740 1044 927 1085 discrimen,
939 1056 973 1078 vr
983 1043 1106 1078 amalis
1117 1044 1176 1079 sibi
1188 1055 1325 1079 caueant
1338 1043 1456 1078 fideles.
1470 1047 1507 1079 lu
1517 1047 1616 1079 tertio
1627 1048 1777 1082 nomine,
1785 1044 1915 1093 elegans
1928 1048 1972 1081 est
1980 1054 2191 1089 wpooairquaaia.

355 1098 593 1134 Gloriabantur
607 1094 667 1132 illi,
680 1092 708 1128 se
733 1091 1023 1128 circuncisionem
1033 1091 1112 1127 effe:
1135 1092 1238 1127 eludit
1249 1093 1334 1127 hanc
1345 1094 1536 1127 iaetantiam
1549 1092 1737 1136 conctfionem
1747 1095 1900 1129 vocando
1909 1118 1920 1132 ,
1937 1098 1996 1144 qui
2014 1097 2193 1134 lacerarent

353 1145 503 1182 Ecclesiae
518 1145 736 1178 vnitatem.1n
748 1155 816 1188 quo
829 1140 1018 1189 exemplum
1030 1140 1203 1180 habemus,
1212 1143 1373 1188 Spiritum
1388 1141 1537 1176 sandicum
1548 1143 1583 1174 in
1595 1139 1658 1175 suis
1669 1144 1801 1189 organis
1812 1156 1883 1177 non
1896 1143 2021 1193 semper
2041 1146 2193 1194 refugisse

354 1194 505 1242 leporem
519 1197 552 1226 δε
564 1191 704 1226 facetias:
718 1192 735 1224 a
752 1190 874 1236 quibus
885 1201 998 1224 tamen
1009 1189 1185 1225 scurrilitas
1195 1188 1323 1228 abesset,
1335 1190 1470 1237 indigna
1482 1191 1550 1223 eius
1563 1189 1736 1223 maiestate.
1758 1189 1893 1227 Infinita
1905 1191 1979 1236 sunt
1995 1197 2144 1243 exempla
2154 1198 2192 1231 in

353 1242 527 1289 Prophetis
542 1267 552 1281 ‚
565 1252 601 1274 ac
615 1235 790 1286 praesertim
801 1241 835 1272 in
844 1237 950 1272 Iesaia:
963 1239 998 1272 νέ
1008 1237 1122 1273 nullus
1134 1238 1171 1274 sit
1184 1237 1342 1290 profanus
1350 1239 1471 1273 author
1481 1260 1490 1275 ,
1509 1240 1568 1284 qui
1579 1238 1732 1272 iucundis
1743 1251 1864 1272 vocum
1876 1239 2092 1285 allusionibus
2107 1247 2139 1278 δέ
2151 1243 2191 1278 fi—

354 1303 444 1338 guris
458 1292 560 1336 magis
573 1288 726 1325 abundet.
737 1287 856 1324 Verum
869 1289 973 1334 magis
985 1286 1093 1321 multo
1103 1286 1304 1324 obseruanda
1317 1287 1359 1320 est
1370 1286 1578 1324 vehementia
1589 1298 1653 1332 qua
1662 1284 1780 1322 Paulus
1791 1289 1826 1321 iu
1835 1286 2127 1337 pseudoapostolos
2137 1294 2193 1328 in-

353 1340 497 1373 uehitur:
512 1350 585 1384 qua:
595 1336 681 1373 cette
692 1347 841 1383 erumpet
854 1334 1046 1381 Vbicunque
1056 1333 1167 1370 feruor
1180 1338 1241 1370 etit
1251 1337 1298 1382 pii
1307 1334 1383 1369 zeli.
1399 1334 1462 1369 Sed
1474 1337 1595 1369 interea
1607 1335 1814 1381 cauendum*²
1836 1349 1877 1372 ne
1888 1347 1952 1384 qua
1966 1335 2193 1388 intemperies}

351 1397 408 1430 aut
419 1386 602 1422 immodica
632 1384 787 1419 acerbitas
798 1382 855 1418 sub
866 1382 978 1418 colore
989 1382 1053 1416 zeli
1063 1383 1211 1431 obrepat.
1231 1384 1334 1417 Porro
1346 1396 1449 1430 quum
1461 1382 1669 1420 dicit.eadem
1687 1378 1822 1417 scribere
1833 1384 1890 1418 sibi
1901 1386 1987 1420 haud
2002 1386 2061 1422 csse
2083 1387 2192 1424 mole—

352 1436 449 1471 stum:
462 1437 599 1469 innuere
609 1433 750 1472 videtur,
765 1431 794 1466 se
804 1436 871 1466 iam
885 1432 962 1465 alias
974 1430 1125 1478 scripsisse
1135 1430 1412 1479 Philippensibus.
1427 1431 1548 1465 Verum
1562 1434 1605 1464 ita
1620 1433 1765 1478 accipere
1778 1445 1846 1466 non
1859 1435 1919 1467 erit
1928 1431 2114 1476 absurdum,
2124 1439 2192 1479 mic

351 1483 481 1530 scriptis
493 1479 747 1516 cornmonefieri
757 1482 796 1514 de
812 1478 926 1514 iisdem
937 1479 1043 1517 rebus,
1058 1493 1138 1526 quas
1149 1479 1263 1528 saepius
1276 1492 1388 1514 coram
1399 1480 1580 1513 audierant.
1592 1479 1713 1526 Neque
1724 1481 1963 1516 enim'dubiuiri
1980 1484 2023 1517 est
2032 1486 2116 1530 quiri
2129 1498 2193 1520 vo-

351 1544 390 1568 ce
399 1526 588 1566 disseruisset
599 1529 687 1577 apud
701 1542 756 1563 eos
770 1526 882 1576 saepius
895 1554 905 1568 ,
916 1539 1047 1574 quanto
1072 1540 1122 1562 ere
1141 1529 1294 1566 cauendae
1306 1527 1368 1562 sint
1380 1528 1444 1562 istae
1455 1528 1567 1576 pestes.
1589 1540 1660 1561 non
1670 1538 1782 1562 tamen
1794 1526 1900 1576 ipsum
1910 1532 2003 1579 piget
2033 1544 2190 1580 repetere:

353 1582 432 1627 quia
443 1578 629 1627 periculum
642 1576 838 1611 imminebat
847 1575 1049 1624 Philippensi
1078 1589 1114 1611 us
1124 1590 1162 1613 ex
1171 1575 1312 1614 silentio.
1323 1571 1361 1614 Et
1370 1577 1457 1612 certe
1470 1575 1552 1612 boni
1562 1576 1698 1627 pastoris
1713 1576 1767 1619 est,
1782 1589 1853 1611 non
1870 1579 1972 1613 modo
1983 1579 2105 1629 pabuli]
2116 1594 2190 1633 gre..

353 1630 388 1677 gi
399 1627 612 1675 suppeditare,
629 1630 662 1660 &
681 1624 739 1660 suo
751 1626 854 1661 dutitu
866 1636 975 1674 regere
986 1637 1077 1659 oues:
1104 1624 1156 1660 sed
1166 1624 1265 1673 hipos
1275 1624 1377 1659 caulis
1389 1626 1581 1674 ingruentes
1594 1623 1735 1673 abigere.
1749 1637 1858 1672 neque
1869 1627 1901 1660 id
1913 1624 2007 1662 semel
2021 1641 2028 1661 :
2051 1626 2103 1664 sed
2115 1625 2192 1678 pe‘r'·

354 1676 460 1724 petuo
476 1676 552 1709 state
564 1677 598 1709 in
611 1673 757 1708 excubiis
766 1700 775 1713 ,
795 1686 902 1719 neque
913 1685 1061 1719 vnquam
1073 1672 1211 1721 fatigati.
1229 1673 1318 1707 Nam
1331 1685 1438 1719 quum
1450 1672 1611 1721 perpetuo
1622 1670 1762 1719 vigilent
1773 1672 1859 1711 fures
1871 1679 1903 1713 ὃς
1916 1674 2060 1711 latrones
2071 1679 2106 1712 in
2121 1679 2190 1713 Ec-

352 1723 453 1760 clesiae
464 1725 658 1773 perniciem,
671 1721 778 1768 qualis
788 1718 951 1756 excusatio
963 1724 1023 1758 etit
1033 1720 1157 1759 Pastori
1167 1718 1211 1769 ,fg-i]
1222 1722 1397 1768 postquam
1409 1719 1536 1755 fortiter
1550 1733 1605 1755 eos
1616 1720 1794 1767 aliquoties
1813 1722 1968 1770 repulerit
1985 1725 2048 1762 ,ad
2058 1739 2191 1762 nouum

352 1783 409 1807 aut
419 1770 588 1806 decimum
604 1769 762 1805 insultum
776 1767 923 1804 deficiat?
940 1767 1064 1804 Vtilem
1078 1769 1155 1804 veto
1167 1768 1329 1804 eiusmodi
1340 1771 1575 1818 repetitionem
1586 1767 1851 1816 Philippensibus
1862 1769 1922 1805 esse
1932 1784 2187 1810 commemorat:

353 1834 397 1855 ne
408 1823 455 1863 (vt
467 1819 536 1854 fieti
548 1818 715 1854 interdum
726 1816 828 1858 solet)
837 1820 938 1852 nimis
949 1815 1116 1852 fastidioso
1128 1816 1188 1852 sint
1196 1815 1319 1866 palato,
1331 1829 1367 1852 ac
1376 1828 1595 1852 contemnant
1605 1817 1692 1864 quasi
1703 1829 1771 1851 rem
1783 1815 2030 1866 superuacuam.
2057 1824 2142 1860 Sunt
2154 1837 2189 1858 e-

355 1871 428 1903 nim
442 1867 590 1916 plerique
598 1867 681 1901 adeo
694 1865 827 1906 morosi,
837 1877 872 1899 vt
882 1864 932 1900 bis
948 1866 1036 1900 idem
1048 1867 1113 1900 dici
1124 1879 1194 1900 non
1205 1864 1382 1899 sustineant
1396 1879 1402 1899 :
1416 1877 1476 1899 nec
1490 1867 1613 1900 interea
1625 1876 1778 1913 reputant
1792 1869 1883 1913 quod
1895 1867 1960 1902 illis
1973 1871 2124 1916 quotidie
2134 1873 2190 1907 in-

354 1916 514 1954 culcatur,
526 1918 582 1950 vix
594 1927 649 1949 tan
662 1915 725 1948 lein
737 1915 810 1962 post
823 1925 948 1948 annum
958 1914 1127 1948 decimum
1139 1913 1200 1949 suae
1212 1916 1379 1947 memoria.
1390 1913 1517 1948 haerere.
1533 1914 1637 1959 Qod
1646 1913 1669 1948 si
1680 1913 1760 1948 vtile
1769 1914 2037 1964 Philippensibus
2058 1917 2120 1953 fuit
2129 1932 2189 1955 aii-

353 1965 422 2002 dite
443 1965 527 2002 hanc
537 1963 630 2001 Pauli
653 1961 919 1997 exhortationem
930 1987 938 1998 ,
956 1973 992 1995 vt
1004 1959 1221 1996 discernerent
1233 1960 1268 1995 lu
1296 1974 1332 1995 os
1346 1975 1353 1995 :
1373 1962 1454 2008 quid
1465 1961 1522 1996 fibi
1533 1962 1653 1997 volunt
1666 1963 1817 2008 Papistae,
1840 1965 1920 2000 dum
1933 1965 2066 2003 nullum
2084 1969 2123 2002 de
2133 1966 2190 2003 sua.

356 2014 509 2048 doetriua
525 2012 686 2048 iudicium
700 2009 768 2047 fieri
779 2008 960 2044 sustinent?
995 2009 1085 2044 Nam
1097 2022 1181 2056 quos
1202 2008 1258 2055 (ob
1274 2012 1361 2053 ecto)
1381 2009 1611 2056 alloquebatur
1627 2009 1767 2051 Paulus,
1788 2024 1892 2061 quum
1903 2013 2052 2052 dicebat,
2083 2015 2186 2050 Vide-

353 2071 382 2093 te
403 2063 416 2093 ?
436 2060 551 2097 nonne
560 2072 615 2093 eos
627 2082 637 2096 ,
656 2057 778 2106 quibus
797 2056 929 2092 nullum
941 2056 999 2105 ipsi
1009 2056 1212 2092 discernendi
1222 2060 1272 2092 ius
1283 2060 1501 2105 permittunt?
1529 2060 1567 2095 Et
1578 2059 1616 2095 de
1627 2056 1740 2096 iisdem
1751 2061 1850 2093 etiam
1861 2059 2012 2108 loquitur
2034 2063 2186 2099 Christus

356 2108 500 2145 similiter
519 2131 528 2145 ,
549 2108 642 2144 Ques
654 2119 732 2144 meae
743 2118 863 2143 vocem
883 2117 991 2143 meam
1014 2106 1154 2145 audiunt
1170 2129 1182 2145 2
1203 2109 1236 2143 ὃς
1249 2103 1428 2156 sequuntur
1440 2118 1509 2144 me:
1533 2105 1681 2144 alienum
1694 2105 1837 2157 fugiunt.
1866 2121 1974 2157 neque
1992 2111 2131 2147 audiunt
2151 2126 2186 2147 c—

355 2159 406 2193 ius
423 2169 552 2194 vocem.

402 2218 416 2251 3
463 2209 544 2255 Nys
553 2206 738 2248 enimfiimus
749 2202 964 2249 Circzmcifio.)
1010 2204 1086 2239 Hoc
1098 2204 1152 2242 est,
1167 2203 1242 2238 Nos
1255 2202 1366 2238 sumus
1382 2215 1496 2238 verum
1507 2203 1647 2238 Abrahae
1658 2202 1780 2245 semen,
1789 2208 1821 2239 δέ
1835 2205 1974 2239 haeredes
1984 2204 2182 2251 testamenti,

358 2254 449 2300 quod
461 2252 613 2298 symbolo
626 2251 887 2299 Circuiicifionis
898 2251 1059 2288 sancitum
1070 2251 1142 2286 fuit.
1153 2255 1236 2287 Vera
1247 2256 1336 2286 enim
1346 2250 1566 2289 Circuncisio,
1578 2250 1709 2300 spiritus
1725 2253 1778 2290 est,
1792 2253 1980 2297 nonlitcrae:
1994 2256 2132 2291 interior
2147 2262 2184 2293 ἃς

357 2305 392 2337 in
404 2304 501 2338 corde
514 2300 580 2339 sita,
591 2314 661 2336 non
674 2299 851 2335 secundum
863 2312 995 2337 carnem
1005 2299 1147 2336 visibilis.
1159 2304 1218 2335 Per
1235 2299 1363 2336 cultum
1376 2298 1590 2347 spiritualem,
1601 2299 1758 2347 intelligit
1767 2313 1841 2334 eum
1850 2303 1908 2347 qui
1920 2301 2017 2336 nobis
2028 2305 2062 2338 in
2074 2306 2183 2341 Euan-

358 2351 448 2397 gelio
458 2349 712 2386 commendatur
727 2375 736 2389 ‚
758 2347 951 2395 constatque
962 2347 1081 2384 fiducia
1095 2351 1357 2385 &inuocatione
1367 2350 1452 2385 Dei,
1482 2347 1701 2395 abnegatione
1714 2346 1816 2382 nostri
1830 2353 1862 2383 ἃ
1874 2352 1954 2396 prim
1965 2350 2178 2390 conscientia.

355 2399 586 2434 Subaudienda
597 2408 706 2432 autem
718 2397 762 2431 est
770 2396 947 2431 antithesis:
958 2399 1035 2444 quia
1045 2396 1217 2434 exaduerso
1229 2407 1314 2434 taxat
1325 2395 1464 2443 legalem
1476 2396 1601 2433 cultum
1614 2420 1624 2435 ‚
1635 2408 1735 2443 quem
1750 2394 1856 2431 solum
1871 2398 2028 2445 vrgebant
2038 2399 2180 2448 pseudo-

356 2446 512 2494 apostoli:
524 2445 584 2482 acsi
594 2446 732 2484 diceret,
752 2443 820 2479 Illis
834 2446 974 2480 externis
985 2444 1271 2480 obseruationibus
1290 2446 1402 2479 Deum
1414 2444 1481 2479 coli
1492 2446 1687 2492 praecipiun't
1698 2467 1708 2482 ι
1731 2448 1764 2483 6<
1775 2447 1852 2500 quia
1863 2450 2065 2482 ceremonias
2077 2450 2176 2499 Legis

355 2493 625 2536 obseruant‚falsb
639 2493 760 2528 iaetant
770 2491 802 2526 se
813 2495 875 2527 Dei
888 2491 946 2528 esse
958 2491 1134 2541 populum.
1146 2506 1206 2528 nos
1217 2493 1292 2529 vere
1302 2492 1412 2528 sumus
1423 2491 1592 2531 circuncisi
1601 2515 1612 2530 ‚
1638 2494 1696 2539 qui
1708 2494 1742 2530 in
1752 2490 1868 2542 spiritu
1880 2498 1912 2528 &
1924 2498 2060 2535 veritate
2073 2500 2177 2533 Deum

356 2546 490 2576 colimus.
544 2543 608 2576 Sed
619 2541 673 2579 hic
684 2552 806 2588 quaeret
816 2539 980 2589 quispiam
1003 2566 1012 2579 ,
1021 2554 1062 2575 an
1071 2544 1187 2576 veritas
1198 2540 1346 2578 excludat
1358 2542 1574 2577 Sacramenta.
1590 2552 1665 2576 nam
1679 2541 1765 2579 idern
1776 2542 1815 2575 de
1833 2541 2003 2591 Baptismo
2016 2549 2049 2579 de
2068 2547 2177 2585 Coena

355 2591 421 2625 dici
435 2590 546 2638 posset.
555 2588 767 2638 Rcspondeo,
777 2592 982 2638 principit-im
998 2588 1080 2626 illud
1091 2587 1215 2638 semper
1225 2590 1411 2628 notandum
1424 2588 1493 2628 esse,
1507 2587 1625 2638 figuras
1635 2586 1694 2627 esse
1704 2588 1874 2639 abrogatas
1885 2591 2006 2630 Christi
2017 2594 2172 2630 aduentu:

359 2643 565 2676 &mutatam
577 2635 743 2687 Baptismo
757 2636 1054 2674 Circuncisionem.
1073 2639 1118 2675 Ex
1129 2637 1194 2672 hoc
1204 2639 1371 2695 principio
1381 2636 1525 2684 sequitur
1534 2660 1543 2675 ‚
1554 2649 1645 2672 nunc
1655 2648 1769 2685 parum
1786 2638 1819 2673 &
1830 2637 2018 2685 legitimum
2028 2642 2092 2680 Dei
2103 2643 2176 2681 cul—

356 2698 429 2722 tum
440 2687 458 2720 a
469 2689 666 2721 ceremoniis
679 2685 838 2732 legalibus
852 2688 1040 2720 immunem
1052 2684 1121 2719 effe:
1135 2688 1168 2719 &
1180 2698 1289 2718 veram
1302 2685 1588 2720 Lircuncisionem
1600 2684 1750 2720 fidelibus
1777 2688 1923 2720 constare
1935 2689 2013 2721 citra
2025 2686 2175 2736 figuram:

357 2737 608 2782 Etgloriamarin
622 2732 744 2777 Christo.
795 2734 1033 2768 Continnanda
1043 2735 1085 2767 est
1096 2732 1274 2771 antithesis,
1285 2734 1359 2768 Nos
1369 2737 1402 2767 in
1414 2746 1445 2768 re
1457 2733 1532 2781 ipsa,
1544 2746 1648 2780 quum
1662 2732 1710 2767 illi
1722 2735 1756 2768 in
1774 2732 1928 2778 symbolis
1941 2735 2092 2771 haereant:
2108 2753 2171 2775 nos

357 2786 393 2820 in
413 2795 551 2832 corpore
563 2795 734 2816 manemus
747 2807 758 2822 ,
778 2795 883 2828 quum
896 2781 945 2816 illi
956 2781 994 2816 ad
1019 2781 1148 2816 vmbras
1158 2780 1348 2829 reschtent.
1374 2782 1448 2816 Nec
1457 2781 1542 2815 male
1569 2780 1740 2829 respondet
1759 2785 1961 2816 contrarium
1981 2785 2171 2824 membrum

357 2831 451 2878 quod
465 2842 542 2865 mox
561 2828 728 2877 opposuit.
755 2831 837 2864 Non
848 2829 1006 2864 habemus
1028 2832 1062 2863 in
1073 2841 1168 2863 carne
1179 2828 1344 2863 fiduciam.
1370 2831 1458 2864 Nam
1480 2831 1599 2864 Carnis
1609 2832 1748 2864 nomine
1758 2830 1992 2877 complestitur
2011 2836 2172 2882 quicquid

358 2881 403 2915 est
413 2887 584 2913 externum
595 2881 630 2911 in
643 2877 781 2914 homine
791 2879 875 2911 vnde
886 2877 992 2925 gloria
1018 2879 1134 2913 ,etitur2
1149 2878 1431 2925 quemadmodum
1443 2891 1479 2913 ex
1490 2888 1646 2914 contextu
1658 2876 1792 2925 patebit:
1806 2877 1857 2912 vel
1869 2889 1901 2912 vt
1910 2878 2040 2916 breuius
2050 2883 2170 2924 dicam,

323 2968 326 2971 Ι
359 2931 503 2963 Carnem
514 2924 667 2973 appellat,
679 2926 837 2971 quicquid
849 2927 890 2960 est
901 2938 987 2960 extra
1031 2924 1182 2960 hristum:
1192 2928 1226 2959 in
1237 2938 1305 2972 quo
1317 2939 1386 2959 non
1398 2925 1514 2960 leuiter
1523 2927 1642 2973 pungit
1653 2923 1820 2975 peruersos
1833 2927 1908 2964 istos
1918 2928 2013 2976 Legis
2033 2930 2170 2975 zelotas,

357 2977 436 3022 quia
449 2975 582 3009 Christo
594 2986 662 3007 non
683 2976 833 3006 contenti
843 2975 882 3006 ad
892 2973 1012 3009 alienas
1025 2973 1145 3021 glorias
1157 2973 1370 3009 transuolent.
1383 2973 1537 3014 Gloriari,
1550 2977 1582 3013 ὅ(
1598 2974 1765 3012 Fiduciam
1778 2973 1970 3027 habere,pr0
1982 2978 2098 3013 eodem
2107 2994 2169 3029 po-

357 3023 430 3059 suit.
439 3021 537 3057 Effert
547 3024 637 3056 enim
650 3020 767 3055 fiducia
777 3021 964 3058 hominem,
974 3033 1008 3055 vt
1020 3021 1153 3056 oloriati
1165 3025 1263 3057 etiarn
1273 3022 1397 3056 audeat:
1409 3024 1519 3068 itaque
1527 3021 1601 3058 sunt
1612 3033 1658 3054 rcs
1669 3023 1867 3056 coniunCtae.

400 3084 426 3118 4
473 3070 669 3116 ‘Tamerssego
679 3070 795 3110 etiam.)
846 3069 927 3103 Non
940 3070 978 3103 de
990 3049 1106 3105 asse-stu
1119 3069 1280 3116 loquitur,
1290 3067 1340 3103 sed
1350 3069 1379 3102 se
1389 3081 1523 3116 quoque
1535 3068 1697 3115 gloriandi
1711 3081 1945 3115 argumentum
1956 3073 2074 3109 habere
2087 3073 2171 3124 signi

358 3119 467 3158 fleat>f1
478 3118 577 3153 libeat
586 3117 726 3151 alimum
740 3115 907 3154 stultitiam
920 3119 1052 3151 imitari.
1073 3116 1188 3155 Sensus
1199 3131 1276 3165 ergo
1289 3118 1340 3153 cst:
1353 3120 1428 3153 Mea
1437 3118 1571 3165 quidem
1582 3117 1687 3163 gloria
1696 3120 1730 3150 iii
1743 3118 1875 3153 christo
1884 3119 1940 3155 sita
1950 3122 2010 3156 est‘:
2024 3124 2136 3159 verum
2146 3124 2172 3161 fl

357 3171 392 3203 in
404 3180 498 3201 carne
507 3177 659 3214 oporteat
669 3164 814 3212 gloriari,
826 3166 910 3198 inihi
923 3167 1018 3198 etiam
1031 3179 1100 3199 non
1112 3167 1195 3205 deest
1206 3168 1348 3200 materia.
1361 3168 1469 3212 Atque
1478 3165 1558 3200 hinc
1568 3164 1720 3200 discimus
1730 3166 1870 3211 qualiter
1878 3169 2052 3206 refellenda
2064 3171 2100 3207 sit
2110 3185 2169 3207 eo-

357 3228 429 3249 rum
441 3217 624 3262 arrogantia
639 3216 694 3260 qui
709 3223 795 3246 extra
805 3213 973 3247 Christum
992 3211 1191 3260 superbiunt.
1205 3216 1237 3247 Si
1249 3215 1359 3248 eadem
1371 3213 1491 3260 quibus
1505 3211 1534 3247 se
1544 3214 1713 3247 venditant
1726 3240 1734 3253 ,
1754 3215 1932 3262 suppetunt
1945 3220 2043 3254 etiam
2057 3219 2168 3265 nobis,

353 3277 394 3301 nc
406 3265 567 3309 patiamur
579 3262 654 3296 illos
667 3261 798 3295 Christo
808 3260 960 3297 insultare
970 3262 1081 3310 inepta
1091 3264 1350 3310 iaCtantia,.qtiin
1367 3263 1489 3297 nostras
1499 3273 1634 3309 quoque
1645 3260 1765 3309 glorias
1778 3275 1982 3312 regeramus:
1998 3278 2033 3302 vt
2044 3268 2169 3306 intelli-

350 3320 498 3360 gauri-105
511 3324 579 3345 non
591 3311 718 3345 inuidia
727 3308 841 3348 facete,
858 3309 951 3361 quod
975 3321 1036 3360 pro
1048 3309 1157 3345 nihilo
1169 3311 1333 3347 ducimus,
1345 3310 1415 3345 imb
1427 3308 1545 3367 sponte
1554 3309 1728 3344 abjicimus
1740 3323 1810 3358 quae
1821 3317 1958 3354 maximi
1969 3313 2104 3359 faciunt.
2117 3318 2170 3359 Sit

2060 3373 2125 3400 tam
2131 3378 2171 3411 en
