2268 3705
118 1425 263 1458 Itan-175.
274 1427 314 1450 19.

326 84 395 129 364
934 69 1028 119 IN
1075 62 1610 118 EPISTOLAM

321 150 523 187 sustinentur
534 144 662 183 omnia,
676 145 722 178 ita
734 140 828 176 illius
845 138 960 188 gloriae
973 138 1092 174 seruire
1103 135 1256 171 debeant.
1265 135 1354 181 Ergo
1366 146 1437 167 non
1452 131 1515 166 alia
1529 131 1651 166 melior
1660 127 1753 165 causa
1764 133 1820 167 inu
1827 133 1990 182 estigaiida
2002 133 2161 183 est,quh·m

322 203 370 234 ita
383 194 536 245 placuiffe
547 197 633 229 Deo.
647 194 723 228 Huc
733 193 875 239 pertinet
887 187 1080 237 periphrasis
1093 186 1272 232 quavtitur
1282 208 1294 222 ,
1309 187 1433 230 Propter
1445 192 1535 225 quem
1544 205 1554 218 ,
1570 184 1606 217 (9·
1616 191 1673 229 per
1683 192 1771 225 quem
1782 185 1896 217 omnia.
1943 184 2074 218 Poterat
2093 199 2161 222 vno

330 247 433 281 verbo
454 246 566 279 Deum
581 241 757 290 appellare:
770 237 820 273 sed
833 240 1013 272 admonete
1024 234 1134 270 voluit
1145 243 1209 280 pto
1225 233 1361 278 optimo
1382 232 1413 264 id
1425 229 1616 262 habendum
1642 229 1735 274 quod
1747 229 1855 263 statuit
1868 229 2042 278 ipse,cuius
2053 237 2087 268 &
2097 248 2164 269 vo.

326 295 437 329 luntas
448 298 482 328 &
496 292 602 340 gloria
613 293 722 325 [estus
732 289 776 322 est
787 289 944 322 omnium
957 283 1213 319 finis.Nondum
1225 289 1336 313 tamen
1347 279 1478 312 videtur
1489 277 1636 310 constare
1646 278 1738 322 quod
1749 279 2051 320 intendir,docuiffe
2061 282 2165 317 Chri..

327 344 414 378 stum
438 342 504 377 hoc
517 340 619 374 modo
630 336 812 373 consecrari
825 346 834 366 ι
856 333 908 368 sed
919 336 985 368 hoc
997 331 1117 380 pendet
1130 341 1169 363 ex
1191 329 1500 376 ordinariaqratione
1511 337 1612 370 quam
1631 326 1726 359 Deus
1738 328 1771 359 in
1794 329 1970 362 tractandis
1983 328 2045 362 iuis
2061 341 2163 366 tenet,

327 391 410 426 Vult
421 393 512 425 enim
524 401 580 423 eos
590 389 686 422 variis
704 384 860 420 aerumnis
877 383 1030 418 exerceri,
1042 378 1219 424 totamque
1230 379 1333 410 vitam
1352 374 1411 409 iub
1424 386 1519 408 cruce
1530 374 1656 420 dtgete.
1669 373 1837 409 Christum
1852 389 1930 423 ergo
1942 388 1975 410 vt
1985 378 2027 410 est
2039 381 2169 426 primo-

326 442 474 489 genitus,
486 438 638 485 oportuit
651 446 746 469 cruce
761 432 952 478 inaugurati
964 432 999 463 in
1016 427 1111 462 suum
1126 429 1321 474 primatum:
1334 423 1469 474 quando
1481 422 1538 455 ista
1548 427 1591 454 eit
1603 425 1796 457 communis
1806 428 1961 458 omniurn
1975 424 2023 458 lex
2038 431 2071 461 &
2083 439 2169 462 con-

330 490 425 522 ditio.
438 488 518 521 Haec
529 486 572 520 est
585 481 798 518 confirmatio
809 481 926 526 capitis
940 489 1019 512 cum
1035 477 1208 511 membris,
1221 474 1261 506 de
1271 484 1338 518 qua
1348 471 1468 504 dillerit
1483 470 1604 504 Paulus
1614 471 1652 503 ad
1663 472 1840 505 Romanos
1852 484 1957 520 capite
1970 474 2079 518 8.f.29.
2094 477 2168 519 Ηςε

328 548 442 572 autem
453 536 497 569 est
511 535 632 567 eximia
643 527 830 564 consolatio
841 528 879 560 ad
891 525 1109 574 mitigandam
1121 520 1333 557 acerbitatem
1348 521 1455 554 crucis
1476 541 1486 556 ‚
1510 530 1615 564 quum
1629 520 1768 552 audiunt
1781 518 1891 555 fidele,
1903 522 2041 557 miseriis
2053 527 2087 557 δι
2106 528 2169 558 tri·

337 581 568 620 bulationibus
580 579 608 613 se
623 580 685 612 vna
698 589 777 612 cum
800 576 935 610 Christo
945 571 1139 609 sanetificati
1150 574 1184 604 in
1196 568 1359 617 gloriam:
1391 566 1539 613 adeoque
1551 567 1664 601 vident
1676 566 1804 602 causam
1817 569 1876 603 effe
1894 583 1949 604 cur
1961 583 2108 606 amanter
2117 571 2171 607 os·

329 633 485 668 culentur
496 632 607 677 potius
619 638 753 661 crucem
765 625 866 671 quam
879 625 1046 658 horreant.
1057 622 1093 654 Id
1103 619 1203 668 porro
1223 616 1292 652 ficri
1303 618 1420 663 nequit
1431 628 1513 665 quin
1526 616 1746 663 opprobrium
1763 620 1868 652 crucis
1877 618 2000 652 Christi
2014 623 2170 667 protinus

334 679 546 717 absorbeatur
558 700 568 717 ‚
586 680 619 710 δι
631 675 739 722 gloria
750 671 921 720 refulgeat.
953 673 1042 717 Qis
1053 681 1144 704 enim
1154 666 1338 714 vilipendat
1350 665 1441 711 quod
1462 667 1585 697 lacrum
1601 665 1644 697 est
1653 690 1664 704 ,
1683 664 1754 698 imo
1767 677 1807 711 qu
1814 667 1957 712 odssDeus
1967 666 2170 704 saniirificaoe

335 731 412 776 quis
431 724 707 774 ignominiosum
724 723 821 757 ducat
831 734 900 768 quo
917 729 1136 768 praeparamur
1151 717 1188 749 ad
1199 717 1361 762 gloriam?
1382 715 1660 760 Atquivtrunque
1670 712 1726 747 hic
1736 713 1774 746 de
1788 713 1911 749 Christi
1924 728 2031 750 morte
2051 719 2171 764 praedi-

337 787 441 811 catur.
492 777 554 808 Per
566 786 656 818 quem
666 774 777 805 omm'a.
829 771 949 814 Quum
961 769 998 802 de
1010 769 1178 801 creatione
1188 775 1309 809 agitur,
1321 763 1387 797 hoc
1398 761 1484 795 Filio
1496 760 1653 794 tribuitur
1664 760 1752 807 quasi
1764 765 1937 811 proprium
1950 787 1961 801 ,
1973 766 2062 810 quod
2074 778 2131 814 pet
2140 770 2173 801 i-

337 822 434 873 psum
444 833 554 856 creata
569 821 630 856 sint
641 819 767 864 omnia}
778 832 785 852 :
797 816 852 851 sed
862 818 917 852 hic
928 815 1014 852 nihil
1026 815 1115 849 aliud
1125 812 1285 860 lignincat
1295 809 1477 858 Apostolus
1495 812 1595 855 quarn
1608 810 1685 843 stare
1696 823 1814 845 omnes
1825 823 1985 846 creaturas
1996 839 2007 854 ‚
2026 815 2078 848 vel
2088 827 2175 850 con-
2225 826 2227 833 ⁴

340 872 460 908 seruati
471 873 506 905 in
518 869 579 906 suo
592 871 674 904 statu
682 870 749 903 Dei
759 869 892 901 virtute.
910 865 976 899 Vbi
987 877 1049 899 nos
1060 863 1228 905 consecrare
1240 871 1399 909 vertimus
1410 881 1420 896 ,
1432 857 1486 892 alii
1499 859 1640 909 reddunt
1649 857 1816 893 perficere.
1836 860 1897 894 Sed
1909 873 2013 907 quum
2033 862 2175 900 verbum

335 921 482 955 ’τελειῶσαι
491 943 502 958 ,
521 932 592 966 quo
615 918 686 952 vsus
698 916 741 951 est
753 940 762 954 ‚
779 914 945 961 ambiguae
955 913 992 948 fit
1002 911 1254 959 significationis
1266 934 1276 949 ‚
1294 909 1503 955 perlpicuum
1515 906 1574 940 elle
1585 906 1725 940 arbitror
1735 920 1833 954 quam
1846 908 1939 956 posui
1952 910 2070 945 melius
2091 924 2176 948 con-

339 972 447 1006 textui
466 970 635 1015 quadrare.
648 967 738 1001 Nam
748 963 894 997 solennis
906 963 1056 1008 quaedam
1069 958 1265 1006 &legitima
1274 956 1440 989 ordinatio
1452 966 1586 989 notatur
1596 978 1606 992 ,
1620 967 1683 1001 qua
1694 958 1867 991 initiantur
1878 956 1935 1005 filij
1948 960 2032 999 Dei,
2058 971 2092 993 vt
2101 972 2177 1008 gra..

343 1021 427 1054 dum
441 1016 536 1052 suum
549 1015 735 1053 obtineant,
746 1012 895 1058 adeoque
906 1013 1094 1058 iepatentur
1117 1008 1134 1041 a
1143 1005 1274 1052 reliquo
1286 1005 1426 1037 mundo:
1439 1008 1472 1037 ὅ(
1486 1014 1563 1036 mox
1575 1002 1744 1037 subiicitur
1755 1010 1884 1040 mentio
1895 1005 2177 1045 sanctificationis.
2228 1000 2237 1022 Ἰ

393 1076 422 1101 11
473 1065 567 1099 Nam
578 1062 833 1109 quisancibficat.)
883 1058 1004 1093 Probat
1017 1057 1108 1104 quod
1119 1056 1260 1090 dixerat,
1273 1049 1411 1086 decuisse
1440 1051 1570 1098 impleri
1583 1055 1616 1085 in
1629 1052 1751 1086 §bristi
1763 1052 1920 1101 persona,
1939 1068 2074 1104 propter
2093 1069 2180 1093 con-

345 1116 559 1150 iunstionem
571 1110 671 1159 ipsius
681 1122 758 1144 cuni
771 1106 940 1144 membris.
951 1109 990 1141 Et
1000 1110 1124 1140 interea
1133 1104 1229 1137 docet
1242 1100 1402 1148 singulare
1415 1100 1479 1134 hoc
1491 1101 1550 1133 efle
1567 1097 1732 1148 specimen
1745 1103 1877 1137 Diuinae
1888 1103 2048 1140 bonitatis
2059 1130 2068 1143 ,
2085 1106 2179 1153 quod

345 1174 478 1199 carnem
491 1161 635 1196 nostram
645 1159 766 1193 induit.
778 1160 870 1191 Dicit
881 1169 960 1204 ergo
972 1159 1025 1189 Ex
1034 1167 1094 1188 vno
1106 1152 1172 1198 effe,
1183 1151 1248 1185 hoc
1266 1155 1308 1184 eit
1321 1161 1357 1182 ex
1367 1161 1433 1182 vna
1447 1160 1564 1196 natura
1576 1151 1623 1189 (vt
1633 1151 1840 1201 ego-quidem
1851 1157 2063 1200 interpretor)
2074 1155 2178 1190 autho

345 1224 416 1246 rem
426 1210 620 1245 sanctitatis,
638 1213 671 1242 &
683 1220 745 1242 nos
755 1208 814 1253 qui
825 1204 937 1240 sumus
948 1206 1018 1238 eius
1028 1205 1213 1251 participes.
1239 1199 1480 1233 Comniuiiiter
1495 1196 1687 1242 intelligunt
1699 1211 1736 1231 ex
1747 1211 1815 1233 vno
1827 1201 1944 1234 Adam:
1963 1202 2123 1237 nonnulli
2138 1204 2180 1238 ad
2220 1206 2235 1215 ·’
2252 1189 2255 1200 ¹

344 1263 458 1295 Deum
470 1257 626 1293 referunt,
640 1269 749 1302 neque
761 1252 906 1289 absurde.
921 1253 981 1287 Sed
994 1265 1056 1299 ego
1067 1253 1178 1298 potiris
1194 1247 1333 1282 eandem
1345 1256 1495 1280 naturam
1510 1244 1668 1291 designari
1680 1248 1843 1286 existimo,
1857 1252 1889 1283 ἃ
1902 1261 2007 1283 vnum
2019 1249 2179 1299 intelligo

342 1312 379 1343 in
390 1319 510 1342 neutro
521 1317 651 1353 genere:
666 1303 727 1338 acii
737 1305 858 1337 diceret
869 1314 907 1336 ex
918 1314 983 1336 vna
995 1302 1092 1334 malla
1104 1311 1168 1333 nos
1180 1294 1239 1331 ess'e
1251 1294 1468 1342 compositos.
1495 1295 1571 1327 Hoc
1584 1307 1597 1326 x
1607 1306 1633 1326 ei
1642 1294 1662 1327 ὸ
1673 1295 1712 1328 ad
1733 1298 1916 1342 augendam
1928 1299 2072 1332 nostram
2092 1298 2182 1335 fidu„
2232 1290 2246 1298 '¹

340 1360 429 1392 ciam
439 1369 510 1390 non
526 1366 644 1403 parum
657 1354 753 1390 valet,
765 1361 826 1386 nos
838 1363 916 1385 cum
927 1349 1011 1384 Pilio
1024 1350 1090 1383 Dei
1104 1359 1170 1381 tam
1184 1347 1276 1380 arcto
1289 1341 1534 1378 necessitudinis
1546 1343 1685 1376 vinculo
1697 1344 1859 1378 coliaerere
1869 1369 1878 1382 ‚
1890 1357 1923 1380 vt
1934 1344 2104 1382 sanctitate
2114 1361 2181 1395 qua

342 1406 546 1453 indigemus,
556 1404 695 1450 reperire
704 1405 739 1436 in
750 1412 866 1435 natura
878 1399 988 1434 nostra
998 1397 1106 1432 liceat.
1121 1396 1245 1441 Neque
1259 1396 1349 1427 enim
1361 1392 1490 1425 tantur-n
1503 1402 1665 1436 quatenus
1676 1393 1766 1426 Deus
1778 1393 1832 1430 est,
1849 1406 1911 1427 iios
1922 1392 2112 1435 sanctificat,
2123 1395 2177 1431 sed

341 1455 496 1489 humana:
507 1464 644 1498 quoque
657 1462 778 1484 naturae
792 1451 841 1482 vis
853 1446 1079 1482 sanctificandi
1091 1444 1182 1478 inest:
1194 1454 1266 1476 non
1277 1441 1368 1487 quod
1378 1453 1448 1474 eam
1464 1439 1580 1473 habeat
1591 1442 1608 1473 a
1619 1438 1716 1487 scipsa
1736 1464 1746 1478 ,
1763 1440 1811 1474 sed
1823 1442 1913 1487 quod
1923 1441 2058 1478 solidam
2071 1444 2182 1492 pleni-

342 1503 496 1539 tudinem
509 1502 691 1535 lanCtitatis
704 1502 739 1533 in
751 1510 823 1532 eam
832 1494 946 1531 effudit
956 1498 1045 1529 Deus
1074 1520 1085 1535 ‚
1096 1503 1130 1527 vt
1142 1494 1219 1525 inde
1230 1490 1421 1524 hauriamus
1433 1501 1562 1522 omnes.
1597 1488 1679 1533 Qb
1691 1491 1832 1535 pertinet
1844 1489 1900 1523 illa
1910 1489 2069 1526 sententia
2081 1516 2090 1530 ‚
2104 1495 2180 1541 Ego

343 1562 481 1600 propter
492 1562 548 1584 eos
561 1545 731 1582 sanctifico
744 1544 918 1593 meipsum.
933 1545 1023 1591 Ergo
1034 1541 1055 1578 si
1067 1554 1130 1577 nos
1141 1538 1277 1589 profani
1292 1543 1323 1572 δέ
1336 1537 1517 1574 immundi,
1534 1550 1604 1571 non
1619 1536 1737 1584 procul
1749 1539 1961 1584 quaerendum
1973 1540 2015 1574 est
2034 1545 2181 1579 remedia

343 1601 436 1647 quod
449 1598 548 1633 nobis
559 1594 696 1631 offertur
707 1599 742 1629 in
755 1607 853 1629 carne
863 1594 983 1628 nostra.
1003 1594 1036 1625 Si
1049 1592 1088 1625 de
1099 1593 1224 1624 vnitate
1242 1586 1403 1634 spirituali
1417 1588 1564 1634 accipere
1576 1589 1650 1632 quis
1662 1585 1755 1620 malit
1768 1609 1778 1624 ,
1809 1600 1880 1633 quae
1891 1587 1954 1621 alia
1965 1590 2008 1623 est
2016 1592 2081 1638 piis
2101 1603 2182 1626 cum

343 1649 428 1684 Filio
440 1649 518 1684 Dei,
529 1647 629 1693 quam
645 1645 681 1678 sit
693 1642 892 1678 hominibus
904 1640 1007 1688 vulgb
1019 1643 1104 1675 inter
1117 1639 1158 1676 se,
1169 1650 1240 1672 non
1252 1647 1414 1684 repugno.
1428 1634 1584 1668 Libenter
1595 1645 1706 1668 tamen
1724 1632 1843 1682 sequor
1857 1636 1947 1682 quod
1976 1641 2081 1686 magis
2093 1651 2182 1674 rece-

343 1709 442 1747 ptum
452 1697 515 1736 est,
533 1696 591 1729 vbi
603 1707 673 1728 non
687 1694 730 1727 est
740 1694 759 1726 a
768 1694 895 1725 ratione
906 1691 1157 1724 distentaneum.
1207 1685 1287 1719 Non
1308 1682 1577 1729 erubescitfratres
1588 1683 1664 1731 ipfts
1674 1695 1794 1718 vocare.
1845 1684 1955 1719 Locus
1966 1685 2021 1720 hic
2032 1687 2184 1736 sumptus

344 1747 388 1781 est
397 1758 435 1780 ex
445 1743 574 1779 Psalmo
585 1753 630 1775 22.
643 1753 717 1786 ως.
755 1741 928 1774 Christum
941 1750 1054 1772 autem
1065 1735 1147 1773 illic,
1168 1733 1220 1768 vel
1231 1733 1398 1767 Dauidem
1413 1735 1448 1766 in
1459 1732 1582 1766 Christi
1595 1731 1732 1779 persona
1748 1731 1946 1779 loquentem
1957 1735 2183 1774 induci‚testes

345 1792 495 1842 primum
508 1793 580 1826 sunt
591 1789 816 1837 Euangelistae,
829 1790 888 1834 qui
899 1786 1008 1835 plures
1021 1783 1128 1819 versus
1139 1784 1216 1817 inde
1225 1785 1339 1816 citant:
1351 1793 1472 1828 nempe
1483 1806 1493 1821 ‚
1505 1782 1617 1814 Partiti
1629 1779 1702 1814 sunt
1715 1779 1772 1815 libi
1783 1782 1984 1817 vestimenta.
2006 1786 2103 1822 Item,
2112 1786 2183 1819 De—

343 1847 465 1878 derunt
483 1844 518 1876 in
531 1839 634 1875 escam
647 1851 754 1872 meam
764 1836 817 1871 fel.
832 1837 1027 1876 ltem‚Deus
1040 1845 1131 1867 meus
1153 1833 1265 1870 ,Deus
1278 1842 1369 1863 meus
1381 1830 1497 1875 vtquid
1508 1841 1560 1863 me
1570 1828 1791 1875 dereliquisti?
1815 1830 1932 1865 deinde
1954 1844 2002 1866 res
2013 1831 2081 1880 ipsa
2091 1833 2181 1868 idem

346 1892 499 1926 ostendit.
515 1901 594 1923 nam
606 1891 640 1921 in
651 1887 787 1921 historia
795 1882 954 1919 Paffionis
966 1894 1097 1918 cernere
1108 1881 1185 1915 licet
1197 1882 1308 1913 vinam
1324 1890 1433 1911 rerum
1445 1880 1602 1911 omnium
1615 1889 1687 1923 quae
1699 1877 1769 1912 illic
1780 1884 1962 1916 narrantur,
1975 1879 2177 1927 effigiem&

348 1939 471 1975 Psalmi
482 1935 626 1973 clausula
636 1948 708 1981 quae
719 1935 762 1968 est
771 1934 810 1967 de
822 1936 1000 1968 vocatione
1013 1932 1187 1969 Gentium,
1199 1925 1333 1962 nonnisi
1343 1928 1399 1960 vni
1410 1925 1545 1960 chi-isto
1557 1927 1660 1972 aptati
1671 1926 2042 1973 potest‚Conuertentur
2054 1930 2093 1962 ad
2103 1931 2181 1964 Do-

350 1991 486 2023 minum
496 1983 638 2020 vniuersi
652 1982 733 2017 fines
744 1994 834 2016 tetrae
845 1995 853 2015 z
864 1979 1051 2015 adorabunt
1062 1990 1175 2012 coram
1193 1989 1232 2009 eo
1247 1977 1374 2009 cunetae
1388 1973 1520 2008 familia:
1531 1976 1704 2008 Gentium.
1719 1975 1863 2008 Domini
1878 1976 1920 2009 est
1931 1988 2071 2023 regnum
2081 2000 2091 2014 ,
2106 1982 2139 2012 &
2149 1980 2179 2012 i-

351 2035 404 2085 pse
418 2034 648 2070 dominabitur
659 2031 834 2065 Gentibus.
858 2030 993 2063 Horum
1006 2028 1162 2061 omnium
1173 2026 1291 2059 veritas
1301 2026 1335 2056 in
1347 2022 1417 2057 solo
1428 2022 1562 2056 Christo
1574 2033 1659 2056 extat
1669 2046 1679 2060 ‚
1701 2025 1838 2068 quinon
1851 2025 1976 2070 exiguis
2003 2026 2113 2073 spatiis
2132 2027 2181 2067 (vt

352 2085 477 2126 Dauid)
488 2082 664 2130 ampliauit
675 2092 814 2127 regnum
827 2081 901 2116 Dei,
916 2076 967 2112 scd
977 2077 1122 2110 extendit
1132 2085 1188 2121 per
1199 2083 1310 2106 totum
1323 2071 1498 2105 mundum:
1511 2083 1616 2116 quum
1627 2071 1701 2105 ante
1712 2073 1807 2105 certis
1820 2069 1942 2106 finibus
1954 2072 2042 2119 quasi
2055 2073 2179 2110 conclu

353 2132 425 2169 sum
436 2132 533 2167 foret.
546 2133 658 2177 Qre
671 2142 741 2163 non
753 2127 892 2162 dubium
905 2128 987 2174 quin
999 2124 1067 2159 haec
1076 2135 1212 2170 quoque
1224 2120 1260 2154 sit
1272 2132 1336 2154 vox
1348 2118 1447 2167 ipsius
1458 2131 1530 2165 quae
1539 2118 1694 2153 hocloco
1706 2121 1844 2154 adducta
1856 2120 1910 2154 est.
1921 2120 2056 2168 Proprie
2067 2134 2179 2157 autem

355 2187 391 2218 ὃς
410 2178 636 2229 significanter
644 2179 724 2212 dicit
736 2189 813 2211 eum
823 2189 892 2210 non
915 2171 1110 2208 erubescere.
1119 2172 1283 2218 quantum
1297 2170 1388 2202 enim
1421 2171 1579 2202 internos
1591 2170 1623 2200 ἃ
1637 2165 1741 2216 ipsum
1760 2166 1912 2202 interest?
1932 2171 2080 2204 Multum
2101 2166 2182 2218 ergo

356 2230 386 2266 se
397 2232 554 2266 demittit,
566 2240 672 2274 quum
685 2238 746 2260 nos
758 2227 914 2272 dignatur
923 2222 1060 2256 fratrum
1072 2223 1223 2255 nomine:
1235 2216 1314 2252 alias
1326 2217 1456 2264 indigni
1485 2217 1596 2250 lunius
1609 2228 1692 2261 quos
1705 2214 1788 2249 infra
1800 2214 1908 2251 seruos
1920 2216 2046 2252 habeat.
2069 2221 2183 2266 Atque

355 2281 442 2317 hanc
454 2289 579 2312 tantam
592 2279 661 2310 eius
671 2287 745 2322 erga
757 2286 818 2309 nos
829 2274 1061 2320 dignationem
1073 2267 1255 2316 amplificat
1265 2267 1508 2300 circumstantia:
1519 2265 1670 2310 loquitur
1680 2267 1769 2298 enim
1782 2265 1931 2300 Christus
1944 2279 2014 2300 non
2033 2267 2180 2315 amplius

358 2328 509 2363 mortalis
520 2326 626 2360 homo
639 2327 673 2358 in
688 2323 794 2370 specie
805 2320 900 2358 serui,
922 2319 976 2354 scd
989 2320 1124 2354 indutus
1131 2314 1313 2350 immortali
1324 2313 1430 2360 gloria
1442 2313 1513 2361 post
1525 2315 1933 2361 rerurreffionem.1taque
1946 2316 2081 2362 perinde
2092 2315 2180 2351 valet

360 2377 415 2412 hic
426 2374 555 2413 titulus,
567 2371 702 2408 aesinos
716 2371 822 2406 secum
835 2373 870 2404 in
885 2368 1002 2404 caelum
1014 2366 1176 2402 eueheret.
1187 2367 1225 2399 Et
1235 2376 1296 2398 nos
1308 2364 1439 2409 quoties
1452 2361 1603 2395 audimus
1615 2359 1725 2395 fratres
1737 2374 1799 2396 nos
1810 2363 1828 2395 a
1837 2362 1972 2396 Christo
1983 2367 2184 2401 vocari,me·

360 2427 558 2459 mine-timus
575 2434 652 2456 eum
663 2422 722 2455 hac
741 2426 787 2464 (vt
799 2422 844 2453 ita
853 2419 984 2458 dicam)
1017 2414 1175 2463 qualitate
1186 2413 1299 2447 vestite
1311 2434 1321 2448 ,
1340 2422 1373 2444 vt
1383 2410 1564 2445 simulcum
1577 2408 1720 2444 fraterno
1731 2412 1870 2443 nomine
1890 2410 2017 2445 beatam
2029 2415 2129 2446 vitam
2147 2417 2184 2448 δε

363 2473 525 2520 quicquid
535 2472 579 2505 est
592 2469 767 2505 caelestium
780 2470 964 2506 bonorum,
975 2463 1269 2513 apprehendamus.
1282 2462 1434 2494 Praeterca
1445 2459 1630 2493 notandum
1641 2459 1685 2492 est
1695 2470 1774 2506 quas
1786 2457 1843 2492 fibi
1853 2470 1958 2505 partes
1969 2458 2073 2494 sumat
2083 2461 2186 2495 Chri-

363 2524 438 2556 stus:
457 2524 522 2555 hoc
534 2521 577 2554 est
588 2518 784 2568 praedicandi
795 2517 945 2551 nominis
955 2516 1029 2547 Dei.
1040 2513 1133 2559 quod
1144 2510 1371 2557 fiericoeptum
1383 2509 1426 2541 est
1437 2505 1900 2555 proiiiulgato'Euangelio‚&
1911 2506 1947 2542 fit
1957 2509 2107 2554 quotidie
2120 2511 2184 2544 mi·

363 2570 499 2606 nil-letio
510 2569 692 2602 Pastorum.
703 2567 797 2600 Vnde
809 2563 1014 2611 colligimus,
1025 2564 1059 2595 in
1070 2562 1160 2594 hunc
1173 2557 1273 2593 finem
1285 2555 1395 2591 offerri
1413 2556 1511 2590 nobis
1521 2555 1741 2601 Euangelium
1756 2577 1766 2591 ,
1777 2565 1811 2588 vt
1822 2556 1857 2589 in
1866 2556 1930 2589 Dei
1942 2558 2096 2590 notitiam
2120 2571 2184 2592 nos

142 2610 169 2632 ²⁶
178 2601 337 2643 ⁶⁰⁷⁰5’d'm‘
365 2620 514 2655 adducat,
528 2630 598 2663 quo
618 2615 751 2650 bonitas
763 2616 832 2648 eius
843 2615 929 2646 inter
940 2623 1002 2645 nos
1013 2608 1204 2644 celebretur.
1214 2607 1330 2640 deinde
1341 2605 1509 2639 Christum
1523 2602 1582 2638 effe
1593 2602 1767 2650 hiiangelii
1779 2614 1941 2643 autorem,
1951 2615 2121 2651 vtcunquc
2130 2605 2185 2640 of-

367 2667 490 2702 feratur
502 2678 558 2713 pet
570 2665 737 2699 homines.
750 2665 860 2708 Atque
871 2661 939 2694 hoc-
949 2660 991 2693 est
1005 2658 1096 2704 quod
1107 2658 1184 2690 dicit
1195 2654 1327 2691 Paulus,
1342 2653 1370 2687 se
1392 2658 1423 2688 ὃς
1437 2653 1519 2687 alios
1530 2664 1590 2700 pro
1603 2653 1738 2686 Christo
1749 2651 1914 2697 legatione
1926 2651 2042 2699 fungi,
2063 2661 2097 2688 ὸς
2109 2665 2186 2689 tan-

367 2718 468 2762 quam
482 2714 606 2747 Christi
616 2715 755 2746 nomine
766 2710 940 2744 exhortari.
957 2707 1062 2754 Qod
1072 2719 1142 2740 non
1155 2716 1270 2752 parum
1282 2702 1396 2736 addere
1405 2701 1498 2735 debet
1508 2702 1695 2735 reuerentiae
1706 2699 1909 2746 Euangelio:
1941 2699 2184 2747 siquidem-non

368 2776 435 2798 tam
448 2763 603 2797 homines
615 2761 702 2808 ipsos
712 2760 806 2805 loqui
817 2757 1036 2806 reputandum
1048 2753 1104 2792 est,
1115 2755 1216 2800 quam
1227 2752 1397 2785 Christum
1407 2748 1553 2799 ipsorum
1565 2761 1632 2782 ore.
1642 2749 1732 2783 Nam
1746 2761 1815 2794 quo
1829 2759 1979 2796 tempore
1990 2751 2186 2795 praedicatu-

368 2825 442 2848 rum
454 2810 484 2845 se
495 2811 690 2844 bominibus
701 2810 764 2843 Dei
775 2819 900 2841 nomen
911 2805 1091 2852 promittit,
1102 2800 1193 2835 desiit
1206 2799 1321 2833 versari
1334 2802 1369 2834 in
1381 2799 1630 2843 mundozneque
1641 2809 1753 2831 tamen
1765 2796 1877 2831 frustra
1886 2797 1954 2831 hoc·
1963 2796 2020 2831 sibi
2031 2797 2185 2836 officium

368 2863 531 2896 vendicat.
544 2869 622 2905 ergo
634 2857 707 2891 vere
723 2857 787 2890 hoc
799 2867 855 2902 per
866 2852 1045 2901 discipulos
1059 2849 1132 2885 suos
1144 2850 1299 2897 ptaestitit.
1348 2851 1387 2881 In
1396 2845 1496 2880 medio
1509 2847 1647 2892 Ecclesiae.
1698 2846 1788 2878 Hinc
1801 2843 1918 2879 melius
1930 2847 2112 2881 etiamnum
2126 2861 2186 2895 pa-

369 2920 428 2947 tet,
441 2907 566 2955 semper
576 2919 612 2940 in
623 2903 795 2952 Euangelii
805 2904 956 2938 doetrina
965 2902 1133 2935 contineri
1148 2898 1282 2932 laudum
1294 2897 1358 2930 Dei
1369 2897 1584 2942 praeconium:
1596 2897 1674 2940 quia
1685 2892 1880 2939 simulatque
1897 2893 2074 2929 innotescit
2087 2896 2187 2934 nobis

369 2960 474 2995 Deus,
486 2954 663 3005 personant
673 2957 707 2987 in
718 2951 872 2986 cordibus
886 2955 919 2985 &c
933 2948 1066 2983 auribus
1078 2948 1196 2981 nostris
1208 2944 1346 2979 infinita:
1358 2947 1428 2980 eius
1440 2941 1560 2976 laudes.
1572 2947 1621 2976 Ac
1633 2945 1755 2976 interea
1764 2939 1821 2975 suo
1834 2942 1985 2988 exemplo
2000 2956 2061 2978 nos
2072 2943 2186 2980 hotta-

370 3018 424 3040 tur
434 3005 584 3040 Christus
593 3003 631 3036 ad
643 3015 693 3036 eas
706 3000 838 3048 publice
850 2999 1024 3034 canendas,
1035 2999 1080 3031 ita
1092 3006 1127 3028 vt
1137 2996 1155 3029 ὲ
1165 2992 1420 3041 quamplurimis
1433 2991 1654 3025 exaudiantur.
1663 2990 1782 3037 Neque
1794 2992 1883 3024 enim
1896 2989 1968 3024 satis
1979 2989 2086 3030 fuerit,
2096 2986 2184 3029 knfi-

370 3066 527 3102 quenqtte
537 3053 625 3100 apud
641 3050 670 3084 se
680 3052 755 3084 Deo
766 3047 824 3082 eise
836 3059 966 3095 gratum
978 3057 1038 3093 pro
1052 3046 1193 3091 acceptis
1203 3039 1372 3077 beneficiis
1382 3066 1391 3080 ,
1415 3038 1475 3074 nisi
1486 3038 1695 3085 gratitudinis
1705 3038 1819 3072 nostrae
1829 3039 2058 3074 testimonium
2077 3040 2188 3088 palam

370 3104 514 3143 edente-s,
529 3099 647 3135 mutuo
659 3098 714 3134 alii
726 3098 810 3132 alios
821 3098 1004 3130 inuitemus
1018 3094 1056 3127 ad
1069 3093 1155 3126 idem
1165 3091 1341 3138 agendum.
1353 3093 1464 3136 Atque
1473 3087 1538 3121 haec
1550 3088 1700 3122 doen-ina
1709 3088 1857 3120 acerrimi
1870 3086 1994 3121 stimuli
2004 3090 2077 3123 vice
2087 3089 2186 3125 nobis

367 3153 425 3192 est,
434 3164 503 3197 quo
514 3150 713 3184 feruentiore
725 3147 830 3180 studio
838 3143 937 3178 feram
944 3155 980 3177 ur
988 3143 1026 3175 ad
1039 3141 1239 3175 laudandum
1249 3141 1374 3177 Deum,
1384 3148 1490 3184 quum
1504 3137 1656 3170 audimus
1667 3134 1837 3169 Christum
1850 3134 1948 3169 nobis
1959 3139 2186 3183 praecinere‚&

368 3203 516 3248 primum
527 3196 586 3232 effe
597 3198 802 3242 hymnorum
813 3191 1071 3228 modulatorem.

415 3259 444 3293 13
493 3248 552 3280 Ero
554 3245 696 3292 fi'densin
705 3245 788 3292 zpfi1.)
839 3239 986 3288 Qndo
997 3239 1065 3272 haec
1076 3235 1236 3272 sententia
1248 3234 1386 3270 habetur
1396 3232 1524 3268 Psalmo
1535 3233 1578 3266 18.
1586 3230 1811 3281 :ry-credibile
1823 3232 1866 3266 est
1879 3233 1954 3266 inde
1968 3232 2033 3268 huc
2045 3232 2136 3268 fuiffe
2144 3233 2184 3269 ad

364 3299 510 3332 ductam.
526 3298 744 3340 Praeterquam
757 3293 848 3326 enim
858 3287 950 3335 quod
962 3286 1081 3322 Paulus
1091 3287 1131 3319 ad
1143 3288 1318 3332 Kom.cap.
1328 3282 1401 3328 15.b.
1415 3293 1449 3326 9,
1462 3281 1567 3316 alium
1577 3282 1704 3314 verium
1716 3280 1754 3314 de
1764 3282 1926 3314 Gentium
1941 3283 2118 3316 vocatione
2132 3294 2186 3316 re-

360 3359 432 3397 gno
443 3343 567 3379 Christi
576 3341 821 3378 accommodat,
834 3335 901 3387 ipsa
907 3336 1096 3385 argumenti
1105 3331 1198 3369 series
1207 3333 1280 3369 satis
1291 3331 1493 3368 demonstrat
1502 3329 1636 3366 Dauide
1645 3326 1703 3365 sub
1715 3328 1822 3363 aliena
1832 3328 1969 3378 persona
1997 3329 2067 3364 illic
2078 3329 2185 3375 loqui.

2073 3379 2187 3426 Siqui-

2258 2240 2259 2243 „
2254 2137 2268 2225 era-n:
2250 2009 2268 2131 5²2*aest
2254 1995 2255 2000 Α
2252 1979 2255 1985 ·
2248 1935 2252 1940 '
