2268 3705
553 108 668 157 AD
724 111 1033 158 TITVM-
1091 115 1266 160 CAP-
1318 114 1350 162 1-
1854 136 1911 176 ,39

69 177 220 232 uffignm
229 183 370 230 dignum
383 178 504 214 scilicet
515 191 550 213 ea
560 190 658 226 gente
674 192 746 226 quae
756 182 820 214 Dei
831 179 940 214 seruos
951 182 1061 232 audire
1073 185 1196 222 renuit.
1207 184 1267 216 Sed
1279 195 1383 229 quum
1396 185 1503 221 Poeta:
1514 187 1642 223 interdu
1650 194 1812 229 m„Gr;tcis
1823 207 1903 242 pso„

71 234 178 282 phetae
187 233 336 266 dicantur
349 255 360 269 ,
379 228 664 274 quemadmodum
677 230 762 275 apud
774 229 911 263 Latinos
921 252 931 266 ‚
943 231 1038 264 Vates
1050 243 1058 263 :
1070 229 1262 278 simplicitet
1275 243 1336 278 pro
1360 234 1497 268 donorc
1507 235 1563 272 hic
1574 241 1713 286 accipio.
1739 244 1829 277 Hinc
1840 258 1899 278 au..

11 278 19 294 '¹
70 292 140 316 tem
165 278 342 327 appellatio
361 282 407 320 (vt
420 277 562 314 videtur)
583 288 654 310 orta
665 280 719 315 est,
730 277 821 323 quod
831 275 956 324 semper
967 278 1072 312 habiti
1083 277 1157 314 sunt
1166 292 1269 327 genus
1281 281 1346 313 ὸέἶον
1365 296 1389 326 >9
1415 283 1622 318 ε’νᾱιυσιαςικεν,
1663 278 1754 322 Vnde
1770 296 1801 324 &a
1816 294 1898 326 Adi-

68 339 204 364 mantus
215 327 303 374 apud
313 324 486 358 Platonem
505 336 532 356 2.
544 324 598 357 Dc
608 326 692 372 ch.
711 326 886 372 postquam
897 329 1029 360 vocauit
1048 328 1164 362 Poctas
1174 330 1324 363 Deorum
1339 328 1426 364 filios
1437 356 1447 372 ,
1465 334 1553 366 addit
1566 347 1680 368 eorum
1701 350 1837 385 quoque
1848 339 1896 374 fa-

11 386 15 398 *
29 415 32 419 .
66 379 144 411 -Ctos
154 374 243 410 fuisse
255 373 441 421 prophetas.
468 373 581 418 Qrc
593 373 678 407 mihi
690 374 816 407 videtur
833 372 954 407 Paulus
964 375 1003 407 ad
1015 387 1232 410 communem
1245 375 1337 412 vsum
1350 377 1534 414 sermonem
1547 387 1810 420 accommodare.
1822 389 1895 423 Nec

68 423 163 459 refert
175 435 240 470 qua
249 420 420 456 occasione
433 421 646 466 Epimenides
667 419 740 456 suos
752 433 985 456 conterraneos
997 435 1093 458 vocet
1105 426 1294 458 mendaces:
1317 440 1437 475 nempe
1448 431 1525 475 quia
1537 432 1626 464 louis
1638 430 1848 478 sepulchrum
1866 436 1896 471 se

67 472 185 509 habete
205 472 327 505 radten:
340 467 411 503 :sed
421 471 581 516 quoniam
601 470 701 503 Poeta
712 483 748 504 ex
760 472 834 504 trita
847 473 880 504 &
892 472 993 504 veteri
1004 469 1087 504 fama
1097 473 1179 506 istud
1191 469 1305 511 sumit,
1320 477 1500 523 Apostolus
1514 489 1671 524 tanquam
1687 483 1895 526 prouerbiale

66 520 203 567 aliquod
216 519 345 554 dictum
355 520 445 552 citat.
457 519 489 551 Si
500 513 628 551 versum
643 519 799 553 Latinum
812 520 927 552 Graeco
938 516 1164 565 responderem
1175 521 1294 555 habere
1304 523 1468 570 placet,sic
1481 529 1526 561 n6
1538 529 1716 562 incomode
1726 531 1889 570 reddetur,

388 566 543 602 Mendax,
553 577 667 599 venter
677 565 903 614 iners‚semper
913 566 999 600 mala
1010 565 1110 602 bestia
1119 569 1198 603 Cres
1210 568 1263 604 est.

147 616 311 651 Caetctum
322 614 514 662 colligimus
525 626 561 647 ex
573 613 737 652 hocloco,
749 613 985 662 superstitiosos
1004 613 1063 649 eise
1075 618 1179 663 quiex
1189 617 1336 664 profanis
1351 619 1564 668 scriptoribus
1576 623 1661 658 nihil
1677 631 1821 662 mutuari
1831 642 1895 663 au-

66 668 154 701 dent.
175 665 266 699 Nam
281 677 385 710 quum
399 664 510 697 omnis
531 663 649 695 veritas
662 664 679 696 a
694 664 768 696 Deo
778 663 835 700 sit,
855 662 960 710 siquid
971 662 1046 697 scite
1058 668 1090 697 &
1105 664 1178 699 vere
1195 665 1234 700 ab
1255 669 1369 713 impiis
1379 666 1505 704 dustrim
1517 672 1578 709 est,
1600 686 1669 707 non
1679 673 1775 710 debet
1795 689 1895 725 repub

66 716 159 754 diari,
170 717 248 760 quia
258 714 358 747 aDeo
369 712 412 745 est
424 709 623 758 profectum.
643 711 773 744 Deinde
784 724 890 757 quum
903 714 1018 746 omnia
1028 713 1092 746 Dei
1102 711 1164 747 fint
1174 740 1184 753 ,
1199 726 1256 748 cur
1267 713 1311 748 fas
1325 729 1395 750 non
1407 716 1480 750 esset
1500 721 1533 752 in
1545 724 1613 754 eius
1625 721 1766 768 gloriam
1785 725 1895 773 appli-

65 775 138 804 care
149 762 309 808 quicquid
328 764 364 796 iu
376 771 452 794 eum
461 757 554 792 vsurn'
565 758 640 806 apte
651 758 794 793 conferri
805 760 911 806 potest
923 766 932 794 Ξ
954 761 1022 794 Sed
1033 773 1069 795 ea
1081 761 1120 795 de
1132 761 1301 811 relegatur
1311 764 1416 803 Basilii
1429 767 1548 801 Oratio
1559 769 1623 808 Q&
1634 770 1692 805 ⁷05¹
1702 769 1765 806 νέοις
1776 772 1851 808 ἴρεως
1861 773 1894 808 οἲν

61 811 97 852 ἐξ
113 810 262 845 ἑλλμδεε.

113 871 142 904 13
180 856 465 902 Testimonium-hoc
474 853 511 897 est
519 856 666 894 verum.)
715 858 893 904 Vtcunque
903 869 1005 891 vanus
1015 856 1052 892 fit
1062 858 1160 892 testis:
1172 861 1262 905 quod
1272 871 1383 896 tamen
1395 863 1469 897 vere
1480 863 1519 898 ab
1531 877 1570 898 co
1580 866 1706 901 dietum
1719 868 1762 902 est
1772 891 1783 906 ‚
1809 870 1893 905 Pau-

63 907 115 943 lus
125 906 348 954 amplectitur.
358 904 460 940 Porri>
472 903 612 938 dubium
623 917 695 938 non
705 905 748 939 est
759 907 841 951 quin
851 906 1017 939 deterrimi
1030 904 1152 940 fuerint
1164 908 1346 950 Cretenses,
1358 923 1399 956 qu
1406 924 1442 945 os
1454 923 1520 946 tam
1532 911 1639 960 aspere
1653 918 1779 952 tractat.
1791 918 1894 953 Nun-

61 968 164 1003 quam
174 958 266 989 cnim
279 967 346 989 tam
359 956 458 988 durus
469 950 575 986 fuiss'et
588 952 738 987 aduersus
753 966 821 991 eos,
834 952 893 987 nisi
905 965 1105 1001 prouocatus
1120 958 1272 991 maximis
1284 957 1456 1005 caufis,qui
1471 960 1649 996 clementer
1661 962 1787 1010 alioqui
1799 977 1893 1014 popu

26 1020 33 1033 -1
62 1004 114 1040 los
126 1015 268 1038 extrema
278 1003 447 1037 seueritate
469 1002 589 1048 dignos
600 1012 706 1034 taxare
717 1000 808 1035 solet.
826 1003 919 1048 Qd
930 1002 1205 1038 contumeliosius
1216 1005 1267 1040 his
1284 1006 1413 1053 probris
1425 1007 1506 1056 fingi
1518 1011 1622 1057 potest
1633 1035 1643 1048 ,
1661 1014 1804 1058 Ignauos
1816 1014 1888 1055 else3

10 1082 30 1098 ,υ
59 1055 168 1088 ventri
177 1049 444 1088 deditos‚nullius
454 1047 550 1088 fidei,
562 1048 662 1084 malas
671 1049 803 1084 bestias?
831 1051 952 1096 Neque
962 1053 1019 1084 vni
1029 1061 1085 1085 aut
1097 1051 1188 1085 alteri
1200 1055 1267 1088 haec
1277 1057 1355 1089 vitia
1365 1057 1604 1102 exprobrantur
1612 1083 1621 1096 ‚
1657 1059 1707 1093 sed
1718 1061 1892 1097 damnatur

11 1097 21 1105 ²
61 1111 131 1136 tota
141 1113 232 1147 gens.
251 1098 459 1134 Admirabile
470 1097 544 1132 sane
554 1099 617 1131 Dei
628 1097 818 1135 consilium,
829 1099 919 1145 qubd
929 1110 1061 1146 gentem
1075 1100 1156 1133 adeo
1167 1113 1302 1149 prauam
1314 1129 1325 1143 ‚
1338 1110 1371 1138 δε
1384 1104 1428 1139 ob
1441 1109 1519 1140 vitia
1529 1106 1581 1141 sua
1592 1107 1750 1142 infamem
1763 1131 1773 1146 ‚
1798 1111 1832 1143 in
1848 1113 1891 1144 E—

59 1148 206 1196 uangelii
218 1146 263 1183 sui
275 1149 568 1196 participationem
580 1149 665 1179 inter
676 1149 798 1193 primas
810 1150 952 1181 vocauit:
965 1146 1015 1181 sed
1025 1149 1116 1195 :eque
1135 1148 1274 1184 mirifica
1286 1150 1427 1190 bonitas,
1440 1157 1531 1200 quod
1542 1156 1699 1203 indignos
1710 1162 1889 1193 communi

57 1199 137 1238 vita,
147 1197 260 1231 coelesti
273 1200 375 1230 oraria
387 1198 540 1243 dignatus
552 1194 720 1229 est.1nilla
732 1207 810 1242 ergo
821 1206 887 1228 tam
900 1208 1052 1242 corrupta
1064 1199 1211 1243 regione,
1227 1199 1313 1245 quali
1328 1204 1361 1234 in
1374 1203 1489 1237 mediis
1501 1203 1626 1242 inferis,
1638 1201 1810 1240 stationem
1827 1206 1889 1241 ali-

84 1258 160 1283 uam
170 1245 286 1281 habuit
299 1245 423 1279 Christi
433 1241 580 1278 Ecclefia:
591 1255 650 1276 nec
662 1246 836 1291 propagari
847 1243 938 1277 desiit
957 1268 967 1281 ,
978 1246 1101 1278 tametsi
1115 1246 1276 1280 malorum
1290 1261 1362 1294 quae
1374 1249 1443 1283 illic
1453 1252 1633 1298 regnabant
1647 1277 1657 1292 ,
1681 1257 1886 1301 contagione

57 1292 181 1330 infecta
196 1306 274 1329 erat.
293 1295 416 1340 Neque
426 1295 517 1326 enim
529 1291 655 1325 alienos
665 1291 768 1326 solum
782 1292 837 1326 hic
849 1303 933 1327 taxat
943 1291 1074 1329 Paulus,
1087 1291 1140 1326 sed
1152 1307 1208 1328 eos
1221 1299 1423 1331 nominatim
1435 1303 1492 1345 qui
1506 1300 1639 1335 Christo
1652 1315 1778 1336 nomen
1790 1305 1887 1338 dede—

55 1353 140 1377 tant.
151 1343 242 1388 Qia
252 1354 361 1377 autem
374 1340 504 1374 videbat
514 1340 584 1374 haec
593 1351 660 1374 tam
673 1339 759 1374 foeda
769 1343 847 1374 vitia
858 1342 983 1388 pridem
995 1339 1090 1387 egisse
1099 1343 1233 1380 radices,
1249 1349 1283 1378 δι
1294 1342 1408 1392 paffim
1421 1347 1551 1393 grassari
1571 1363 1578 1383 ι
1592 1361 1624 1383 vt
1636 1349 1792 1387 sanabiles
1804 1351 1844 1386 ab
1855 1355 1886 1390 i-

54 1389 119 1439 pfis
128 1401 230 1433 curet,
243 1394 346 1425 totius
357 1393 465 1437 gentis
478 1387 571 1422 famae
582 1400 652 1422 non
664 1392 778 1436 parcit.

10 1494 15 1504 ,
50 1461 290 1519 Qamobrem
300 1478 400 1520 argue
407 1477 463 1501 eos
463 1458 593 1514 seuere,
601 1471 647 1499 vt
644 1457 728 1514 fini
725 1461 801 1516 sint
807 1466 846 1502 in
845 1462 937 1515 fide,

0 1527 16 1574 ζ,
107 1533 153 1570 14
201 1528 335 1574 Qque
344 1518 529 1559 attendant
537 1516 683 1556 Iudaicis
682 1516 828 1569 fhbulis,
841 1519 1049 1575 &praecptis
1061 1518 1240 1560 hominum
1251 1522 1478 1575 auerfimtium
1488 1527 1682 1566 veritatem.

0 1570 29 1621 fl..
108 1591 142 1629 15
200 1580 326 1616 Omnia
333 1574 469 1630 quidem
474 1585 560 1628 pura
566 1577 661 1627 puris
675 1588 683 1612 :
694 1575 889 1628 inquinatis
898 1586 1012 1616 autem
1023 1578 1062 1623 ὠ*
1071 1575 1270 1628 infidelibus
1285 1577 1380 1617 nihil
1380 1592 1516 1635 purum:
1528 1581 1601 1635 sed
1604 1587 1792 1638 inquinata
1794 1582 1883 1640 sunt·

49 1647 165 1675 eorum
174 1648 273 1673 mens
284 1632 324 1679 ὢ
341 1628 548 1682 conscientia.

103 1706 116 1731 1
125 1699 147 1731 6
204 1683 562 1742 Deumprofitentursb
572 1684 672 1740 noffi,
682 1683 834 1741 operibus
842 1685 924 1726 verb
934 1700 1073 1745 negant,
1088 1704 1194 1745 quum
1203 1689 1268 1749 (im
1276 1689 1537 1740 abominabiles,
1553 1692 1825 1751 inobsequentes,
1838 1699 1879 1747 ά

44 1746 98 1787 ad
103 1759 204 1787 omne
213 1757 294 1801 opus
305 1741 434 1793 bonum
442 1739 582 1798 reprobi.

90 1823 301 1874 Qamobrem
309 1825 435 1870 argue.)
488 1823 568 1856 Haec
581 1835 653 1870 pars
664 1824 707 1858 est
727 1836 797 1858 non
809 1824 972 1872 postrema
982 1827 1051 1859 eius
1061 1824 1357 1874 circunspestionis
1386 1832 1421 1863 δεῖ
1433 1831 1616 1877 prudentiae
1628 1845 1692 1879 qua
1702 1837 1879 1884 praeditum

3 1911 7 1918 ,
41 1873 104 1910 effe
112 1876 205 1908 decet
212 1871 424 1921 Episcopum:
436 1883 470 1905 vt
482 1870 603 1906 scilicet
612 1872 754 1906 docendi
764 1875 928 1907 rationem
959 1874 999 1907 ad
1008 1874 1188 1909 hominum
1200 1877 1335 1921 ingenia
1346 1877 1518 1925 moresque
1528 1880 1687 1916 inficetat.
1711 1884 1830 1931 Neque
1842 1900 1877 1920 ες-

39 1925 113 1959 nim
124 1922 166 1957 sic
175 1934 251 1956 cum
264 1922 427 1969 proteruis
439 1920 658 1954 &indomitis
670 1921 849 1967 agendum,
861 1932 895 1954 vt
905 1933 981 1955 cum
994 1921 1170 1957 mansuetis
1183 1935 1219 1957 ac
1229 1923 1404 1959 docilibus.
1439 1929 1477 1960 ln
1488 1927 1540 1961 his
1552 1931 1639 1964 enim
1651 1931 1809 1968 docendis
1819 1936 1878 1969 ad·-

38 1970 184 2007 hibenda
194 1971 238 2004 est
249 1970 364 2003 lenitas
375 1981 447 2014 quae
457 1980 572 2001 eorum
585 1967 750 2002 docilitati
761 1967 955 2015 respondeat
968 1983 975 2003 :
990 1970 1124 2005 illorum
1136 1974 1302 2019 proteruia
1313 1973 1420 2008 seuere
1430 1977 1626 2023 corrigenda
1638 1979 1681 2012 est
1690 2002 1700 2016 ‚
1714 1981 1871 2028 maloque

37 2021 132 2055 nodo
144 2022 201 2062 (vt
211 2021 318 2056 aiunt)
329 2017 488 2064 aptandus
499 2016 542 2050 est
554 2015 667 2051 similis
677 2029 812 2051 cuneus.
824 2016 929 2051 Causa
937 2021 1026 2052 enim
1038 2030 1173 2054 notatur
1184 2031 1242 2054 cur
1251 2023 1411 2056 acriorem
1424 2027 1457 2056 δέ
1471 2027 1574 2070 magis
1583 2026 1726 2071 rigidum
1738 2028 1875 2068 effeTi-

27 2079 114 2110 >tum
125 2067 204 2101 velit
216 2069 250 2100 in
263 2065 326 2099 illis
337 2067 605 2111 arguendis:quia
614 2065 675 2103 sint
688 2065 778 2099 mala:
789 2064 904 2099 bestiae.
955 2067 1256 2114 Vtfhnzfineinfide.
1307 2072 1472 2105 Incertum
1482 2073 1526 2106 est
1535 2076 1674 2109 tacite‘ne
1686 2076 1772 2111 hanc
1784 2073 1874 2113 sani—-

35 2126 140 2150 tatem
152 2126 303 2163 opponat
316 2113 441 2147 morbis
454 2125 599 2159 quorum
612 2116 776 2147 meminit:
787 2126 827 2147 an
838 2112 1030 2160 simpliciter
1039 2118 1205 2163 ptaecipiat
1217 2128 1250 2149 vt
1259 2119 1294 2151 in
1306 2116 1379 2151 sana
1392 2117 1453 2153 fide
1466 2122 1699 2158 maneant.hoc
1708 2123 1870 2171 posterius

35 2163 123 2200 mihi
139 2166 243 2210 magis
254 2162 369 2210 placet.
385 2163 503 2206 Quum
514 2173 592 2208 ergo
602 2164 667 2194 iam
678 2174 735 2208 per
745 2160 774 2195 se
786 2161 860 2208 plus
880 2175 976 2208 aequo
988 2162 1050 2197 sint
1061 2165 1182 2201 vitiosi,
1197 2168 1231 2198 &
1242 2164 1336 2199 facile
1351 2170 1454 2213 magis
1466 2180 1503 2202 ac
1519 2172 1623 2218 magis
1635 2171 1867 2219 depraueritur:

33 2212 107 2248 vult
118 2225 174 2247 eos
191 2211 331 2245 seuerius
344 2209 512 2256 magisque
531 2210 662 2256 praecise
673 2213 707 2243 in
731 2208 852 2244 sincera
863 2208 926 2244 fide
937 2214 1114 2246 contineri.
1135 2215 1247 2247 Postea
1261 2215 1401 2248 ostendit
1413 2219 1591 2262 quomodo
1601 2217 1675 2252 sana
1690 2223 1816 2256 constet
1826 2222 1867 2257 fia

34 2259 109 2296 des:
124 2272 250 2307 ,nempe
281 2258 337 2293 vbi
348 2258 450 2292 nullis
468 2257 586 2292 fabulis
596 2260 831 2305 corrumpitur.
851 2257 903 2294 sed
914 2261 1062 2294 cauendo
1074 2261 1223 2308 periculo
1241 2261 1308 2297 hoc
1318 2265 1502 2298 remedium
1515 2263 1691 2313 praescribit
1705 2294 1714 2306 ,
1740 2283 1781 2304 ne
1791 2275 1865 2305 ani-

35 2321 131 2343 mum
152 2309 333 2342 aduertant.
352 2306 423 2340 vult
435 2309 524 2340 enim
537 2308 627 2340 Deus
637 2309 681 2340 ita
705 2319 766 2341 nos
777 2306 878 2341 verbo
889 2306 945 2341 suo
957 2310 1104 2343 intentos
1116 2308 1194 2348 eise,
1213 2321 1247 2343 vt
1258 2311 1431 2357 praeclusus
1443 2311 1480 2346 sit
1493 2317 1592 2361 nugis
1602 2316 1718 2351 aditus.
1741 2320 1779 2352 Et
1793 2332 1866 2354 cer-

32 2357 68 2392 te
76 2355 131 2390 vbi
143 2355 240 2390 semel
259 2355 406 2389 obtinuit
417 2356 481 2388 Dei
491 2357 608 2388 veritas
618 2381 628 2395 ‚
651 2354 829 2401 insipidum
843 2357 902 2388 erit
913 2358 1073 2402 quicquid
1084 2360 1199 2392 contra
1211 2357 1378 2396 afferetur,
1393 2372 1427 2394 vr
1439 2373 1565 2396 mentes
1577 2365 1700 2398 nostra,-
1721 2369 1864 2403 mim-m&

32 2406 74 2440 ad
99 2403 128 2438 se
140 2414 322 2439 conuertat.
349 2403 491 2437 Proinde
506 2402 528 2437 fi
539 2405 693 2450 cupimus
714 2402 811 2437 fidem
824 2406 987 2450 integram
999 2408 1138 2440 retinere
1150 2430 1160 2444 ,
1182 2407 1289 2442 sensus
1302 2421 1419 2442 ornnes
1431 2408 1560 2444 nostros
1573 2410 1697 2447 solicite
1720 2415 1864 2450 cohibe-

32 2465 67 2487 re
77 2451 250 2488 discamus,
262 2465 302 2486 ne
311 2450 426 2485 alienis
437 2453 625 2487 commodis
637 2450 665 2485 se
676 2452 805 2486 dedant.
826 2453 917 2488 Nam
931 2451 1065 2488 simulac
1076 2454 1240 2504 quispiam
1250 2454 1369 2490 fabulis
1380 2459 1547 2493 attendere
1558 2461 1785 2507 coeperit‚fidei
1795 2477 1861 2515 pu*

29 2499 161 2537 ritatem
173 2503 312 2535 amittet.
558 2506 561 2508 '

35 2575 40 2579 .
77 2561 119 2595 14
155 2548 285 2584 Fabula
293 2547 456 2593 Iudaicis.)
508 2548 642 2583 fabulas
653 2547 795 2596 appellat
823 2548 944 2583 friuola
954 2553 1070 2585 omnia
1080 2563 1270 2589 commenta
1283 2567 1290 2587 :
1310 2552 1370 2588 acsi
1383 2557 1457 2602 quis
1470 2568 1575 2601 nugas
1589 2557 1706 2593 Latine
1726 2560 1859 2595 dicei-et.

28 2598 119 2635 Nam
131 2598 221 2644 quod
233 2599 397 2632 continuo
409 2597 481 2644 pbst
492 2597 580 2631 addit
592 2598 629 2631 de
640 2600 794 2646 Praeceptis
805 2595 956 2630 hominum
971 2622 980 2636 ‚
993 2600 1078 2632 idem
1091 2599 1261 2647 fignificat.
1281 2603 1319 2635 Et
1332 2606 1477 2636 veritatis
1488 2603 1596 2646 hostes
1608 2606 1771 2654 appellat,
1800 2612 1861 2656 qui

27 2659 111 2696 pura
122 2646 246 2683 Christi
256 2647 407 2683 doetrina
417 2658 487 2680 non
498 2649 665 2685 contenti,
675 2644 743 2679 suas
754 2648 875 2680 naenias
888 2645 1076 2682 admiscent.
1102 2649 1192 2682 Nam
1206 2661 1266 2696 pro
1277 2649 1425 2685 fabuloso
1436 2653 1624 2687 ducendum
1643 2656 1686 2688 est
1698 2656 1860 2704 quicquid

5 2708 7 2710 ·
28 2692 416 2740 exsecomminiscuntur
427 2693 594 2728 homines.
608 2695 723 2728 Iudaeis
734 2694 899 2742 praecipue
911 2695 1109 2731 hocvirium
1120 2695 1282 2735 adscribit,
1292 2701 1370 2745 quia
1381 2701 1515 2734 Diuinae
1527 2702 1624 2748 Legis
1643 2715 1798 2750 praetexm
1810 2705 1860 2740 su-

26 2741 226 2792 perstitiosos
238 2745 318 2776 titus
332 2741 536 2788 ingerebant.
557 2741 706 2776 Gentiles
718 2744 806 2788 enim
819 2755 924 2788 quum
942 2739 1166 2791 intelligerent
1176 2745 1204 2779 se
1215 2757 1285 2780 tota
1300 2750 1367 2781 vita
1378 2746 1490 2782 misere
1515 2748 1608 2784 fuisse
1617 2752 1788 2800 deceptos,
1810 2753 1859 2787 fa-

26 2791 121 2827 cilius
132 2793 248 2838 prioris
259 2793 333 2825 vitae
345 2789 498 2824 instituto
509 2789 753 2825 renuntiabant.
764 2792 861 2825 Iudaei
872 2803 983 2825 autem
993 2816 1002 2831 ‚
1014 2797 1177 2840 quoniam
1189 2797 1223 2828 in
1234 2807 1309 2828 vera
1336 2794 1499 2842 religione
1510 2797 1638 2833 fuerant
1648 2801 1776 2835 educati
1788 2827 1799 2841 ‚
1813 2805 1859 2835 ri-

26 2850 79 2875 tus
88 2839 209 2887 quibus
219 2838 421 2874 affueuerant
435 2862 444 2875 ‚
458 2841 667 2886 pertinaciter
677 2838 868 2873 tuebantur:
892 2840 989 2887 Legis
1001 2840 1171 2889 abrogatio
1182 2843 1361 2890 persuaderi
1373 2844 1439 2878 illis
1450 2858 1520 2880 non
1533 2857 1670 2894 poterat.
1693 2851 1769 2884 Hoc
1781 2863 1858 2886 mOf-
1912 2852 1916 2854 ’

24 2889 70 2927 do
88 2888 265 2923 turbabant
276 2900 393 2921 omnes
411 2886 584 2921 Ecclesias:
604 2890 682 2934 quia
693 2886 887 2938 simulatque
907 2901 1072 2935 emergere
1085 2890 1208 2925 alicubi
1230 2892 1452 2938 Euangelium
1463 2906 1606 2941 coeperat
1617 2923 1627 2936 ,
1642 2899 1710 2931 eius
1723 2897 1856 2933 finceri—

24 2936 127 2971 tatem
146 2937 285 2970 admisto
297 2935 357 2969 suo
387 2935 552 2970 fermento
563 2948 775 2983 corrumpere
786 2950 856 2970 non
871 2935 1069 2972 desinebant.
1099 2941 1212 2985 Qare
1224 2939 1342 2973 Paulus
1353 2954 1422 2974 non
1434 2944 1468 2976 in
1487 2955 1606 2989 genere
1617 2946 1718 2979 modo
1735 2946 1855 2993 prohi-

24 2983 82 3019 bet
100 2998 142 3019 ne
152 2985 170 3018 a
180 2983 253 3018 sana
273 2985 425 3019 doetrina
436 2985 651 3031 degenerent,
679 2984 733 3019 sed
743 2983 878 3032 praesens
891 2984 1017 3020 malum
1030 2990 1084 3021 cui
1095 2999 1265 3022 occurrere
1274 2987 1397 3027 necesse
1408 3002 1473 3024 erat
1486 3016 1496 3030 ,
1517 2992 1606 3038 quasi
1617 2993 1725 3040 digito
1745 2995 1857 3029 osten-:-

25 3033 75 3067 dit
88 3060 98 3073 ,
108 3044 144 3067 vt
155 3044 302 3068 caueant.

27 3081 33 3120 ¹.
74 3091 103 3126 15
153 3083 267 3114 Omnia
275 3079 503 3128 quidempura.)
555 3082 707 3128 Speciem
719 3092 819 3115 vnam
832 3093 870 3115 ex
883 3081 1037 3118 fabulofis
1047 3082 1261 3130 dogmatibus
1270 3087 1416 3133 attingit.
1431 3085 1595 3121 Cibotum
1609 3091 1699 3122 enim
1713 3080 1853 3133 delestii,

22 3129 134 3177 qualis
144 3129 162 3162 ὲ
175 3128 269 3162 Mose
278 3129 317 3162 ad
336 3140 470 3176 tempus
482 3128 686 3177 praescriptus
699 3141 775 3166 erat,
788 3129 1035 3176 purificationes
1046 3135 1078 3165 &
1091 3131 1227 3166 lauaem:
1239 3132 1326 3178 quasi
1339 3146 1386 3168 res
1397 3134 1500 3169 adhuc
1512 3135 1698 3170 neceffarias
1709 3139 1853 3184 vrgebz‘rt:

19 3178 96 3212 imo
108 3187 212 3209 totam
222 3175 288 3210 fere
301 3174 504 3211 sanctitatem
516 3176 728 3212 collocabant
739 3179 772 3211 in
785 3178 834 3211 his
844 3177 1155 3214 obseruariunculi's.
1166 3182 1279 3227 Qam
1291 3182 1367 3215 vero
1379 3182 1601 3229 perniciosum
1613 3184 1681 3219 hoc
1696 3185 1770 3220 effer
1788 3189 1855 3223 Ea-

23 3224 136 3262 clcfiae‚
149 3223 228 3258 alibi
240 3225 395 3259 diximus.
404 3225 550 3259 Primum
563 3224 700 3271 laqueus
710 3224 873 3260 seruitutis
884 3224 1096 3266 conscientiis
1107 3228 1326 3263 iniiciebatur:
1340 3231 1459 3264 deinde
1469 3234 1615 3278 imperiti
1628 3232 1688 3267 hac
1701 3233 1853 3281 superfla—-

22 3277 119 3309 tione
130 3271 261 3319 illigati,
273 3271 384 3306 velum
396 3272 559 3308 habebant
569 3272 676 3308 oculis
688 3274 884 3312 obduetuim
895 3289 938 3310 ne
947 3278 980 3310 in
994 3289 1074 3323 pura
1084 3276 1208 3311 Christi
1219 3280 1340 3311 notitia
1350 3277 1558 3324 proficerent.
1592 3282 1702 3327 Siquis
1713 3295 1749 3316 ex
1761 3285 1855 3320 G‘e'n-

23 3323 112 3357 tibus
125 3320 191 3355 hoc
203 3323 331 3367 iugum,
342 3323 420 3367 quia
430 3320 567 3355 assuetus
579 3335 649 3356 non
661 3320 746 3362 esset,
758 3321 864 3356 subire
879 3323 1053 3362 recusabat,
1063 3326 1161 3360 Iudaei
1173 3337 1332 3371 tanquam
1343 3338 1404 3372 pro
1414 3324 1546 3361 summo
1565 3325 1738 3376 religionis
1749 3335 1856 3379 capite

23 3373 138 3407 acriter
147 3367 363 3405 dimicabant.
373 3380 472 3417 quate
481 3382 552 3406 non
563 3371 735 3406 immerito
744 3370 863 3407 Paulus
872 3373 1058 3409 constanter
1068 3373 1189 3409 talibus
1204 3374 1377 3420 Euangelii
1392 3375 1645 3424 corruptoribus
1655 3377 1685 3414 se
1695 3383 1840 3427 opponit
1847 3404 1856 3416 ‚
