2268 3705
0 465 6 586 l

0 591 3 693 1

537 91 651 137 AD
700 61 1451 142 TIMOT'H·CA1>·111·
1854 109 1929 160 427

80 157 199 204 fuisset.
208 167 329 212 Neque
339 164 430 198 enim
442 159 498 196 hic
507 160 559 196 lex
569 164 604 195 in
615 162 783 209 posterum
793 159 947 200 sancitur,
958 176 1001 197 ne
1010 163 1193 213 Episcopus
1206 168 1264 213 qui
1277 178 1376 201 vnarn
1386 167 1485 202 habet
1509 181 1661 212 uorem,
1672 173 1847 216 secundam
1858 196 1916 219 aut

76 217 211 251 tertiam
225 215 368 248 inducat:
380 208 431 245 sed
440 210 480 244 ab
491 211 607 244 ordine
616 208 801 257 Episcopali
812 209 944 258 repellit
953 212 1073 247 Paulus
1084 218 1277 261 quicunque
1287 215 1351 249 tale
1361 214 1489 264 flagitit‘i
1499 218 1698 258 admiserint.
1734 227 1838 273 Qod
1849 232 1915 265 ita-

78 276 148 312 que
161 266 226 297 iam
239 261 362 296 factum
373 261 494 306 corrigi
506 271 576 292 non
590 269 730 304 poterat,
741 257 802 292 sert
810 259 958 296 coastus,
968 259 1020 294 sed
1030 274 1102 296 non
1113 261 1174 297 nifi
1185 265 1219 296 in
1229 263 1336 311 plebe.
1367 265 1461 312 Qd
1472 269 1562 301 enim
1573 273 1710 313 remedii
1725 281 1785 309 3:112
1797 275 1914 314 secun-

77 312 135 348 das
144 323 180 345 ac
191 312 299 344 tertias
308 320 422 342 vxores
434 307 662 354 repudiassent‚
677 308 735 353 qui
747 305 805 341 sub
813 306 980 342 Iudaismo
990 312 1025 343 in
1036 310 1263 358 polygamiam
1274 312 1304 347 se
1314 316 1525 348 coniecerant
1537 322 1547 347 ἒ
1557 321 1650 364 atqui
1660 320 1722 354 tale
1732 327 1909 370 repudium

76 372 150 396 non
160 355 307 394 caruisset
324 357 456 390 iniuria.
470 355 574 401 Qod
585 366 665 401 ergo
679 357 846 402 integrum
856 368 928 389 non
940 361 1184 395 &namnetum
1196 360 1344 407 reliquit:
1355 363 1484 396 tantum
1498 372 1760 415 excep1t‚nequis
1772 372 1910 419 Episco-

75 419 139 456 pus
149 407 206 441 tali
217 404 345 440 macula
354 401 494 451 aspersus
506 400 589 436 effer.
614 400 761 437 Subrium.
777 400 928 438 Erasmus
937 405 1077 440 reddidit
1095 407 1314 454 vigilantem.
1351 412 1498 458 Qando
1508 411 1632 452 mecm&
1656 418 1776 453 Graecis
1789 431 1903 457 vtrun-

75 467 142 503 que
152 452 322 501 fignificat,
341 452 465 499 eligant
477 462 586 486 vtrum
598 450 713 485 volent
722 450 873 486 ledrotcs.
890 455 1007 491 σώφρονα
1018 454 1122 489 malui
1134 458 1264 490 reddere
1273 459 1307 491 T
1309 464 1623 508 emperamem,quam
1639 464 1794 500 Sobrium
1807 482 1814 502 :
1828 474 1907 516 quja

71 515 216 543 σωφροσυνκ
228 501 326 535 latius
336 512 427 548 patet
436 500 538 548 quarn
551 498 706 534 sobrietas
715 501 900 548 Compofitus
909 502 963 538 est,
983 505 1042 548 qui
1051 504 1202 538 decenter
1213 509 1246 538 δε
1258 506 1394 543 honeste
1404 507 1434 541 se
1443 512 1537 556 gerit.
1579 514 1618 545 H
1618 512 1788 560 vspitalttas
1799 517 1842 551 cst
1852 531 1906 552 et-

95 565 114 586 a
125 562 307 586 extraneos:
318 551 413 584 cuius
424 547 630 595 frequentior
640 547 727 595 apud
737 558 860 582 veteres
870 547 944 583 vsus
955 549 1027 584 fuit.
1039 562 1134 599 turpe
1152 555 1242 587 enim
1253 553 1361 588 fuisset
1386 554 1532 592 honestis
1549 558 1746 596 hominibus
1757 586 1766 600 ‚
1780 567 1813 598 &
1825 578 1907 612 Ρη-

67 565 179 636 {nim
190 600 291 636 notis,
302 600 337 632 in
348 609 515 644 cauponas
525 596 697 630 diuertere.
707 597 817 629 Hodie
827 595 891 630 alia
900 601 996 632 ratio.
1008 600 1052 633 est
1066 611 1189 641 tamen,
1204 599 1397 649 semperque
1425 607 1485 639 erit
1497 609 1600 642 virtus
1612 608 1679 643 haec
1691 612 1726 644 in
1738 611 1905 662 Episcopo

72 646 194 683 multas
203 646 250 682 ob
261 644 368 682 causas
380 644 559 680 necessaria.
573 644 664 677 Adde
674 644 766 690 quod
775 645 943 696 incrudeli
955 649 1090 698 piorum
1100 651 1275 684 vexatione
1284 649 1407 685 neceffe
1417 652 1478 686 fuit
1489 654 1613 691 multos
1627 656 1764 693 subinde
1775 673 1904 697 mutare

69 697 200 732 locum:
209 695 352 742 ideoque
362 694 482 728 domos
493 690 693 740 episcopales
703 692 827 726 necesse
836 691 901 727 fuir
911 695 971 729 esse
980 695 1115 730 exulum
1127 696 1285 744 perfugia.
1313 699 1389 732 Iino
1399 700 1555 736 Ecclesias
1567 703 1633 750 ipsa
1642 717 1834 755 temporum
1843 724 1905 745 ne-

70 743 194 780 ceffitas
203 744 242 778 ad
255 754 412 777 mutuum
421 741 574 776 leuamen
587 743 710 787 coegit,
720 752 754 774 vt
764 739 835 774 aliae
842 739 914 775 aliis
926 743 1106 790 praeberent
1117 743 1270 793 hospitia.
1295 747 1399 781 Porro
1410 748 1470 782 nisi
1482 762 1516 784 in
1527 750 1593 786 hoc
1608 752 1712 789 officii
1723 769 1841 803 genere
1850 761 1905 795 via

68 793 143 829 aliis
155 789 382 827 monstrassent
392 787 557 839 Episcopi,
568 787 717 836 plerique
726 787 981 828 humanitatem,
995 791 1132 828 illorum
1142 794 1296 842 exemplo
1307 796 1536 842 neglexilstnt:
1559 811 1657 847 atque
1669 814 1713 837 ita
1723 809 1903 843 exanimati

67 841 200 878 fussrent
210 839 321 876 miseri
329 837 450 875 exules.
499 840 617 885 Aptum
625 836 671 870 ad
679 834 858 871 docendum.
885 839 1057 875 Doctrinae
1068 844 1102 876 in
1111 841 1256 890 Epistola
1266 844 1304 876 ad
1316 846 1434 879 Titum
1445 845 1619 894 expteffior
1640 848 1675 883 fit
1685 856 1813 888 mentio
1826 868 1834 888 :
1845 854 1903 891 hic

18 899 21 902 ⁴
65 889 198 926 tantum
208 888 353 923 breuiter
363 888 588 922 dexteritatem
600 887 708 933 ponit.
723 886 842 932 Neque
853 889 944 921 enirn
954 887 1026 923 satis
1038 891 1082 924 est
1094 889 1192 937 siquis
1203 892 1374 927 recondita
1385 894 1571 930 eruditione
1581 897 1705 944 polleat
1714 923 1725 937 ,
1737 905 1770 935 ni
1775 901 1797 935 fi
1807 915 1902 938 acce-

65 938 123 974 dat
134 939 234 972 etiam
245 936 386 971 docendi
397 936 509 984 gratia.
521 933 623 969 Multi
634 935 737 971 enim,
748 934 800 968 vel
814 937 893 981 quia
903 935 1026 984 linguae
1038 937 1113 973 sunt
1123 940 1291 987 impeditae
1302 964 1311 980 ,
1324 940 1375 975 vel
1387 945 1465 988 quia
1474 943 1628 979 nonsatis
1640 946 1834 995 perspicacis
1847 954 1902 986 in-

90 988 170 1023 enii,
181 985 234 1020 vel
246 988 404 1032 quianon
415 982 487 1018 satis
495 981 684 1030 populares,
694 984 785 1016 intus
797 980 999 1031 suppressum
1010 988 1154 1022 retinent
1165 988 1256 1034 quod
1266 1001 1401 1024 norunt.
1416 990 1516 1026 Tales
1527 991 1584 1027 fibi
1598 998 1644 1037 (vt
1657 998 1763 1040 aiunt)
1774 1002 1808 1032 ὃς
1825 1012 1902 1035 mu-

65 999 106 1071 ξε
121 1045 236 1070 canere
245 1034 350 1068 decet.
360 1034 432 1078 Q
443 1032 562 1079 populi
572 1031 706 1077 tegendi
715 1042 827 1065 curam
838 1031 962 1067 habent
972 1035 1011 1068 ad
1024 1035 1226 1077 docendum,
1238 1036 1377 1084 appositi
1388 1038 1450 1073 sint
1461 1052 1604 1087 oportet.
1616 1043 1735 1090 Neque
1747 1047 1824 1080 veto
1833 1047 1901 1083 lin-

66 1096 139 1132 guae
147 1081 277 1116 tantuin
290 1079 483 1114 volubilitas
502 1079 556 1114 hic
567 1081 755 1126 requiritur:
769 1091 846 1114 nam
860 1080 1034 1128 plerosque
1046 1085 1195 1119 videmus
1205 1084 1339 1119 disertos
1349 1113 1359 1126 ‚
1374 1099 1519 1133 quorum
1531 1102 1687 1139 prompta
1708 1091 1899 1141 loquacitas

63 1130 150 1168 nihil
159 1129 258 1165 habet
269 1127 516 1164 aedificationis:
532 1126 583 1161 sed
604 1129 715 1175 potius
726 1130 981 1164 commendatur
991 1133 1184 1178 prudentia,
1206 1146 1241 1167 vt
1250 1132 1327 1168 scite
1342 1136 1380 1168 ad
1391 1134 1484 1170 vsum
1493 1138 1612 1184 populi
1623 1144 1898 1179 accommodetur

62 1181 128 1217 Dei
139 1177 290 1213 verbum.
302 1178 567 1224 Operaepretium
578 1187 688 1209 autem
698 1177 741 1210 est
755 1188 904 1223 reputare
915 1180 1017 1224 quam
1031 1180 1117 1214 nihil
1129 1183 1169 1214 ad
1183 1182 1213 1215 se
1225 1185 1387 1230 pertinere
1399 1185 1520 1219 ducant
1529 1187 1661 1234 Papistae
1671 1192 1832 1237 quicquid
1843 1195 1896 1226 A-

62 1226 212 1279 postolus
223 1224 410 1274 praescribit.
423 1225 544 1271 Neque
553 1223 632 1258 vero
650 1222 785 1272 singulis
796 1224 847 1259 vel
858 1228 1072 1266 excutiendis,
1082 1228 1134 1263 vel
1144 1232 1374 1264 enumerandis
1384 1232 1537 1267 insistam.
1547 1248 1650 1269 vnum
1663 1236 1808 1285 hoc,qua
1817 1240 1896 1274 dili-

59 1277 177 1361 {entia
186 1275 274 1324 apud
285 1288 341 1309 eos
354 1273 499 1309 seruatur
507 1278 523 1307 ,θ
542 1275 581 1308 Et
591 1270 664 1307 sane
674 1273 734 1307 dos
743 1271 944 1320 superuacua
973 1276 1030 1309 ista
1039 1275 1134 1315 foret,
1144 1279 1278 1324 quando
1289 1281 1508 1316 ministerium
1520 1282 1661 1319 docendi
1672 1285 1760 1332 quasi
1770 1288 1835 1322 vile
1859 1293 1896 1324 Sc

17 1342 25 1345 e
76 1325 229 1359 ordidum
240 1325 258 1358 a
270 1322 299 1357 se
310 1322 492 1371 depellunt,
504 1322 595 1368 quod
606 1333 717 1356 tamen
726 1319 877 1368 Episcopi
888 1324 1032 1357 maxime
1042 1328 1216 1373 proprium
1227 1337 1302 1361 erat.
1313 1330 1356 1361 At
1366 1333 1536 1364 neminem
1550 1330 1627 1365 latet
1637 1345 1800 1379 quantum
1814 1335 1896 1378 abfit

59 1373 81 1409 ὲ
89 1371 181 1407 Pauli
192 1371 315 1419 tegula,
326 1369 512 1419 Episcopali
521 1369 621 1404 titulo
630 1369 710 1409 '‘ww‘'
723 1367 863 1409 ’πάππον
871 1369 1006 1418 superb?-
1019 1373 1166 1419 gloriari:
1178 1373 1200 1409 fi
1212 1375 1314 1409 modo
1327 1375 1488 1412 theatrico
1500 1378 1614 1414 habitu
1625 1385 1896 1430 appareat.‘Quafi

56 1431 200 1456 cornuta
211 1423 318 1457 mitra,
332 1419 477 1454 annulus
485 1418 570 1453 bene
578 1430 777 1465 gemmatus,
789 1431 981 1465 argenteum
993 1421 1164 1468 pedunh&
1185 1422 1306 1458 similes
1317 1437 1412 1471 nugae
1421 1437 1499 1460 curn
1520 1426 1640 1462 lusoria
1654 1442 1788 1478 pompa,
1801 1431 1896 1480 spiri-

57 1468 149 1505 tuale
158 1467 304 1503 Ecclesiae
313 1470 462 1515 regimen
472 1467 780 1514 constituantzquod
789 1466 900 1502 nihilo
912 1471 1015 1516 magis
1027 1470 1045 1503 a
1053 1469 1206 1506 dodfflna
1216 1473 1322 1519 potest
1331 1472 1546 1521 auelli‚quam
1557 1477 1708 1511 nostrum
1720 1479 1896 1528 vnusquis.

61 1529 128 1566 que
137 1518 156 1552 ὲ
166 1519 301 1565 propria
309 1519 433 1550 anima.

106 1577 122 1611 3
174 1565 215 1599 N
217 1577 253 1598 on
271 1565 479 1608 vinolentum.)
527 1563 610 1598 Non
621 1563 751 1599 tantum
765 1564 956 1599 ebrietatem
967 1566 1032 1600 hoc
1043 1565 1145 1601 verbo
1155 1578 1275 1603 norant
1285 1570 1393 1605 Graeci
1404 1592 1415 1611 ·‚
1439 1569 1490 1605 sed
1501 1575 1643 1618 quanuis
1661 1576 1896 1625 intemperiem

55 1617 94 1650 in
106 1616 187 1648 vino
199 1613 446 1661 ingurgitando.
457 1614 497 1646 Et
506 1610 592 1646 certe
602 1625 674 1647 non
683 1612 814 1647 tantum
824 1614 947 1647 Pastori
957 1616 1059 1649 nimis
1070 1616 1226 1650 indecora
1238 1617 1281 1651 est
1297 1620 1479 1655 immodica
1488 1622 1558 1654 vini
1570 1625 1701 1669 potatio
1712 1648 1723 1662 ‚
1734 1625 1783 1659 sed
1796 1628 1896 1661 etjam

81 1663 148 1698 uod
158 1661 223 1696 fere
235 1661 339 1696 multa
348 1663 462 1708 peiora
470 1658 581 1694 se'cum
595 1660 706 1695 trahit:
716 1672 752 1694 vt
761 1660 836 1696 sunt
845 1664 930 1698 rixae‚
945 1663 1062 1710 ineptae
1073 1663 1351 1709 gesticulationes,
1365 1665 1514 1701 lasciuiae:
1522 1672 1554 1703 &
1567 1682 1639 1716 quae
1650 1672 1813 1708 recensere
1822 1688 1895 1711 non

55 1713 101 1746 est
110 1709 242 1745 necesse.
255 1709 374 1746 Verum
384 1706 551 1743 antithesis
563 1721 636 1756 quae
647 1708 748 1757 paulo
761 1709 834 1756 post
846 1709 1028 1747 subiicitur,
1042 1711 1182 1746 Paulum
1192 1712 1276 1747 vltra
1284 1716 1439 1761 progredi
1450 1716 1602 1751 ostendit.
1615 1720 1705 1754 Nam
1714 1720 1808 1756 sicuti
1819 1733 1895 1769 per*-

55 1759 175 1795 'cuffori
185 1759 330 1793 alienum
347 1758 365 1792 ὲ
372 1759 508 1805 pugnis,
520 1760 554 1790 δε
564 1760 671 1805 turpis
681 1757 766 1792 lucri
776 1759 900 1806 cupido
910 1759 1092 1803 detadpyupov
1102 1762 1258 1807 opponit:
1270 1763 1315 1796 ita
1326 1767 1361 1797 ὅ(
1370 1765 1415 1804 τῷ
1421 1777 1536 1806 παροινῳ
1556 1766 1778 1807 mansuetum,
1790 1771 1841 1805 vel
1850 1781 1894 1806 κέ-

55 1809 259 1855 quum.Vera
269 1807 370 1855 igitur
380 1806 423 1840 est
435 1803 663 1852 Chrysostomi
673 1807 1090 1853 interpretati0,temulenti
1100 1820 1135 1842 ac
1145 1808 1264 1843 ferocis
1276 1812 1403 1858 ingenii
1413 1812 1569 1848 homines
1578 1814 1618 1848 ab
1630 1815 1827 1866 Episcopatu
1841 1831 1893 1853 te-

55 1857 124 1891 iici.
145 1855 250 1902 de
265 1852 483 1903 percussorem
492 1855 613 1901 accipit
623 1854 712 1888 idem
726 1852 981 1900 chrysostomus
992 1880 1002 1894 ,
1011 1868 1073 1903 pro
1085 1869 1125 1890 eo
1137 1859 1195 1904 qui
1204 1857 1319 1905 lingua
1329 1859 1403 1894 ferit
1415 1861 1492 1903 (hoc
1504 1862 1548 1895 est
1557 1885 1568 1900 ,
1583 1867 1792 1900 conuiciatur
1801 1892 1812 1907 ,
1835 1880 1892 1904 aut

53 1905 169 1950 iurgiis
182 1905 368 1950 proteruius
379 1901 530 1950 insurgit)
545 1915 615 1936 non
624 1905 761 1950 recipio.
771 1903 845 1937 Nec
855 1916 908 1937 me
918 1915 1034 1938 mouet
1045 1907 1112 1939 eius
1122 1906 1217 1940 ratio:
1228 1907 1315 1941 nihil
1323 1907 1392 1942 fote
1406 1923 1567 1957 magnum
1577 1935 1587 1949 ,
1603 1912 1624 1946 fi
1634 1925 1733 1947 manu
1745 1928 1816 1950 non
1826 1927 1888 1951 cae-

51 1953 107 1986 dat
118 1950 309 2000 Episcopus.
325 1949 535 1996 Generaliter
544 1951 634 1985 enim
644 1963 729 1997 puto
737 1950 793 1985 hic
802 1951 998 1999 reprehendi
1010 1952 1186 1987 militarem
1203 1952 1372 1993 ferociam,
1388 1970 1452 2003 qua
1463 1958 1548 1992 nihil
1562 1959 1672 1994 minus
1683 1962 1775 1996 decet
1787 1963 1891 1999 Chri-

53 1993 95 2035 sti
110 1997 229 2034 seruos.
241 2001 381 2046 Qanto
394 2002 483 2033 enim
494 1997 525 2032 se
534 1997 681 2033 ludibrio
690 2011 871 2046 exponant,
882 2012 1001 2034 notum
1014 2001 1067 2038 est,
1078 2003 1136 2046 qui
1146 2002 1186 2034 ad
1197 2001 1417 2050 infligendum
1432 2009 1536 2053 pugni
1547 2009 1665 2046 ictum,
1679 2023 1720 2043 ne
1730 2011 1837 2046 dicam
1848 2013 1889 2049 ad

53 2047 201 2095 gladium
211 2048 408 2082 exerendum
419 2070 430 2084 ,
451 2045 524 2080 sunt
536 2049 761 2095 promptiores
772 2050 873 2094 quam
883 2049 923 2082 ad
932 2049 1093 2096 pacandas
1104 2048 1157 2083 sua
1165 2053 1326 2098 grauitate
1343 2052 1484 2087 aliorum
1496 2054 1580 2089 lites.
1606 2060 1787 2103 Percnffores
1808 2073 1887 2107 ergo

51 2108 150 2130 vocat
162 2099 319 2136 minaces,
329 2100 363 2130 δέ
374 2096 487 2129 Martii
498 2095 626 2129 caloris.
677 2095 823 2144 Turpner
830 2098 910 2130 lucri
919 2095 1032 2144 cupidi,
1042 2093 1117 2131 sunt
1129 2100 1218 2132 anari
1230 2112 1365 2134 omnes:
1379 2115 1453 2136 nam
1467 2101 1658 2150 Vbicunque
1667 2110 1727 2139 erit
1739 2111 1886 2147 auaritia,

28 2159 35 2165 ’·
51 2143 148 2179 fimul
160 2144 402 2190 erit·hoc³turpe
411 2145 505 2178 cuius
517 2145 672 2177 meminit
684 2143 875 2191 Apostolus.
889 2146 961 2190 Qii
971 2145 1062 2179 diues
1072 2144 1142 2180 fieti
1152 2147 1235 2187 vult,
1247 2151 1278 2182 S<
1292 2150 1360 2182 cito
1370 2150 1440 2184 vult
1451 2149 1532 2184 fieri:
1544 2154 1655 2198 inquit
1667 2153 1732 2188 ille.
1745 2155 1836 2190 Hinc
1847 2156 1886 2192 fit

46 2204 84 2228 vt
93 2195 183 2227 a‘uari
194 2205 323 2229 omnes,
340 2190 466 2226 etiamsi
475 2190 584 2239 palam
599 2191 632 2225 id
644 2204 714 2226 non
725 2204 889 2240 appareat,
900 2194 940 2226 ad
950 2191 1055 2228 foedos
1068 2197 1102 2228 &c
1114 2193 1252 2229 illicitos
1263 2198 1401 2241 quaestus
1413 2202 1567 2233 animum
1577 2202 1743 2236 adiiciant.
1806 2217 1882 2239 uate

49 2241 130 2276 huic
145 2243 229 2275 vitio
239 2242 387 2289 opponit
397 2249 630 2286 contemptum
642 2243 800 2287 pecuniae:
812 2239 904 2276 ficuti
915 2240 1048 2275 nullum
1061 2243 1103 2276 est
1112 2241 1201 2277 aliud
1210 2248 1394 2280 remedium
1404 2268 1415 2283 ,
1431 2260 1499 2293 quo
1510 2251 1702 2296 corrigatur.
1717 2252 1788 2299 Qi
1799 2265 1883 2300 pau-

50 2299 223 2337 pertatem,
240 2291 392 2336 inquam‚
401 2300 497 2334 aequo
508 2286 692 2334 libentique
702 2290 818 2324 animo
828 2303 898 2323 non
908 2288 1001 2326 feret,
1010 2303 1184 2337 nunquam
1195 2289 1330 2340 effugiet
1349 2294 1504 2329 morbum
1520 2296 1616 2331 illum
1629 2297 1761 2333 sordidae
1771 2312 1807 2334 ac
1819 2299 1883 2335 ser⁴

47 2336 127 2371 uilis
138 2337 337 2383 cupiditatis.
346 2334 541 2371 Percufforis
555 2335 722 2371 vocabulo
732 2336 890 2385 opposuit
898 2339 1042 2383 Aequum,
1052 2341 1089 2377 ὠ·
1098 2340 1229 2373 alienum
1239 2336 1371 2389 dpugnis
1380 2369 1387 2375 .
1433 2346 1559 2390 AEquus
1571 2357 1680 2380 autem
1695 2372 1706 2387 ,
1720 2360 1819 2394 quern
1832 2361 1882 2383 te-

48 2384 204 2420 mulento
217 2385 360 2419 diximus
371 2385 516 2433 opponi,
526 2395 665 2419 vocatur
674 2386 732 2431 qui
743 2385 873 2434 placido
886 2390 921 2420 ὃ(
936 2387 1106 2421 moderato
1115 2390 1231 2422 animo
1242 2391 1379 2424 iniurias
1391 2390 1472 2425 ferre
1482 2396 1581 2427 nouit
1589 2417 1599 2431 ,
1610 2397 1668 2440 qui
1680 2396 1784 2430 multa
1796 2409 1881 2432 con-

46 2433 163 2470 donat,
175 2435 235 2479 qui
245 2432 457 2481 indignitates
469 2432 605 2467 deuotat
615 2457 626 2472 ‚
635 2435 695 2479 qui
704 2446 766 2468 nec
775 2433 885 2483 aspero
896 2437 1006 2482 rigore
1018 2433 1237 2471 formidabilis
1247 2438 1302 2475 est,
1313 2451 1374 2473 nec
1386 2441 1424 2474 ad
1436 2438 1604 2476 summurn
1623 2445 1674 2476 ius
1684 2447 1801 2479 omnia
1810 2448 1879 2480 exi*

45 2483 106 2529 git.
119 2480 290 2516 Alienus'a
302 2483 437 2529 pugnis,
446 2482 505 2528 qui
513 2479 600 2529 fugit
611 2484 846 2518 contentiones
858 2486 892 2518 &
902 2485 1093 2518 certamina.
1106 2484 1197 2519 Nam
1207 2496 1243 2520 vt
1253 2485 1332 2522 alibi
1343 2487 1453 2523 scribit
1462 2512 1472 2525 ‚
1491 2490 1574 2524 Non
1585 2491 1676 2525 decet
1685 2490 1794 2528 seruos
1804 2496 1878 2529 Do*

46 2531 133 2571 mini
143 2527 203 2564 esst
213 2540 392 2577 pugnaceS.

53 2578 63 2594 Γ
90 2589 118 2624 4
165 2577 235 2626 Q
242 2575 403 2621 domuisuae
412 2575 486 2611 bene
495 2577 617 2627 praefie.)
668 2577 761 2611 Hinc
770 2589 915 2637 apparet,
926 2592 997 2614 non
1009 2583 1132 2627 requiri
1141 2582 1160 2616 a
1168 2581 1272 2617 Paulo
1287 2582 1493 2631 Episcopum
1512 2585 1666 2623 humanae
1677 2590 1752 2624 vitae
1762 2594 1877 2638 expet-⁷-

42 2635 124 2664 tem,
135 2626 186 2661 sed
195 2627 326 2661 bonurn
339 2629 374 2660 Sc
381 2624 560 2674 probatum
579 2624 859 2674 patremfamilias.
867 2627 962 2661 Nam
974 2639 1142 2677 vtcunque
1153 2629 1257 2678 vulgo
1279 2632 1351 2680 plus
1361 2632 1478 2666 habeat
1488 2635 1718 2672 admirationis
1747 2639 1878 2680 caeliba'-

43 2685 97 2710 tus
108 2676 142 2710 ὃς
153 2677 220 2709 vita
230 2672 476 2722 philosophica,
486 2687 558 2721 quae
568 2673 698 2722 prorsus
709 2686 837 2709 remota
846 2674 882 2709 fit
893 2676 912 2709 a
921 2681 1099 2712 communi
1110 2691 1201 2713 more
1216 2693 1223 2713 :
1239 2679 1439 2728 experientia
1448 2692 1558 2716 tamen
1570 2683 1636 2732 ipsa
1656 2688 1876 2734 prudentibus

43 2724 179 2774 quidem
192 2727 227 2758 Sc
236 2721 445 2758 consideratis
462 2721 660 2757 hominibus
669 2723 735 2756 hoc
745 2722 958 2765 demonstrat,
970 2738 1025 2759 eos
1037 2727 1078 2760 ad
1097 2728 1273 2774 regendam
1285 2727 1457 2762 Ecclesiam
1472 2734 1575 2778 magis
1585 2731 1746 2769 formatos
1759 2735 1818 2770 effe
1841 2741 1875 2771 δέ

42 2768 184 2819 aptiores
195 2774 253 2817 qui
262 2768 482 2805 communem
491 2773 594 2804 vitam
607 2784 678 2804 non
689 2772 857 2817 ignorant,
871 2767 966 2806 sedin
977 2773 1130 2809 humanae
1165 2775 1426 2811 conuersationis
1436 2776 1556 2813 officiis
1568 2778 1642 2816 sunt
1652 2786 1827 2817 exercitati.
1846 2788 1876 2818 1-

44 2818 383 2865 deoqueobseruanda
394 2819 437 2853 est
447 2820 531 2853 ratio
541 2831 613 2865 quae
624 2817 725 2866 paulo
736 2818 809 2866 pbst
818 2820 959 2859 additur,
968 2823 1112 2857 Minime
1122 2835 1233 2870 parem
1245 2823 1314 2858 fore
1323 2824 1541 2872 gubernandae
1561 2829 1706 2864 Ecclesiae
1715 2833 1779 2866 Dei
1792 2855 1802 2869 ,
1816 2835 1876 2878 qui

42 2865 176 2901 familiae
185 2865 308 2915 praeessfe
318 2865 452 2902 nesciet.
465 2869 567 2914 Atqui
579 2867 656 2901 tales
668 2865 741 2901 sunt
752 2868 921 2914 permulti,
932 2869 1078 2904 imbfere
1089 2884 1207 2906 omnes
1218 2874 1277 2918 qui
1289 2885 1326 2906 ex
1337 2873 1441 2908 otiosa
1452 2878 1486 2908 ὃς
1499 2875 1642 2912 solitaria
1653 2880 1824 2925 vita,quas1
1837 2893 1875 2915 ex

39 2913 186 2952 iatebris,
195 2915 420 2950 extrahuntur:
433 2914 598 2960 syluestres
610 2913 732 2960 scilicet
745 2917 998 2962 quodammodo
1011 2923 1044 2953 δε
1057 2918 1182 2954 nullius
1193 2920 1420 2958 humanitatis.
1444 2922 1527 2959 Non
1539 2936 1649 2960 tamen
1661 2926 1714 2961 hic
1726 2928 1870 2963 astutum

38 2963 218 2998 hominem
228 2963 345 3012 probat
355 2963 546 3017 Apostolus,
562 2968 595 2998 &
607 2966 653 2997 rei
665 2964 743 2997 dom
749 2965 850 2999 esticae
860 2964 1038 3001 callentem
1048 2991 1058 3005 ,
1086 2966 1137 3001 sed
1147 2971 1205 3015 qui
1215 2967 1375 3004 familiam
1387 2969 1569 3018 gubernare
1579 2974 1729 3008 didicerit
1740 2969 1875 3010 honesta

41 3009 122 3045 disci
148 3010 228 3046 lina.
245 3013 296 3046 De
306 3008 431 3046 Liberis
443 3014 542 3046 etiarn
554 3011 717 3060 praecipue
730 3011 880 3059 loquitur
889 3011 969 3060 ,qui
980 3014 1100 3049 debent
1111 3019 1211 3064 patris
1221 3016 1337 3057 referre
1350 3020 1535 3066 ingenium.
1559 3023 1700 3056 Proinde
1711 3027 1874 3069 magnum

40 3060 105 3094 erit
139 3059 253 3094 edecus
263 3058 429 3108 Episcopi,
441 3058 462 3094 fi
474 3059 561 3094 filios
574 3059 691 3094 habeat
703 3058 872 3108 flagitiosae
883 3062 1066 3097 &infamis
1076 3065 1159 3100 vitae.
1184 3065 1239 3099 De
1249 3065 1407 3101 viroribus
1418 3079 1492 3114 aget
1501 3070 1621 3116 postea:
1632 3083 1722 3104 nunc
1733 3072 1781 3111 (vt
1791 3073 1872 3117 dixi)

41 3108 243 3156 praecipuam
254 3108 372 3147 domus
382 3118 507 3155 partem
517 3110 664 3155 attingit.
675 3108 789 3143 Primo
799 3113 904 3157 capite
915 3111 955 3145 ad
965 3112 1099 3149 Titum,
1112 3113 1254 3148 ostendit
1279 3115 1360 3160 q'uid
1369 3115 1425 3149 hic
1436 3115 1596 3163 fignificet
1607 3130 1663 3165 per
1672 3131 1799 3153 nomen
1811 3123 1873 3154 Re-

39 3159 188 3190 uerentia.
237 3154 327 3190 Nam
337 3155 511 3204 postquam
521 3157 684 3195 dixitfnon
695 3156 848 3204 oportere
856 3157 1043 3205 praefraetos
1054 3163 1088 3195 &
1100 3162 1335 3209 immorigeros
1346 3161 1405 3197 effe
1415 3162 1502 3198 filios
1513 3164 1688 3212 Episcopi,
1712 3165 1808 3201 fimul
1817 3169 1874 3202 ad*

39 3205 102 3241 dit,
110 3204 232 3250 Neque
243 3201 409 3238 obnoxios
423 3203 547 3252 probro
556 3201 792 3243 diffolutionis,
804 3217 861 3240 aut
870 3208 975 3241 intem
1003 3210 1144 3244 erantiae.
1156 3209 1238 3245 Vult
1247 3222 1326 3258 ergo
1336 3213 1371 3245 in
1382 3210 1509 3246 summa
1517 3236 1527 3250 ‚
1546 3214 1694 3248 moribus
1704 3213 1763 3248 effe
1773 3217 1813 3250 ad
1832 3229 1871 3251 0-

38 3264 156 3287 rnnetn
165 3251 355 3288 castitatem,
367 3251 572 3297 modestiam,
582 3257 617 3288 δε
627 3254 824 3301 grauitatem
834 3220 1039 3303 compoiiiis.
1064 3259 1314 3306 Argumentum
1324 3260 1415 3306 quod
1426 3261 1573 3307 sequitur
1590 3262 1608 3295 ὲ
1618 3264 1744 3296 minori
1753 3264 1792 3297 ad
1802 3277 1875 3298 rna-

38 3302 105 3338 ius,
113 3309 171 3349 per
182 3294 212 3334 se
221 3297 346 3334 clarum
359 3299 413 3336 est,
429 3299 653 3348 Nequaquam
662 3300 733 3336 fore
741 3314 855 3350 parem
875 3303 1022 3350 regendo
1034 3305 1177 3354 populo,
1188 3310 1248 3354 qui
1258 3307 1297 3340 ad
1307 3308 1483 3353 regendam
1493 3306 1654 3344 familiam
1681 3310 1717 3345 fit
1727 3314 1869 3360 ineptuso

37 3347 262 3400 Etssaetetquam
270 3348 362 3387 enim
370 3345 463 3398 qupd
470 3349 547 3399 inde
555 3351 682 3400 {Qstat
692 3374 704 3389 ‚
719 3349 904 3402 necessariis
913 3353 1092 3404 virtutibus
1100 3355 1232 3393 destitui
1254 3367 1264 3389 :
1274 3356 1355 3402 quid
1363 3357 1548 3407 autoritatis
1561 3356 1682 3393 habere
1697 3363 1821 3408 poterit
1836 3363 1874 3398 in

154 3407 191 3423 -·
1558 3406 1590 3453 ‚52
1639 3408 1704 3455 iiij-

1856 2561 1858 2563 v
1904 2510 2096 2556 asima-214*
