2268 3705
72 172 248 215 'nunquam
262 163 411 214 ignoscet
421 164 533 197 Deus?
545 161 759 210 Respondeo,
771 162 960 196 notandum
972 160 1032 196 effe
1042 161 1286 197 incredulitatis
1295 164 1530 211 nomen,qu0d
1539 166 1668 201 dietum
1680 161 1773 203 Pauli
1784 170 1823 204 ad
1832 175 1929 219 prio·-

72 231 142 254 1em
154 219 250 251 Levis
262 212 408 249 tabulam
421 212 596 258 restringit.
609 211 765 245 Secundae
776 208 894 244 tabulae
905 207 1172 258 transgressiones
1181 237 1192 252 ,
1203 210 1332 246 etiamsi
1343 210 1539 247 voluntariae
1553 213 1628 249 sunt
1641 238 1651 252 ‚
1674 218 1923 257 condonantur:

72 268 131 313 qui
145 246 247 301 sciessis
274 268 307 297 &
319 260 436 296 volens
453 261 600 307 priorem
612 258 759 293 tabulam
771 256 886 294 violat,
897 261 975 303 quia
985 260 1073 294 tedia
1083 257 1113 293 se
1122 261 1197 293 Deo
1208 262 1355 307 opponit
1364 284 1374 300 ‚
1395 272 1510 308 peccat
1520 263 1556 296 in
1567 264 1728 310 Spiritum
1752 264 1914 304 sancitum.

71 315 192 360 Neque
203 315 292 348 enim
304 307 498 344 infirmitate
509 306 642 345 labitur,
657 305 708 341 sed
719 304 870 341 aduersus
880 307 992 340 Deum
1004 308 1108 355 impie
1122 309 1262 346 ruendo,
1273 320 1400 343 cerrum
1410 309 1656 356 reprobationis
1668 310 1730 346 suae
1741 313 1870 361 fignum
1886 332 1921 353 e-

71 363 131 396 dit.
143 362 183 395 Et
195 361 273 396 hinc
286 357 403 405 colligi
414 356 522 404 potest
531 354 685 390 definitio
696 357 821 402 peccari
833 357 868 388 in
881 356 1040 402 Spiritum
1051 357 1213 391 ianCtum:
1224 357 1371 404 primurn
1381 380 1391 397 ‚
1405 358 1497 404 quod
1508 358 1545 392 fir
1555 359 1678 404 dircita
1690 362 1725 394 in
1739 362 1850 397 Deum
1861 369 1922 400 εό-

71 412 216 444 tumacia
225 411 259 442 in
271 403 520 454 transgressione
546 406 666 451 prioris
678 403 806 438 tabulae:
817 404 934 437 deinde
945 403 1035 450 quod
1046 403 1082 438 fit
1096 403 1258 439 malitiosa
1267 408 1414 440 veritatis
1426 409 1575 442 reiectio.
1596 408 1662 442 Vbi
1672 411 1762 443 enim
1786 424 1857 446 non
1868 420 1920 449 ress

71 457 209 505 spuitur,
223 457 380 490 destinata
390 453 526 490 malitia,
540 454 604 488 Dei
617 456 735 487 veritas
747 465 754 486 :
766 465 838 487 non
848 450 1001 486 resistitur
1011 453 1136 500 Spiritu
1147 451 1271 488 saneto.
1298 455 1680 502 Deniqueincredulitas
1691 456 1769 492 loco
1788 465 1919 505 generis

72 506 227 554 ponitur:
241 499 446 539 malitiosum
456 511 567 536 autem
585 500 792 548 propositum
807 500 898 547 quod
909 503 1097 548 opponitur
1107 503 1315 548 ignorantiae,
1328 503 1372 538 est
1383 503 1473 550 quasi
1483 503 1677 539 differentia.
1706 507 1878 554 Perperam
1889 513 1918 544 i-

71 565 170 600 taque
181 551 306 587 faciunt
317 553 376 598 qui
385 561 558 598 peccatum
568 551 602 584 in
614 551 775 597 Spiritum
787 547 938 583 sanetum
948 550 1156 584 constituunt
1165 551 1201 583 in
1213 549 1461 597 transgreffione
1482 551 1628 587 secundae
1641 552 1768 588 tabulae.
1782 558 1918 604 l'erperz‘i

73 606 107 637 &
120 600 169 635 illi
180 603 238 647 qui
261 599 545 635 inconsideratum
560 601 594 632 ὅ(
616 609 738 632 c-aecum
752 600 918 644 impetum
938 597 1097 632 damnant
1108 600 1191 632 tanti
1200 600 1364 634 criminis.
1386 612 1464 635 nam
1475 613 1557 636 tunc
1567 603 1702 636 demum
1715 614 1869 650 peccatur
1881 609 1918 642 iri

71 651 234 698 Spu-itum
243 647 410 689 faustum,
421 659 527 695 quum
539 644 769 681 voluntarium
781 644 907 680 bellum
921 643 1102 694 suscipiunt
1110 645 1261 680 aduersus
1279 648 1390 682 Deum
1403 648 1560 684 homines
1574 650 1728 696 mortales
1740 674 1750 688 ‚
1761 663 1795 685 vt
1805 652 1917 690 lucem

69 700 213 746 Spiritus
229 696 288 732 sibi
299 696 445 732 oblatam
457 697 665 741 extinguant.
689 694 865 728 Horrenda
875 694 919 728 est
929 696 1019 729 enim
1030 692 1196 729 eiusmodi
1206 697 1360 743 impietas
1369 719 1378 733 ‚
1396 700 1598 733 &immanis
1608 701 1752 734 audacia.
1773 701 1846 736 Nec
1855 704 1918 738 du-

69 746 167 781 bium
179 746 222 781 est
232 747 317 793 quin
328 747 427 779 tacita
437 744 692 778 denuntiatione
704 753 822 777 terrere
833 741 977 776 voluerit
989 755 1106 777 omnes
1118 745 1177 790 qui
1187 741 1287 778 semel
1296 743 1480 779 illuminati
1492 745 1681 784 fuerunt‚ne
1691 747 1842 785 aduersus
1856 763 1916 786 co-

70 797 200 843 gnitam
215 796 386 828 veritatem
396 793 587 839 impingant
599 802 607 825 :
618 792 696 837 quia
706 789 846 825 exitialis
855 788 892 824 fit
902 790 1002 825 casus.
1023 790 1148 826 Namfi
1165 803 1299 840 propter
1311 795 1537 840 ignorantiam
1558 794 1662 829 Paulo
1672 794 1742 830 suas
1762 797 1916 846 blasphe-

71 846 154 878 mias
164 844 298 890 ignouit
307 844 410 876 Deus:
419 843 479 887 qui
490 837 629 874 scienter
641 837 782 886 datfique
793 850 892 886 opera
902 835 1277 886 blasphemant,nullam
1290 843 1423 876 veniam
1434 840 1557 889 sperare
1567 842 1698 878 debent.
1709 847 1770 879 Sed
1782 849 1915 883 viderur

2 901 10 910 ·
64 892 105 931 ,id
115 890 227 926 frustra
237 891 320 924 dici:
332 888 495 937 nusquam
505 889 593 921 enim
608 885 675 921 fine
685 890 875 935 ignorantia
886 888 993 935 potest
1004 886 1064 922 effe
1074 888 1286 924 incredulitas
1296 913 1308 928 ‚
1335 902 1407 936 quae
1419 887 1546 939 semper
1555 903 1637 926 caeca
1648 894 1702 926 est.
1725 894 1912 942 Respodeo3

69 952 109 975 ex
120 938 310 974 infidelibus
322 938 406 973 alios
416 939 462 972 ira
472 930 532 971 effe
543 947 661 972 caecos,
674 947 710 970 vt
720 933 794 970 falsa
804 938 886 971 redti
896 937 1138 983 imaginatione
1147 936 1314 973 fallantur:
1325 938 1409 973 alios
1420 950 1533 974 autem
1546 938 1587 975 fic
1597 952 1787 982 excaecatos,
1799 956 1832 977 vt
1842 958 1913 980 ma-

67 987 141 1024 litia
154 999 265 1022 tamen
275 986 458 1035 praeualeat.
469 986 589 1020 Paulus
602 996 673 1019 non
685 986 830 1018 omnino
842 996 963 1018 vacuus
975 996 1042 1018 erat
1054 997 1160 1033 prauo
1170 984 1300 1022 affeetu:
1313 985 1364 1020 sed
1378 987 1638 1023 inconsideratus
1651 989 1743 1023 zelus
1769 990 1914 1040 abripie-

68 1035 125 1072 bat
136 1036 324 1072 hominem‚
340 1046 375 1069 vt
383 1036 512 1069 reditum
524 1031 584 1067 effe
595 1043 724 1079 putaret
734 1033 825 1080 quod
835 1031 961 1080 agebat.
972 1033 1056 1067 Non
1067 1045 1134 1068 erat
1144 1047 1224 1082 ergo
1234 1033 1433 1070 aduersarius
1444 1035 1569 1071 Christi
1580 1036 1766 1085 proposito,
1779 1038 1830 1073 sed
1840 1049 1914 1076 erro

67 1098 104 1121 re
114 1088 146 1120 ὅ(
158 1081 341 1120 inscientia.
350 1080 501 1117 Pharisaei
512 1083 572 1128 qui
584 1080 670 1115 mala
678 1080 884 1116 conscientia
895 1080 1067 1115 Christum
1079 1081 1381 1120 calumniabantur,
1404 1097 1476 1119 non
1487 1088 1634 1121 omnino
1644 1097 1735 1120 erant
1744 1089 1913 1125 immunes

64 1132 111 1169 ab
122 1145 230 1168 errore
241 1136 275 1167 &
289 1133 490 1180 ignorantia:
500 1127 552 1164 sed
561 1128 716 1167 ambitio,
732 1131 923 1177 &impium
935 1127 1016 1164 sanae
1028 1130 1189 1166 doctrine:
1200 1132 1316 1165 odium
1328 1158 1338 1172 ‚
1350 1132 1422 1167 imo
1434 1132 1554 1168 furiosa
1565 1132 1717 1170 aduersus
1730 1137 1843 1173 Deum
1854 1140 1914 1173 εὸ-

56 1181 213 1218 ¹tumacia
222 1179 299 1216 illos
312 1178 484 1217 incitabat,
504 1190 540 1213 vr
550 1177 717 1213 malitiose
730 1183 763 1214 δε
775 1177 942 1215 consulto,
951 1190 1023 1212 non
1034 1177 1219 1220 inscienter,
1237 1180 1372 1214 Christo
1384 1179 1414 1215 se
1424 1194 1647 1230 opponerent.

66 1263 73 1314 J
122 1276 166 1313 ¹4
222 1258 438 1303 Exuberauit
443 1269 556 1300 autem
578 1268 660 1315 'upra
669 1258 928 1315 modamgratia
936 1263 1086 1300 Domini
1093 1260 1196 1308 nostri
1203 1275 1278 1300 cum
1276 1260 1355 1311 fide
1364 1262 1404 1309 ἀ-
1412 1261 1600 1303 Ᾰῑίεὲἶίυηε
1620 1278 1692 1319 que
1701 1264 1747 1316 est
1755 1267 1795 1305 in
1808 1263 1909 1306 clm·-

58 1320 116 1377 sto
127 1317 212 1374 lefic·

125 1388 160 1426 15
218 1367 353 1416 Fidelis
354 1371 465 1428 sermo
474 1402 484 1418 ,
505 1372 546 1419 (ἐν
557 1366 681 1427 dignus
690 1375 829 1412 omnino
840 1375 902 1426 qui
908 1374 1107 1427 accipiatur,
1130 1369 1226 1428 quod
1234 1370 1394 1414 Chriffus
1402 1384 1421 1417 I
1424 1370 1498 1427 estas
1515 1378 1620 1415 venit
1628 1379 1668 1415 in
1676 1377 1848 1418 mundum
1867 1383 1914 1420 v?

60 1439 251 1490 peccatores
257 1429 370 1487 βίαιος
377 1429 514 1481 ficeret,
523 1430 670 1483 'quorum
677 1428 886 1486 primu‘efiam
900 1443 971 1484 ego.

67 1505 70 1508 ·
121 1495 163 1528 16
219 1485 349 1527 Veram
357 1485 435 1531 idm
441 1483 702 1537 misericordiam
702 1483 782 1537 sinn
795 1484 951 1539 adeptus,
961 1494 1007 1523 vt
1014 1489 1053 1526 in
1066 1499 1121 1525 me
1123 1484 1234 1541 primo
1245 1485 1432 1538 ostenderet
1447 1484 1537 1541 Iefies
1545 1487 1700 1538 Christus
1710 1504 1848 1530 omnem
1863 1491 1910 1533 cle

66 1545 249 1589 matiam,
256 1547 296 1582 in
303 1540 483 1596 exemplar
487 1543 533 1579 iis
542 1543 606 1593 qui
614 1539 773 1579 credituri
782 1539 884 1596 efflent
892 1544 930 1580 in
939 1540 1006 1596 ipso
1016 1544 1056 1582 in
1065 1543 1181 1580 vitam
1191 1554 1365 1582 aternam.

74 1648 76 1651 Ι
127 1614 171 1651 ¹7
227 1601 311 1654 Regi
317 1608 431 1638 autem
431 1594 621 1650 ficulorum
628 1596 815 1636 immortaz't'
823 1627 834 1644 ‚
847 1595 1160 1653 inmfibili‚fhlisttp
1165 1600 1252 1639 ienti
1265 1607 1354 1647 Deo,
1362 1597 1475 1640 honor
1483 1600 1641 1657 &gloria
1658 1600 1914 1659 inseculaftcuffi

66 1653 191 1699 lorum.
202 1660 329 1703 Amen.

114 1721 156 1756 14
206 1708 403 1745 Exuberduit
410 1711 536 1752 autem.)
587 1710 712 1743 Iterum
721 1710 786 1743 Dei
799 1721 873 1756 erga
883 1707 913 1743 se
936 1711 1075 1756 gratiam
1085 1709 1354 1756 amplificat‚non
1364 1711 1468 1747 modo
1480 1713 1614 1748 inuidiae
1624 1712 1783 1750 tollendae
1791 1727 1830 1751 ac
1838 1716 1916 1763 gra-⁴

65 1760 222 1796 titudinis
232 1757 294 1794 suae
303 1756 449 1799 testande
458 1755 562 1791 causa:
570 1755 623 1791 sed
633 1758 733 1791 etiam
745 1769 779 1791 vt
791 1770 862 1791 eam
875 1769 1027 1805 opponat
1036 1757 1271 1805 improborum
1283 1759 1462 1800 calumniis
1474 1787 1485 1802 ,
1508 1764 1568 1808 qui
1578 1764 1644 1796 toti
1653 1765 1688 1797 in
1697 1763 1765 1799 hoc
1776 1775 1868 1799 erant
1877 1774 1915 1799 vt

35 1816 49 1821 ’·
65 1811 138 1843 eius
146 1805 383 1856 Apostolorum
396 1805 630 1853 deprimerent.
643 1807 761 1851 Qum
774 1813 884 1840 autem
896 1808 976 1840 dicit
987 1804 1180 1846 exuberasse,
1191 1811 1227 1842 δε
1238 1809 1372 1855 quidem
1383 1807 1635 1857 supramodum,
1646 1813 1761 1846 innuit
1770 1812 1912 1847 deletam

65 1855 127 1890 esse
136 1854 345 1904 superiorum
358 1856 569 1892 memoriam,
577 1854 726 1900 adeoque
737 1851 936 1900 absorptam,
947 1855 1073 1901 nequid
1083 1853 1133 1888 illi
1145 1854 1268 1891 obeffet
1276 1858 1365 1904 apud
1383 1856 1496 1893 bonos
1505 1858 1606 1893 talem
1618 1859 1709 1907 prius
1719 1859 1822 1895 fuiffe:
1834 1865 1912 1896 Cum

57 1902 126 1951 fide
137 1908 175 1945 ὠ·
185 1902 359 1938 dilectione.
411 1904 589 1949 Vtrunque
598 1903 705 1951 potest
715 1903 755 1937 ad
764 1904 876 1938 Deum
889 1902 1010 1943 referri,
1020 1902 1087 1937 hoe
1096 1900 1199 1942 sensu,
1208 1905 1302 1952 quod
1313 1907 1405 1941 Deus
1413 1918 1562 1942 veracem
1572 1908 1602 1942 se
1612 1909 1845 1955 praestiterir‚&
1859 1910 1913 1945 dia

65 1951 223 1988 lectionis
234 1955 268 1986 in
281 1952 416 1987 Christo
426 1948 488 1985 suae
497 1949 663 2000 specimen
676 1951 861 1998 praebuerit,
873 1964 979 1998 quum
989 1952 1144 1999 dignatus
1155 1953 1264 2001 ipsum
1275 1952 1379 1988 fuerat
1388 1952 1442 1989 sua
1451 1958 1565 2003 gratia.
1603 1955 1698 1991 Malo
1709 1968 1822 1992 tamen
1834 1956 1912 2004 firn-‚s

62 2000 185 2049 plicius
195 2003 344 2049 accipere
353 2027 364 2040 ‚
382 2011 416 2034 vt
427 1998 506 2044 fides
517 2003 551 2035 &
563 1999 702 2035 dileetio
715 1999 805 2048 figna
815 2000 877 2034 fint
895 2011 932 2034 ac
942 1998 1134 2034 testimonia
1144 2003 1214 2036 eius
1224 2005 1340 2049 gratie.
1357 2005 1453 2038 cuius
1466 2007 1664 2038 meminerat
1676 2027 1687 2042 ‚
1700 2007 1829 2052 nequid
1840 2005 1911 2041 fru-·

63 2050 125 2083 stra
145 2053 179 2083 δε
189 2060 312 2084 temere
330 2050 449 2083 iastare
461 2059 640 2096 putaretur.
671 2051 720 2082 Ac
750 2046 828 2083 fides
843 2048 979 2095 quidem
989 2048 1210 2084 incredulitati
1220 2054 1425 2098 opponitur:
1443 2052 1582 2088 dileetio
1594 2055 1630 2087 in
1639 2052 1775 2088 Christo
1785 2072 1797 2092 2
1815 2053 1909 2091 saeui-

63 2100 118 2138 tiae
134 2110 236 2144 quam
260 2107 444 2132 exercuerat
453 2097 603 2131 aduersus
625 2095 752 2131 fideles:
773 2095 834 2131 acfi
844 2098 965 2130 diceret
978 2122 988 2137 ‚
1009 2095 1038 2131 se
1049 2099 1094 2130 ita
1103 2095 1197 2132 fuiffe
1206 2100 1225 2133 a
1241 2100 1317 2133 Deo
1329 2110 1495 2135 mutatum
1504 2123 1515 2139 ‚
1550 2112 1583 2135 vt
1592 2100 1677 2136 alius
1690 2100 1727 2136 fit
1744 2114 1781 2137 ac
1793 2115 1906 2138 nouus

62 2146 183 2186 horno.
210 2148 240 2180 A
254 2144 353 2194 signis
373 2157 452 2192 ergo
464 2148 500 2179 &
520 2142 644 2181 effectis
661 2147 880 2181 eminentiam
895 2147 1005 2192 gratia:
1024 2147 1239 2182 commendat
1257 2171 1268 2186 ‚
1284 2154 1356 2194 quae
1365 2147 1496 2183 abolere
1514 2148 1611 2184 debet
1630 2146 1807 2198 superioris
1829 2154 1909 2187 virae,

60 2196 274 2231 memoriam.

76 2232 81 2283 ἶ
99 2252 131 2288 15
179 2242 424 2287 Fidelfsftrmo.)
474 2244 652 2291 Postquam
665 2242 760 2277 suum
772 2243 994 2278 ministerium
1004 2242 1045 2277 ab
1055 2241 1192 2278 infamia
1205 2247 1240 2280 &
1252 2246 1380 2292 iniquis
1390 2242 1692 2283 obtrectationibus
1701 2245 1831 2284 afferuie
1843 2262 1851 2283 ε
1862 2255 1903 2284 eo

63 2304 138 2334 non
146 2302 337 2329 contentus,
347 2302 517 2338 retorquet
525 2295 561 2326 in
576 2290 633 2327 suu
639 2304 672 2325 m
682 2287 903 2326 commodum
914 2292 1006 2340 quod
1015 2290 1065 2325 illi
1076 2302 1204 2339 poterat
1214 2292 1254 2329 ab
1264 2292 1454 2329 aduersariis
1471 2295 1576 2330 obiici
1584 2293 1699 2343 probri
1709 2295 1799 2331 loco.
1812 2297 1903 2332 Vtile

64 2342 156 2375 enirn
168 2337 315 2374 Ecclefiae
324 2337 416 2374 fuiffe
425 2340 536 2378 docet,
545 2339 575 2375 se
585 2343 675 2388 prius
685 2339 784 2374 talem
797 2338 944 2380 extitiffe,
954 2341 1056 2387 quam
1065 2340 1104 2374 ad
1116 2342 1312 2390 Apostolatfi
1322 2353 1505 2383 vocaretur,
1516 2347 1595 2391 quia
1604 2344 1670 2379 hoc
1683 2346 1788 2380 modo
1799 2345 1904 2381 Chri-

62 2389 129 2424 stus
138 2399 328 2436 peccatores
338 2401 469 2429 omnes,
479 2400 639 2436 tanquam
650 2389 727 2422 dato
737 2391 891 2436 pignore,
900 2389 940 2423 ad
951 2399 1074 2423 certam
1084 2387 1174 2436 spem
1182 2392 1288 2426 veniae
1297 2389 1488 2427 obtinendae
1497 2395 1678 2428 vocauerit.
1689 2393 1780 2428 Nam
1792 2407 1902 2442 quum

60 2435 156 2475 velut
166 2448 205 2470 ex
214 2438 356 2471 immani
367 2435 619 2484 truculentaque
632 2435 741 2472 bellua
752 2434 859 2471 versus
870 2436 973 2472 fuerat
983 2439 1018 2472 in
1028 2438 1209 2480 Pastorem,
1218 2438 1347 2487 infigne
1355 2443 1465 2488 gratiae
1484 2438 1547 2476 suae
1570 2440 1739 2489 specimen
1756 2442 1902 2478 ediderat

62 2484 230 2527 Christus,
244 2485 330 2519 vnde
341 2483 496 2520 fiduciam
507 2498 626 2520 omnes
636 2488 864 2533 conciperent,
875 2484 977 2520 nullis
987 2485 1172 2532 quamlibet
1179 2486 1336 2535 grauibus
1348 2492 1382 2524 ὅ(
1392 2488 1561 2524 atrocibus
1570 2492 1712 2538 peccatis
1722 2490 1850 2526 aditum
1859 2490 1902 2526 fi-

60 2533 100 2578 bi
108 2535 149 2568 ad
169 2532 306 2568 salutem
318 2532 486 2581 praecludi.
504 2533 625 2569 Verum
655 2536 769 2582 primo
790 2533 978 2582 generalem
987 2533 1183 2570 sententiam
1194 2534 1319 2584 profert
1330 2563 1340 2576 ,
1359 2535 1509 2580 Christum
1517 2538 1626 2584 venzffc
1634 2548 1672 2572 vc
1672 2540 1777 2581 shluos
1777 2540 1903 2584 fhcerec

99 2591 242 2616 ccatores:
256 2585 291 2616 &
302 2593 374 2616 eam
385 2581 578 2630 praefatione
590 2593 698 2620 ornat,
710 2595 776 2628 qua
785 2584 834 2617 vti
843 2580 925 2617 solet
934 2584 970 2617 in
981 2581 1077 2617 rebus
1089 2583 1233 2619 maxime
1243 2582 1342 2619 seriis.
1364 2587 1408 2620 Vt
1419 2587 1506 2622 certe
1515 2588 1551 2620 in
1562 2585 1736 2635 religionis
1743 2588 1900 2624 do&rina

56 2593 128 2667 hoc
138 2632 345 2679 praecipuum
359 2631 403 2665 est
411 2641 523 2679 caput,
531 2632 571 2665 ad
582 2631 753 2666 Christum
764 2633 886 2669 venire,
896 2642 932 2671 vr
942 2633 977 2665 in
987 2630 1086 2666 nobis
1096 2633 1214 2680 perditi
1218 2656 1228 2674 ,
1241 2632 1378 2668 salutem
1388 2634 1429 2669 ab
1440 2648 1480 2670 eo
1491 2647 1734 2684 recuperemus.
1747 2635 1900 2672 Praefatio

58 2691 136 2727 erga
147 2679 215 2713 haec
226 2677 326 2713 nobis
336 2677 372 2713 fir
383 2679 482 2714 instar
492 2677 642 2714 buccina:
653 2678 801 2714 sonantis
812 2679 851 2713 ad
861 2678 1103 2728 publicandum
1117 2684 1228 2728 gratiae
1240 2682 1364 2717 Christi
1374 2679 1579 2731 praeconium
1589 2709 1601 2724 ‚
1611 2695 1681 2730 quo
1694 2683 1769 2732 plus
1779 2683 1856 2720 fidei
1866 2699 1902 2720 a-

61 2727 132 2776 pud
140 2740 203 2762 nos
211 2725 340 2762 habeat:
351 2725 389 2761 fit
399 2726 498 2762 nobis
509 2727 598 2774 quasi
609 2726 754 2776 sigillum
766 2727 805 2762 ad
815 2728 1076 2776 imprimendam
1086 2729 1241 2765 cordibus
1251 2730 1370 2765 nostris
1380 2731 1419 2765 de
1428 2729 1618 2766 remiffione
1637 2743 1851 2780 peccatorum
1862 2732 1905 2769 fi-

64 2776 208 2815 duciam,
219 2788 292 2823 quae
303 2773 482 2810 difficulter
491 2775 619 2822 alioqui
630 2778 665 2810 in
676 2778 808 2811 animos
818 2775 1000 2811 hominum
1010 2789 1170 2825 penetrat.
1181 2780 1265 2824 Qae
1277 2780 1376 2813 etiam
1388 2778 1480 2814 causa
1489 2778 1552 2814 fuit
1561 2779 1665 2815 Paulo
1675 2793 1732 2816 cur
1741 2784 1903 2816 attentio*

63 2835 146 2862 nem
156 2826 308 2858 excitaret
318 2823 370 2859 his
380 2823 500 2861 verbis,
511 2826 538 2857 F
539 2823 741 2868 idelisfirmo,
752 2823 812 2859 nifi
822 2827 900 2872 quia
908 2823 1034 2873 semper
1044 2825 1202 2862 homines
1209 2826 1320 2861 secum
1329 2825 1510 2876 disceptant
1522 2828 1561 2862 de
1569 2827 1624 2864 sua
1633 2828 1735 2864 salute
1744 2837 1754 2862 ἒ
1763 2830 1854 2865 Nam
1864 2832 1900 2865 vt

65 2870 190 2907 millies
200 2874 236 2907 in
245 2871 381 2908 Christo
390 2870 526 2912 salutern
538 2872 638 2908 nobis
648 2869 762 2907 offerat
773 2874 867 2908 Deus
876 2877 1018 2922 paren&
1029 2873 1180 2909 Christus
1192 2873 1256 2923 ipse
1269 2875 1308 2909 de
1317 2872 1434 2911 officio
1447 2875 1505 2911 suo
1515 2880 1661 2912 concion
1667 2888 1737 2912 erut
1747 2891 1755 2911 :
1766 2890 1838 2913 non
1849 2889 1899 2912 ta-

65 2933 146 2955 men
157 2930 329 2967 pwprerea
337 2919 517 2956 definimus
527 2922 689 2969 trepidare
701 2945 711 2959 ,
724 2920 777 2955 vel
786 2920 898 2956 saltem
909 2920 1070 2969 disputare
1079 2922 1254 2958 nobiscum
1265 2936 1308 2958 an
1320 2926 1366 2958 ira
1374 2922 1422 2959 sit.
1444 2926 1589 2961 Proinde
1600 2928 1731 2972 quoties
1742 2924 1841 2960 nobis
1859 2928 1897 2961 in

64 2978 216 3003 mentem
225 2970 335 3003 veniet
344 2968 410 3003 vlla
419 2969 459 3003 de
469 2981 680 3016 peccatorum
692 2967 882 3005 remissione
891 2970 1069 3008 dubitatio,
1079 2969 1147 3006 hoc
1154 2971 1257 3006 veluti
1267 2971 1386 3021 clypeo
1403 2972 1534 3008 fortiter
1543 2987 1614 3008 eam
1625 2973 1781 3021 repellere
1792 2972 1897 3009 disca-

66 3028 155 3051 mus:
164 3018 334 3051 veritatem
344 3015 404 3052 esse
414 3017 602 3057 indubiam,
614 3023 647 3053 δ(
660 3020 797 3065 dign-am
809 3031 881 3065 quae
891 3017 1012 3065 absque
1020 3019 1244 3055 controuersia
1252 3022 1439 3069 recipiatur.
1487 3025 1663 3056 Peccatores
1663 3021 1762 3067 fizlsos
1763 3021 1895 3066 facerem

61 3061 180 3100 Subest
190 3066 226 3098 in
235 3063 302 3098 hoc
310 3065 410 3102 verbo
420 3065 672 3113 emphasis-nam
684 3069 744 3113 qui
753 3064 906 3102 officium
919 3066 1044 3102 Christi
1056 3065 1115 3101 effe
1126 3067 1281 3107 fatentur,
1290 3068 1423 3109 saluare,
1434 3073 1676 3118 cogitationem
1687 3080 1799 3104 tamen
1808 3070 1896 3106 hanc'

62 3110 233 3148 difficilius
243 3112 435 3152 admittunt,
447 3114 537 3161 quod
548 3113 710 3149 eiusmodi
721 3112 803 3149 salus
813 3116 851 3149 ad
862 3126 1051 3162 peccatores
1059 3119 1232 3164 pertineat.
1242 3120 1377 3166 Semper
1388 3121 1478 3153 enim
1491 3118 1652 3165 abripitur
1670 3115 1777 3153 sensus
1786 3120 1897 3155 noster

64 3162 108 3199 ad
118 3158 303 3208 respezstum
314 3161 494 3208 dignitatis.
505 3162 703 3210 fimulhrque
713 3164 894 3210 indignitas
905 3175 1051 3212 apparet,
1061 3167 1212 3201 concidit
1223 3164 1354 3202 fiducia.
1373 3167 1515 3201 Proinde
1525 3179 1595 3213 quo
1604 3164 1744 3212 quisque
1752 3170 1896 3214 peccatis

62 3207 131 3245 suis
139 3210 245 3255 magis
256 3220 420 3255 grauatus,
430 3224 470 3245 eo
479 3213 604 3246 maiore
616 3214 732 3246 animo
743 3211 783 3245 ad
793 3211 966 3247 Christum
975 3211 1228 3261 confugiar,hac
1239 3213 1362 3250 scilicet
1372 3215 1524 3250 do&rina
1535 3214 1634 3258 fretus
1645 3237 1656 3251 ‚
1670 3212 1791 3250 veniffe
1801 3226 1836 3250 vt
1847 3215 1896 3251 sa-

65 3256 172 3293 lutem
182 3269 253 3291 non
263 3257 366 3296 iustis,
376 3257 427 3291 sed
437 3259 665 3305 peccatoribus
675 3258 796 3294 afferat.
805 3259 1006 3295 Notandum
1015 3263 1114 3297 etiam
1125 3264 1180 3301 est,
1191 3262 1333 3298 Paulum
1345 3263 1363 3297 a
1373 3262 1518 3310 generali
1528 3261 1652 3296 Christi
1672 3260 1788 3298 officio
1799 3276 1899 3312 argus

65 3316 222 3341 mentum
234 3304 363 3343 ducere,
373 3318 414 3340 ne
423 3305 598 3342 absurdum
611 3311 745 3344 nouitas
757 3307 874 3343 faceret
886 3309 978 3356 quod
989 3310 1029 3345 de
1040 3307 1094 3345 sua
1104 3309 1243 3358 persona
1252 3322 1357 3359 nuper
1366 3311 1497 3345 testatus
1507 3310 1561 3345 est.
1586 3311 1727 3359 Qorum
1732 3315 1853 3359 primus
1860 3313 1899 3347 si}

66 3365 129 3404 ρο.
156 3354 250 3391 Caue
259 3352 435 3397 existimes,
446 3356 611 3392 modestiae
625 3354 719 3394 causa
729 3355 934 3406 Apostolum
945 3360 1127 3394 mentitum
1138 3358 1208 3395 else.
1218 3362 1336 3395 Veram
1346 3361 1437 3394 enim
1448 3371 1521 3394 non
1533 3360 1646 3394 minus
1657 3360 1759 3406 quam
1768 3359 1900 3398 humile
