2268 3705
146 2907 286 2946 aia-¹4⁸3·
298 2920 337 2946 23.
362 2930 381 2964 s

192 3084 213 3109 l

163 3063 297 3178 Ξῖ

322 143 380 188 536
899 136 992 184 ΙΝ
1041 135 1672 184 EPISTnPA‘VLI'

344 206 543 256 interposuit
556 208 679 255 pignus
689 214 726 242 ac
740 206 884 255 pretium
895 204 1005 239 salutis
1016 204 1151 238 nostrae:
1166 205 1211 236 ita
1225 201 1322 237 nobis
1333 202 1351 235 a
1359 203 1451 237 Patre
1461 200 1598 237 salutem
1619 200 1731 237 attulit
1740 202 1840 239 Filius
1850 217 1859 239 τ
1871 205 1965 239 Pater
1974 204 2054 242 verb
2065 219 2122 256 pet
2132 210 2185 244 Fi-

346 256 430 292 lium
451 260 609 291 contulit.
1386 276 1389 281 ‹

395 316 417 348 4
469 309 496 339 F
499 308 549 338 ilio
553 303 723 347 secundnm
733 315 917 337 communem
921 301 1041 347 fidem.)
1094 300 1185 333 Hinc
1199 298 1326 333 constat
1337 311 1407 345 quo
1419 296 1507 334 sensu
1520 301 1645 334 dicatur
1664 298 1874 348 spiritualiter
1884 304 2021 350 gignere
2040 298 2188 345 minister

346 355 451 388 Verbi
462 367 548 400 quos
561 357 594 387 in
607 354 731 387 Christi
744 353 969 387 obedientiam
983 349 1126 385 adducit,
1140 360 1261 394 nempe
1274 359 1306 381 vt
1319 346 1416 382 simul
1430 345 1498 394 ipse
1507 351 1673 395 gignatur.
1703 349 1829 382 Patrem
1842 347 1873 383 se
1885 353 1957 384 Titi
1968 350 2044 386 facit
2055 353 2187 394 Paulus,

348 400 424 437 fidei
436 402 594 451 respeehi.
607 401 729 435 Verum
744 413 823 435 mox
834 400 933 435 addit,
945 397 1031 432 hanc
1044 395 1141 430 fidem
1152 394 1317 430 ambobus
1328 397 1388 430 ell‘e
1399 408 1629 430 communem:
1640 409 1674 431 vt
1686 398 1826 431 eundem
1839 399 1939 433 ambo
1951 401 1986 433 in
1997 402 2082 435 caelis
2097 402 2190 436 Patr&

347 463 385 484 ex
396 464 492 497 aequo
501 451 658 485 habeant.
670 452 782 495 Qre
795 449 887 481 Deus
899 447 937 480 de
949 448 1018 480 iure
1030 445 1086 479 suo
1098 444 1185 478 nihil
1197 447 1320 478 minuit
1332 456 1438 490 quum
1449 445 1556 478 Patres
1570 442 1751 492 spirituales
1763 444 1872 480 secum
1882 446 2191 495 appellat‚quornm

348 501 535 534 ministerio
548 510 715 545 regenerat
725 508 810 543 quos
820 495 901 529 vult:
915 493 1006 528 sicuti
1018 505 1074 540 per
1085 492 1113 526 se
1125 493 1160 526 hi
1171 492 1257 526 nihil
1267 505 1382 539 agunt,
1398 490 1450 527 sed
1461 505 1498 526 ex
1509 494 1649 540 Spiritus
1663 491 1808 528 efficacia
1818 494 1985 531 duntaxat.
1996 498 2142 544 Reliqua
2152 510 2191 535 ex

348 545 573 596 superioribus
583 545 737 594 Epistolis
749 544 890 592 petenda
899 554 1004 577 erunt:
1016 554 1053 575 ac
1064 539 1239 588 praesettim
1254 553 1291 575 ex
1301 545 1411 588 priore
1422 541 1463 575 ad
1476 541 1713 576 Timotheum.

404 629 418 669 ς
479 621 593 658 Huius
602 620 650 655 rei
654 617 766 671 gratia
776 615 900 670 reliqui
912 623 944 651 te
952 616 990 652 in
1003 621 1112 658 Creta,
1122 622 1166 650 vt
1176 625 1246 668 quae
1256 609 1388 666 desunt,
1404 624 1527 668 pergas-
1535 618 1692 668 corrigere
1704 645 1714 660 ,
1736 613 1775 660 ἀ
1787 619 1969 656 constituas
1998 617 2192 674 oppidorum

350 674 561 729 Presbyteros
568 669 869 727 :quemadmodum
877 668 942 709 tibi
952 669 1124 709 ordinaui:

411 742 432 772 ό
491 732 608 783 Siquis
618 726 696 768 effi
706 729 846 768 crimine
855 728 1034 773 immunis,
1046 728 1153 764 vatus
1163 727 1289 764 vxoris
1299 729 1372 772 vir,
1385 723 1509 765 liberos
1521 722 1650 765 habens
1655 726 1777 778 fideles
1787 756 1798 773 ‚
1811 740 1881 767 non
1889 727 2040 783 infame,-
2049 727 2089 772 ab
2097 729 2190 787 lasti.

349 789 458 834 uiam,
480 799 550 825 non
563 787 805 840 immorigeros.

399 856 413 888 5
468 846 574 878 Huius
584 844 762 889 reigratm.)
813 841 888 873 Hoc
899 838 1074 873 exordium
1087 837 1172 873 clare
1184 839 1385 874 demonstrat
1411 839 1528 873 Titum
1543 852 1614 874 non
1625 851 1692 873 tam
1704 842 1876 877 admoneri
1888 840 1942 876 sua
1951 840 2044 878 causa
2059 866 2070 881 ‚
2091 844 2195 890 quarn

349 891 581 926 commendari
592 889 678 937 apud
688 888 784 928 alios,
798 889 922 940 nequis
932 900 1009 922 eum
1022 888 1191 935 impediat.
1202 888 1335 922 testatur
1346 890 1437 923 euim
1468 887 1587 922 Paulus
1601 886 1630 921 se
1640 887 1688 922 illi
1713 889 1873 924 mandass'e
1885 889 1955 925 suas
1967 894 2075 927 vices:
2094 905 2195 939 quare

349 952 385 974 vt
398 939 551 988 Apostoli
561 940 721 972 vicarium
732 939 864 985 agnolci
876 935 915 970 ab
927 935 1138 974 omnibus‚&
1148 948 1334 971 reuerentcr
1343 938 1449 983 excipi
1461 938 1633 970 conuenit.
1646 937 1736 972 Nam
1750 942 1827 984 quia
1838 941 2010 986 Apostolis
2021 940 2114 976 nulla
2123 953 2196 975 cer—
2240 950 2253 971 κ’

351 1000 384 1022 ta
394 989 487 1023 statio
500 999 565 1022 erat
577 985 742 1033 assignata,
753 985 802 1020 sed
814 985 987 1031 Euangelii
1001 997 1057 1031 per
1067 996 1140 1018 totu
1147 998 1178 1018 m
1190 983 1306 1018 orbem
1319 983 1489 1032 spargendi
1502 998 1624 1019 munus
1637 988 1842 1022 minuetum:
1859 989 1935 1022 ideo
1947 1001 2054 1035 quum
2067 1002 2105 1023 ex
2115 989 2195 1025 vrbe

350 1049 408 1072 aut
421 1041 557 1085 regione
573 1048 636 1069 vna
649 1033 678 1067 se
697 1037 731 1069 in
742 1034 841 1067 aliam
852 1031 1051 1071 conferrent,
1062 1031 1237 1080 subrogare
1248 1035 1285 1066 in
1300 1032 1397 1066 suum
1408 1033 1521 1066 locum
1534 1031 1687 1068 solebant
1699 1036 1839 1069 idoneos
1852 1035 2008 1071 homines
2025 1061 2034 1077 ‚
2047 1049 2197 1084 quorum

350 1098 454 1133 opera
468 1084 692 1120 absolueretur
704 1083 795 1129 quod
805 1081 1002 1115 inchoatum
1016 1091 1091 1115 erat.
1103 1083 1155 1115 Sic
1167 1080 1287 1115 Paulus
1299 1079 1328 1115 se
1342 1080 1517 1115 Ecclesiam
1540 1082 1799 1117 Corinthiorum
1812 1083 1958 1120 fundasse
1978 1078 2148 1133 praedicat:
2161 1099 2197 1121 a-

351 1133 416 1169 lios
430 1135 508 1169 verb
521 1133 580 1166 effe
592 1131 791 1165 architectos
803 1133 860 1177 qui
872 1128 1123 1177 superaedificare
1133 1129 1291 1166 debeant,
1309 1129 1375 1164 hoc
1388 1129 1431 1163 est
1442 1128 1620 1163 aedificium
1634 1143 1846 1177 promouere.
1870 1134 1948 1167 Hoc
1960 1135 2097 1180 quidem
2109 1137 2143 1169 in
2156 1148 2196 1170 o-

351 1196 446 1218 mnes
469 1182 612 1216 Pastor-es
624 1182 803 1227 competit:
831 1181 993 1225 quoniam
1006 1176 1132 1225 semper
1150 1180 1365 1212 incrementis
1377 1182 1410 1212 ὅ(
1422 1177 1573 1224 profetfitu
1595 1192 1679 1226 opus
1690 1180 1859 1215 habebunt
1879 1181 2029 1216 Ecclesiae
2041 1185 2194 1229 quaudiu

353 1233 499 1266 mundus
513 1228 653 1264 durabit.
671 1229 732 1262 Sed
745 1228 827 1261 vltra
836 1227 1041 1261 ordinarium
1054 1227 1223 1260 Pastorum
1236 1238 1360 1261 munus
1376 1251 1384 1263 ,
1395 1238 1471 1260 cura
1481 1225 1626 1260 Ecclefiae
1636 1229 1874 1263 constituendae
1895 1233 1980 1265 Tito
1995 1231 2148 1266 mandata
2158 1247 2196 1267 e-

351 1292 410 1314 rat.
434 1280 578 1314 Pastores
591 1279 683 1312 enim
694 1277 885 1311 constitutis
895 1278 960 1309 iam
975 1273 1126 1309 Ecclesiis
1148 1278 1180 1308 ὅ(
1193 1278 1231 1317 in
1239 1275 1385 1322 aliquem
1398 1275 1549 1308 ordinem
1562 1274 1712 1310 formatis
1734 1276 1854 1324 praefici
1866 1276 1982 1313 solent.
2005 1280 2103 1314 Titus
2116 1280 2196 1316 verb

352 1327 428 1377 plus
445 1328 602 1374 quiddam
614 1328 724 1360 oneris
735 1323 920 1361 sustinebat,
935 1336 1055 1371 nempe
1071 1335 1103 1357 vt
1114 1323 1263 1358 Ecclesiis
1287 1323 1440 1358 nondum
1452 1325 1513 1357 rite
1525 1323 1718 1372 compositis
1730 1324 1872 1359 formam
1884 1328 1973 1362 daret
1985 1351 1996 1365 ‚
2026 1340 2061 1363 vt
2071 1339 2197 1365 certam

349 1376 479 1424 politiae
491 1379 656 1410 rationem
670 1375 735 1408 vna
746 1386 823 1408 cum
835 1371 1007 1420 disciplina
1025 1373 1250 1407 constitueret.
1262 1375 1352 1406 Iusto
1366 1374 1456 1405 enim
1468 1370 1687 1406 fundamento
1699 1371 1876 1408 discesserat
1886 1375 2023 1410 Paulus:
2053 1379 2198 1425 proinde

351 1426 423 1460 Titi
435 1437 540 1473 partes
552 1434 654 1463 erant,
666 1435 750 1469 opus
763 1425 797 1456 in
807 1420 1013 1469 superficiem
1024 1419 1186 1459 attollere,
1201 1433 1234 1455 vt
1246 1424 1277 1455 iu
1284 1421 1327 1454 sta
1337 1419 1503 1454 {liuditutae
1511 1424 1691 1470 proportio
1706 1434 1837 1455 extaret.
1851 1424 1928 1458 Hoc
1939 1436 2035 1460 vocat
2046 1427 2195 1473 corrigere

351 1487 414 1520 que
425 1473 532 1508 adhuc
548 1471 663 1515 desunt.
693 1472 812 1517 Neque
823 1473 915 1504 enim
925 1481 992 1504 tam
1010 1468 1104 1504 facile
1116 1468 1160 1503 est
1171 1482 1256 1517 opus
1268 1467 1414 1504 Ecclefiae
1440 1470 1614 1503 aedihcatio
1627 1493 1636 1507 ‚
1657 1481 1689 1503 vt
1701 1471 1808 1504 statim
1831 1472 1868 1504 ad
1879 1470 1984 1506 summ
1991 1486 2049 1508 um
2058 1475 2196 1521 perduci

352 1533 461 1569 queat.
483 1521 643 1568 Qndiu
656 1523 691 1555 in
702 1521 801 1554 Creta
809 1518 906 1553 fuerit
915 1516 1047 1552 Paulus:
1059 1520 1225 1552 incertum
1240 1519 1294 1552 est:
1305 1517 1513 1563 aliquantum
1526 1528 1636 1552 tamen
1650 1521 1812 1564 temporis
1825 1517 1893 1554 illic
1903 1519 2197 1568 transegeranfide-

351 1570 419 1605 lem
435 1570 640 1617 impenderat
651 1579 786 1615 operam
800 1567 958 1614 erigendo
969 1566 1092 1601 Christi
1105 1578 1221 1613 regno,
1235 1580 1307 1601 non
1320 1567 1426 1600 deerat
1437 1563 1564 1599 summa
1576 1569 1691 1613 peritia
1701 1591 1711 1605 ‚
1746 1578 1870 1614 quanta
1880 1571 1915 1602 in
1928 1568 2069 1605 homine
2088 1571 2196 1618 potest

352 1621 512 1659 inueniri,
525 1618 706 1652 laborando
717 1628 782 1651 erat
793 1614 1067 1662 indefelsustopus
1077 1626 1189 1649 tamen
1199 1614 1318 1649 fatetur
1328 1612 1358 1648 se
1369 1614 1448 1648 rude
1459 1627 1495 1648 ac
1507 1614 1665 1649 mutilum
1676 1614 1850 1662 reliquille.
1859 1617 1950 1651 Hinc
1960 1630 2094 1667 apparet
2106 1618 2195 1655 diffi-

350 1667 469 1705 cultas,
481 1671 514 1702 &
523 1680 585 1701 nos
596 1667 696 1700 hodie
705 1667 892 1714 experimur
902 1677 974 1699 nou
984 1666 1082 1699 Vnius
1091 1666 1171 1698 anni
1180 1662 1232 1698 vel
1244 1664 1388 1698 duorum
1400 1662 1459 1697 esse
1467 1662 1628 1704 laborem,
1638 1662 1796 1710 collapsas
1807 1664 1961 1701 Ecclefias
1974 1669 2010 1701 in
2023 1668 2194 1706 mediocri

351 1716 470 1750 statum
483 1717 657 1750 restituere.
668 1716 781 1761 Qare
793 1715 850 1760 qui
860 1725 917 1761 per
926 1725 1034 1746 annos
1042 1711 1232 1759 complures
1242 1710 1362 1746 affidue
1373 1710 1528 1759 progreffi
1542 1709 1619 1746 sunt
1627 1735 1637 1749 ,
1647 1712 1754 1747 adhuc
1766 1713 1805 1747 ad
1816 1712 1921 1748 multa
1931 1716 2126 1762 corrigenda
2137 1719 2196 1753 in·-

351 1776 462 1800 tentos
473 1764 532 1798 esse
542 1774 686 1810 oportet.
711 1762 814 1797 Porro
823 1763 1077 1809 operaepretium
1088 1761 1132 1794 est
1143 1772 1257 1794 notare
1267 1759 1360 1795 Pauli
1373 1761 1567 1794 modestiam
1587 1784 1596 1798 ‚
1608 1763 1666 1807 qui
1677 1759 1818 1796 libenter
1828 1760 1869 1795 ab
1879 1761 1947 1797 alio
1957 1762 2084 1800 absolui
2106 1768 2196 1812 pati-

352 1825 408 1848 tur
418 1813 509 1860 quod
521 1811 587 1860 ipse
598 1812 783 1846 inchoauit.
793 1812 833 1844 Et
844 1809 979 1856 quidem
989 1821 1095 1856 quum
1106 1805 1176 1855 ipso
1188 1807 1290 1856 longe
1300 1808 1438 1843 inferior
1447 1807 1522 1843 effer
1534 1811 1635 1843 Titus
1648 1833 1659 1847 ,
1668 1821 1737 1844 non
1752 1808 1875 1844 recusat
1887 1824 1963 1845 eum
1979 1811 2098 1848 habere
2114 1814 2193 1848 {wa-

352 1867 433 1905 νορᾶω
440 1862 492 1894 ηδ
502 1865 558 1908 qui
573 1863 665 1909 operi
674 1857 731 1894 suo
742 1870 920 1893 extremam
936 1869 1073 1892 manum
1085 1859 1248 1904 imponat.
1261 1859 1315 1891 Sic
1326 1854 1435 1892 affecti
1450 1855 1509 1891 effe
1518 1856 1638 1892 debent
1649 1861 1696 1905 pii
1710 1859 1876 1899 (mekotes,
1887 1870 1921 1893 vt
1932 1873 2004 1895 non
2014 1861 2194 1899 ambitiose

345 1903 492 1958 Quisque
504 1911 541 1943 ad
552 1908 579 1943 se
589 1909 695 1942 trahar
706 1910 834 1947 omnia,
846 1904 896 1941 sed
907 1904 963 1939 alii
974 1905 1057 1940 alios
1068 1908 1216 1939 certatim
1228 1907 1355 1940 iuuent:
1368 1909 1402 1939 δέ
1412 1904 1560 1951 quisquis
1573 1910 1697 1940 maiore
1707 1904 1847 1941 succelsu
1857 1906 2057 1943 laborauetit
2066 1935 2076 1950 ,
2112 1911 2192 1946 teli—

356 1962 415 2006 qui
430 1957 635 2006 gratulentur
647 1956 755 2004 potius
767 1958 867 2002 quam
882 1954 1063 1988 inuideant.
1074 1953 1195 2000 Neque
1205 1965 1320 1988 tamen
1330 1956 1452 2001 corrigi
1462 1953 1568 1988 voluit
1580 1955 1700 1988 Paulus
1712 1967 1784 2000 quae
1797 1953 1862 2002 ipse
1873 1955 1925 1992 vel
1935 1954 2076 1995 inscitia,
2089 1958 2141 1993 vel
2151 1972 2194 1993 0-

355 2007 510 2043 bliuione
523 2030 533 2044 ,
544 2005 595 2039 vel
608 2006 735 2039 incuria
745 2002 917 2037 omiserat:
937 2001 989 2035 sed
1000 2014 1071 2047 qua:
1083 2014 1138 2048 per
1151 2004 1311 2049 temporis
1325 2001 1520 2036 breuitatem
1533 2005 1650 2049 exequi
1669 2016 1737 2037 non
1752 2015 1913 2049 potuerat.
1936 2005 2097 2052 Denique
2110 2020 2190 2042 eam

355 2057 603 2091 correerionem
613 2055 697 2087 Tito
713 2053 859 2086 iniunxit
871 2063 935 2097 qua
946 2047 1052 2084 fuisset
1067 2048 1132 2096 ipse
1145 2049 1337 2096 perfunc‘tus
1348 2050 1370 2084 fi
1391 2052 1427 2084 in
1439 2051 1539 2084 Creta
1550 2051 1674 2085 diutius
1687 2049 1814 2085 stetillet
1825 2074 1835 2088 ‚
1854 2064 1926 2086 non
1938 2055 2107 2091 variando,
2117 2068 2191 2092 non

356 2105 519 2139 mutando
532 2105 725 2150 quicquam,
737 2099 787 2134 sed
797 2100 887 2146 quod
899 2098 1017 2136 deerat,
1026 2099 1193 2132 addendo:
1206 2101 1283 2145 quia
1296 2112 1365 2132 non
1375 2097 1435 2132 fert
1446 2101 1554 2145 operis
1568 2097 1746 2133 difficultas
1759 2110 1792 2132 vt
1804 2097 1901 2133 fimul
1914 2113 1981 2135 vno
1993 2102 2046 2136 die
2057 2105 2185 2139 omnia.
2198 2102 2212 2106 a

356 2151 527 2198 constituas
536 2150 713 2200 oppidatim.
746 2161 749 2163 ’
765 2149 841 2183 Hoc
852 2149 886 2182 in
898 2145 1058 2195 spirituali
1069 2144 1208 2181 aedific-io
1218 2146 1283 2180 fere
1294 2148 1312 2181 a
1322 2147 1473 2182 due'trina
1484 2145 1664 2181 secundum
1675 2146 1878 2183 est2Pastores
1886 2152 1989 2183 creari
2000 2153 2058 2196 qui
2078 2152 2191 2187 Eccle-

354 2202 406 2237 siae
416 2200 635 2250 gubernandae
645 2210 758 2234 curam
770 2196 921 2231 habeant.
932 2195 1009 2230 Ideo
1019 2207 1082 2244 prae
1094 2194 1166 2229 aliis
1177 2197 1246 2229 eius
1257 2198 1467 2230 mentionem
1476 2195 1531 2230 hic
1542 2195 1661 2230 Paulus
1673 2194 1761 2229 facit.
1783 2197 1970 2243 Diligenter
1979 2197 2046 2232 hoc
2064 2212 2190 2236 notan-

355 2251 448 2288 dum,
461 2263 530 2284 non
543 2247 631 2297 posse
642 2247 829 2281 incolumes
844 2246 921 2280 stare
929 2242 1084 2279 Ecclesias
1095 2242 1161 2278 sine
1172 2244 1342 2278 Pastorum
1354 2244 1557 2278 ministerio:
1581 2241 1719 2291 proinde
1737 2243 2034 2291 vbicunquefuerit
2050 2247 2190 2295 aliquod

354 2299 461 2348 plebis
472 2310 605 2346 corpus,
616 2295 685 2330 illic
696 2292 942 2342 praeficiendum
954 2290 1015 2326 effe
1025 2292 1201 2326 Pastorem.
1211 2292 1332 2339 Neque
1343 2303 1456 2327 tamen
1467 2291 1602 2340 singulis
1613 2293 1745 2340 oppidis
1756 2291 1901 2339 singulos
1914 2294 2064 2329 attribuit
2074 2298 2188 2332 Pasto-

355 2361 416 2386 res,
427 2350 472 2382 ita
484 2358 517 2380 vt
528 2344 640 2380 nullus
653 2344 746 2378 locus
756 2342 830 2391 plus
845 2355 914 2376 vno
923 2340 1051 2376 habeat:
1067 2339 1117 2375 sed
1127 2340 1236 2375 nullas
1247 2342 1341 2376 vrbes
1351 2341 1421 2376 vult
1431 2339 1618 2376 Pastoribus
1628 2341 1770 2374 destitui.
1804 2340 1990 2387 Presbyteror
2001 2343 2052 2378 vel
2069 2346 2191 2381 Senio·

355 2409 404 2431 res
416 2395 490 2430 satis
500 2406 621 2429 notum
632 2393 758 2426 estnon
769 2391 808 2426 ab
820 2401 911 2425 aetate
922 2390 999 2424 dici:
1013 2400 1127 2436 vrpote
1138 2402 1243 2436 quum
1255 2392 1291 2424 in
1304 2402 1381 2424 eum
1394 2389 1545 2424 ordinem
1558 2391 1722 2424 interdum
1736 2391 1873 2424 iuuenes
1884 2391 2082 2438 legerentur,
2096 2393 2192 2430 sicuti

354 2444 569 2480 Timotheus.
582 2441 698 2476 verum
713 2442 777 2475 hoc
789 2437 948 2473 omnibus
957 2438 1082 2485 linguis
1094 2436 1219 2486 semper
1229 2449 1400 2486 receptum
1409 2437 1484 2478 fuit,
1506 2436 1548 2472 fic
1558 2441 1668 2471 vocari
1679 2438 1817 2471 honoris
1829 2437 1921 2472 causa
1931 2453 2050 2475 omnes
2068 2442 2191 2489 guber-

357 2505 451 2528 nator
458 2506 498 2526 es.
511 2494 629 2537 Qum
640 2501 750 2524 autem
762 2487 910 2536 duplices
920 2484 1011 2521 fuisse
1021 2485 1239 2531 Preibyteros,
1252 2499 1288 2520 ex
1300 2489 1410 2535 priore
1418 2487 1457 2521 ad
1467 2486 1689 2520 Timotheum
1717 2486 1858 2532 Epistola
1869 2487 2085 2535 colligamus:
2105 2503 2191 2526 con-

358 2552 465 2576 textus
476 2542 582 2575 statim
595 2538 742 2573 ostendet
753 2535 806 2570 hic
820 2549 889 2570 non
900 2534 984 2569 alios
994 2535 1094 2583 quam
1105 2536 1270 2569 Doe'tores
1283 2534 1452 2582 intelligi„
1475 2534 1542 2570 hoc
1554 2535 1596 2569 est
1609 2537 1667 2580 qui
1679 2535 1716 2568 ad
1727 2535 1915 2569 docendum
1935 2537 2184 2574 ordinabantur:

360 2592 439 2637 quia
450 2587 577 2624 eosdem
590 2599 668 2622 mox
679 2584 812 2620 vocabit
823 2582 1014 2633 Episcopos.
1025 2582 1086 2617 Sed
1096 2583 1225 2617 videtur
1234 2581 1379 2618 nimium
1391 2585 1471 2620 Tito
1480 2585 1680 2631 permittere,
1691 2584 1770 2616 dum
1781 2582 1872 2616 iubet
1882 2597 1958 2618 eum
1968 2585 2129 2632 praeficete
2148 2601 2189 2622 o·

360 2637 495 2672 mnibus
506 2635 654 2671 Ecclefiis
666 2634 844 2669 ministros.
863 2633 928 2667 haec
944 2634 1035 2666 enim
1047 2630 1110 2665 fere
1123 2635 1211 2678 regia
1229 2631 1304 2666 esset
1318 2633 1460 2679 potestas
1482 2632 1626 2673 :deinde
1637 2630 1702 2665 hoc
1722 2632 1824 2664 modo
1840 2635 1870 2665 &
1886 2631 2021 2678 singulis
2039 2634 2187 2671 Ecclefiis

2233 775 2238 783 ι

2230 942 2239 956 ν

2234 979 2253 1004 'd

2230 1005 2254 1044 aq

2240 1062 2255 1096 θ’,

2227 1106 2256 1261 i

2250 1692 2252 1694 ·
2233 1451 2261 1640 Qui-s
2230 1326 2258 1390 „.i.‘
2244 1295 2245 1298 „
2244 1269 2249 1275 ι

2266 1898 2268 1922 l

2265 1923 2268 1946 l

2246 2015 2268 2043 ¹:l

361 2689 412 2722 ius
423 2686 578 2733 eligendi,
594 2690 627 2719 &
640 2683 807 2718 Pastorum
820 2680 966 2715 colleoio
975 2680 1137 2714 iudicium
1148 2679 1290 2715 tollitur:
1301 2681 1334 2715 id
1345 2681 1423 2715 verb
1438 2680 1512 2714 effer
1521 2691 1625 2714 totam
1637 2678 1756 2714 sacram
1772 2679 1919 2714 Ecclcfiae
1929 2681 2188 2720 administratio·
2230 2681 2231 2687 ¹

314 2747 317 2750 ·
362 2748 442 2771 nem
456 2733 637 2782 profanare.
650 2731 773 2766 Verum
784 2709 949 2777 responsio
958 2727 1062 2763 facilis
1076 2729 1138 2766 est,
1157 2742 1228 2762 non
1245 2729 1539 2776 permittiarbitrio
1548 2730 1619 2762 Titi
1636 2738 1670 2762 vt
1681 2740 1764 2761 vnus
1779 2726 1876 2774 poffit
1886 2732 2000 2764 omnia
2015 2754 2025 2767 ‚
2049 2734 2082 2765 ὅ(
2100 2745 2187 2778 quos

361 2782 506 2818 volucrit
516 2780 694 2829 Episcopos
703 2777 850 2814 Ecclesiis
861 2781 1024 2825 imponat:
1034 2775 1086 2810 sed
1097 2774 1227 2810 tantum
1239 2777 1331 2812 iubet
1340 2789 1375 2812 vt
1385 2777 1605 2812 diffitionibus
1616 2775 1718 2824 praesit
1729 2787 1887 2822 tanquam
1900 2778 2188 2818 moderator,s1cu-

363 2834 390 2868 ti
400 2828 524 2867 neceffe
536 2831 588 2864 est.
604 2831 682 2863 Haec
694 2828 851 2874 loquutio
864 2824 936 2861 satis
947 2828 1021 2860 trita
1031 2826 1084 2859 est:
1097 2824 1137 2859 sic
1148 2826 1268 2860 dicitur
1278 2826 1419 2864 Consul,
1430 2837 1485 2859 aut
1493 2828 1647 2864 Interrex,
1658 2835 1713 2859 aut
1724 2825 1876 2859 Dictator
1887 2825 2048 2861 Consules
2058 2829 2189 2872 creasti-5

390 2882 424 2916 ui
436 2881 574 2915 comitia
585 2877 743 2925 eligendis
754 2875 819 2909 illis
832 2874 957 2909 habuit.
986 2876 1038 2908 Sic
1049 2886 1186 2920 quoque
1195 2875 1236 2907 de
1244 2874 1348 2908 Paulo
1360 2879 1392 2908 ὃς
1405 2873 1554 2908 Barnaba
1562 2874 1713 2919 loquitur
1723 2875 1757 2907 in
1769 2875 1861 2907 Aeris
1872 2874 1994 2908 Lucas:
2013 2889 2082 2910 non
2093 2877 2189 2924 quod

376 2929 424 2964 oli
437 2926 648 2976 praeficetent,
659 2923 747 2971 quasi
758 2936 817 2971 pro
827 2925 986 2970 imperio,
1005 2923 1148 2957 pastores
1158 2922 1306 2957 Ecclesiis
1316 2934 1377 2956 nec
1386 2923 1542 2969 probatos
1554 2934 1614 2955 nec
1625 2923 1798 2967 cognitos:
1819 2918 1870 2955 sed
1883 2924 1960 2967 quia
1970 2924 2109 2959 idoneos
2120 2925 2188 2961 ho·-

365 2981 484 3015 mines,
494 2978 552 3023 qui
563 2977 581 3010 ὲ
591 2973 719 3023 populo
731 2973 826 3007 elesti
839 2972 888 3005 vel
900 2973 1036 3018 expetiti
1045 2969 1184 3008 fuerant,
1195 2972 1392 3005 ordinarent.
1405 2970 1571 3005 Discimus
1582 2971 1716 3016 quidem
1727 2981 1764 3004 ex
1776 2969 1840 3003 hoc
1852 2969 2013 3007 locomon
2027 2986 2097 3007 eam
2108 2973 2187 3008 fuis-

364 3027 394 3062 se
403 3037 485 3061 tunc
495 3024 714 3071 :equalitatem
726 3024 810 3055 inter
820 3019 965 3054 Ecclefiae
977 3019 1155 3057 ministros,
1166 3021 1249 3065 quin
1259 3032 1343 3054 vnus
1355 3018 1474 3065 aliquis
1484 3021 1658 3053 autoritate
1670 3021 1701 3051 ὅ(
1713 3016 1853 3051 consilio
1867 3018 2007 3065 ptaeeffet
2018 3033 2025 3053 :
2037 3021 2122 3055 nihil
2134 3034 2186 3057 ta«

365 3087 442 3110 men
453 3073 518 3108 hoc
529 3073 568 3106 ad
578 3072 787 3117 tyrannicum
801 3072 833 3102 &
846 3066 1023 3115 profanum
1034 3066 1258 3102 collationum
1270 3079 1398 3102 morem
1411 3093 1422 3108 ,
1441 3069 1499 3114 qui
1508 3069 1543 3101 in
1554 3067 1676 3114 Papatu
1688 3076 1813 3112 regnat.
1837 3064 1939 3114 longe
1951 3070 2041 3102 enim
2060 3069 2185 3107 diuersa.

365 3123 428 3159 fuit
443 3119 680 3176 Apostolorum
690 3120 787 3172 tatio..
890 3167 893 3172 Ι

417 3174 439 3204 6
476 3171 509 3203 Si
519 3171 587 3214 quis
604 3182 624 3201 a
637 3178 760 3200 crimme
769 3163 938 3203 immunis.)
977 3164 1109 3210 Nequis
1117 3166 1199 3199 Tito
1210 3161 1403 3198 succenseat.
1413 3162 1502 3210 quasi
1513 3162 1656 3197 nimium
1668 3160 1705 3197 fit
1715 3160 1864 3197 morosus
1873 3175 1928 3198 aut
1940 3162 2065 3200 seuerus
2083 3167 2185 3213 quos-

366 3220 441 3254 dam
457 3217 659 3265 repellendo,
671 3227 776 3249 totam
788 3217 824 3248 in
835 3214 863 3248 sc
874 3213 1035 3247 inuidiam
1045 3212 1164 3247 Paulus
1176 3212 1336 3246 transfert.
1350 3215 1388 3246 Se
1399 3215 1488 3246 enim
1500 3211 1666 3245 ita-diserte
1678 3210 1838 3245 mandasse
1849 3216 2044 3259 pronuntiat
2056 3228 2096 3248 ne
2108 3219 2184 3261 quis

366 3263 631 3303 admittatur‚nisi
641 3263 772 3311 qualem
783 3262 838 3297 hic
848 3260 1008 3296 describit.
1018 3263 1106 3307 Ergo
1120 3260 1198 3294 sicut
1210 3273 1314 3308 nuper
1323 3261 1442 3295 Titum
1453 3258 1636 3308 prefecitum
1647 3259 1664 3293 a
1675 3258 1704 3293 se
1714 3260 1954 3294 moderatorem
1966 3263 2112 3297 creandis
2121 3265 2184 3298 Pa-

366 3313 505 3350 stonbus
516 3313 607 3348 fuiffe
617 3313 749 3347 testatus
761 3312 815 3348 est,
827 3321 860 3344 vt
872 3311 937 3344 hoc
946 3308 997 3343 illi
1008 3311 1058 3343 ius
1069 3310 1302 3343 concederetur
1312 3308 1352 3342 ab
1361 3308 1445 3343 aliis:
1456 3311 1500 3341 ita
1510 3320 1600 3342 nunc
1611 3308 1690 3353 quid
1702 3306 1917 3354 prescripserit
1928 3321 2044 3347 narrar,
2060 3323 2102 3344 ne
2112 3324 2182 3346 ma-

362 3362 473 3397 lotum
484 3362 660 3396 calumniis
671 3360 722 3394 vel
733 3361 965 3407 imperitorum
977 3357 1103 3400 inuidie
1114 3356 1256 3404 exposita
1266 3356 1300 3391 sit
1311 3359 1379 3391 eius
1390 3353 1551 3391 seueritas.
1562 3354 1720 3397 Ceterum
1731 3358 1810 3401 quia
1819 3355 1912 3392 locus
1921 3356 1976 3391 hic
1987 3356 2074 3403 quafi
2086 3360 2122 3392 in
2134 3371 2184 3394 ta-

360 3409 438 3448 bula
449 3413 630 3459 imaginem
639 3408 783 3458 legitimi
793 3405 1053 3458 Episcopinobis
1063 3406 1225 3454 depingit,
1236 3404 1412 3453 diligenter
1422 3403 1615 3450 obserujdus
1626 3403 1679 3439 est.
1690 3404 1781 3452 Quia
1790 3405 1877 3441 tam&
1888 3416 1953 3452 quq
1965 3405 2020 3442 hic
2031 3405 2182 3448 habetur,

1841 3477 1856 3490 ο
2024 3464 2060 3489 ιη
2070 3466 2181 3505 priore
