2268 3705
267 155 325 204 52³4
817 134 1673 204 1N112-'EPIST-1pAVL'1

208 228 226 242 ⁰
732 213 771 233 ”·
1008 212 1224 248 CAPVT
1273 211 1370 245 111.
1410 209 1420 224 ⁵
1616 233 1617 238 ,

76 310 102 344 ξιτ
115 303 275 346 reign-ia.
373 293 589 337 Lludantem
594 292 690 350 stite,
704 288 799 348 qubd
804 292 970 330 extremis
979 282 1099 325 diebus
1109 281 1286 324 inflabant
1298 294 1450 339 tempora
1462 277 1682 336 “periculose-

92 345 102 349 ’
299 304 346 406 Ι
376 366 396 391 2
413 353 431 370 a
450 352 572 393 :Erum
583 353 675 390 enim
686 345 905 400 hominessiu'
918 352 1074 382 amantes
1086 370 1099 387 ‚
1109 337 1506 395 auari,firstuqsi,fhperbi
1514 366 1524 382 ,
1534 335 1704 383 maledici,
1710 333 1908 393 patentibus
1917 338 2141 396 immerget-ie,

302 413 445 467 ingrati,
465 410 576 464 impii,

375 478 389 516 3
460 473 626 510 carentes
646 460 766 518 affirilu
782 488 792 504 ‚
806 453 1053 511 neftiifaedeeis
1067 485 1077 501 ,
1090 452 1353 492 calumniatores
1364 480 1374 496 ,
1385 451 1649 504 intemperantes
1662 451 1831 496 ,immites
1842 480 1853 497 ‚
1868 451 2077 509 negltgemes
2087 453 2148 493 bo.

306 536 432 562 norum
447 551 458 568 ,

362 590 391 628 4
447 575 654 617 Proditores,
658 572 854 627 praecipites,
865 567 988 622 infleti,
1002 565 1212 621 voluptatem
1221 572 1379 603 amantes
1381 564 1495 618 patim
1503 558 1608 616 quim
1619 564 1701 602 Dei:
1722 600 1723 603 ,

365 648 382 686 ς
442 630 616 672 Habentes
625 627 772 676 formam
779 629 936 681 pietates,
949 637 1054 680 quum
1063 625 1142 660 vim
1155 625 1228 661 eius
1240 618 1452 674 abnegarint.
1468 618 1509 664 όν
1520 618 1600 670 istos
1610 616 1774 672 auetfitre.

367 698 389 730 6
451 695 512 727 Ex
521 690 566 725 iis
575 688 670 724 enim
673 680 757 738 fient
767 680 1026 736 quisicbintrant
1034 676 1246 733 infamiliac,
1256 675 1295 721 dy
1309 681 1456 731 captiuas
1465 675 1593 713 ducunt
1601 676 2149 735 mulierculas-onerataspeccatb?‚

310 760 382 801 que
395 744 564 784 ducuntur
572 736 842 794 concupistentit's
853 739 982 782 variis,
1002 780 1008 784 ἡ
1928 750 1931 752 .

367 815 392 852 7
453 807 584 853 Semper
591 793 766 850 discentes,
785 807 890 848 quum
900 803 1018 831 tamen
1027 803 1206 845 nunquam
1217 788 1497 845 adcognitt‘onem
1509 789 1676 827 veritatis
1677 792 1856 844 peruenire
1867 789 2025 830 valeant.

359 868 372 891 1
424 853 514 889 Illud
526 852 743 895 autemsctto.)
784 851 854 883 Hac
867 849 1122 882 denuntiatione
1135 845 1344 893 diligentiam
1357 848 1425 878 eius
1439 846 1542 890 magis
1555 856 1669 877 acuere
1681 844 1865 880 voluievbi
1878 850 1968 880 enim
1981 858 2030 881 tes
2043 860 2081 882 ex
2092 862 2154 883 vo-

310 915 349 939 to
360 905 474 940 nostro
493 901 630 938 habent,
641 900 746 946 magis
762 895 863 932 securi
874 897 1051 930 reddimur:
1063 892 1228 929 necessitas
1240 906 1350 929 autem
1362 895 1467 927 aerius
1477 895 1610 940 pungit.
1621 893 1707 938 Ergo
1718 895 1876 928 admonet
1887 894 2006 930 Paulus
2016 896 2155 934 Ecclesia

311 951 384 988 fote
396 943 578 987 obnoxiam
595 947 751 996 grauibus
762 945 899 983 morbis,
910 947 969 991 qui
979 957 1081 978 raram
1093 944 1261 977 Pastorum
1276 941 1375 976 fidem
1386 940 1603 977 sedulitatem,
1625 940 1833 987 vigilantiam
1845 966 1854 980 ,
1866 943 2077 991 prudentiam
2089 968 2099 982 ,
2119 950 2155 982 ὅς

309 999 536 1037 constantiam
548 994 735 1032 indefessam
748 996 931 1040 requirant,
944 993 1005 1027 acsi
1017 991 1203 1027 Timotheo
1214 994 1401 1039 praeciperet
1414 1001 1447 1022 vt
1459 988 1587 1037 separet
1608 989 1646 1022 ad
1657 993 1838 1025 certamina
1850 1004 1921 1038 quae
1932 993 2031 1029 ardua
2050 997 2058 1028 i
2086 991 2157 1030 sum

314 1061 468 1090 manent,
479 1047 642 1097 plenaque
655 1042 803 1078 maximae
813 1040 1045 1077 solicitudinis.
1057 1045 1168 1087 Atque
1179 1039 1258 1074 hinc
1268 1039 1428 1072 discamus
1448 1040 1547 1084 quam
1569 1051 1637 1072 non
1651 1038 1762 1073 deceat
1777 1053 1837 1074 nos
1852 1038 1926 1074 vllis
1949 1007 2157 1077 difficultati-

313 1098 376 1135 bus
389 1097 441 1132 vel
451 1098 575 1135 cedere,
589 1093 640 1126 vel
652 1094 773 1127 terreri:
784 1090 835 1124 sed
846 1090 958 1138 potius
970 1090 1008 1123 ad
1018 1087 1229 1123 resistendum
1241 1090 1373 1122 animos
1384 1085 1550 1133 colligere.
1571 1086 1636 1120 Sub
1648 1090 1795 1120 extremis
1805 1087 1913 1123 diebus
1935 1091 2160 1137 comprehen-

315 1149 365 1182 dit
376 1143 567 1180 vniuersum
588 1141 785 1177 Christiana:
803 1137 949 1174 Ecclesia:
962 1139 1091 1172 statum.
1112 1137 1233 1183 Neque
1243 1135 1320 1169 verb
1331 1147 1457 1170 aetatem
1472 1142 1558 1168 [uam
1570 1146 1645 1168 cum
1659 1135 1766 1169 nostra
1778 1149 1972 1185 comparat,
1983 1136 2035 1173 sed
2047 1142 2160 1187 potins

315 1195 423 1243 qualis
448 1193 559 1228 futura
570 1190 606 1225 sit
617 1191 711 1237 regni
722 1188 846 1222 Christi
856 1187 1022 1224 conditio,
1034 1187 1140 1220 docet.
1150 1185 1255 1220 Multi
1264 1187 1354 1219 enim
1368 1181 1775 1230 imaginabanturbeatam
1788 1185 1898 1219 neseio
1910 1198 2010 1232 quam
2031 1186 2161 1235 pacem,

317 1251 351 1279 &
364 1247 553 1278 immunem
562 1241 670 1276 ‚omni
683 1235 842 1272 molestia.
852 1237 1010 1272 Breuiter‚
1020 1233 1179 1281 intelligit
1192 1247 1263 1268 non
1282 1236 1325 1267 ita
1334 1231 1418 1266 bene
1429 1234 1527 1264 etiam
1540 1229 1597 1265 sub
1609 1232 1792 1278 Euangelio
1803 1246 1851 1267 res
1861 1233 1931 1268 fore
1946 1236 2161 1284 compositas,

316 1304 352 1326 vt
363 1289 549 1340 profligatis
559 1286 718 1322 omnibus
728 1287 831 1327 vitiis,
842 1283 981 1318 floreant
992 1296 1095 1317 omne
1104 1295 1208 1330 genus
1219 1285 1367 1316 virtutes.
1380 1292 1478 1327 quare
1489 1280 1631 1313 Pastores
1645 1280 1788 1315 Ecciefiae
1799 1281 1995 1317 Christianae
2013 1297 2084 1320 non
2096 1289 2161 1320 mi-

315 1354 380 1376 nus
392 1338 564 1374 habituros
577 1337 704 1383 negotii
716 1346 793 1369 cum
804 1332 967 1380 improbis
981 1336 1012 1366 δι
1027 1330 1186 1367 sceleratis
1197 1327 1406 1367 hominibus,
1421 1329 1520 1376 quam
1532 1327 1613 1362 olim
1625 1328 1801 1367 habuerint
1814 1330 1988 1381 Prophctae
2000 1336 2032 1366 6<
2045 1337 2094 1386 Pii
2105 1337 2162 1372 Sa-

317 1389 476 1424 cerdotes.
487 1386 574 1420 vnde
584 1383 741 1432 sequitur,
754 1395 823 1416 non
836 1379 895 1415 esse
905 1381 1032 1415 otiandi
1044 1392 1185 1428 tempus.

366 1448 383 1471 2
436 1437 540 1470 Erunt
548 1433 717 1471 homines.)
755 1430 955 1466 Notandum
968 1432 1001 1463 in
1013 1442 1081 1476 quo
1092 1427 1296 1476 asperitatem
1307 1426 1359 1461 vel
1369 1426 1523 1461 duritiem
1536 1437 1725 1474 temporum
1737 1429 1926 1464 constituat:
1940 1443 2010 1464 non
2024 1433 2057 1465 in
2067 1429 2161 1469 bello

318 1484 441 1521 scilicet
452 1507 461 1523 ‚
474 1495 534 1518 nec
546 1481 650 1522 fame,
679 1492 740 1515 nec
753 1478 878 1514 morbis
890 1505 899 1519 ‚
911 1491 970 1512 nec
980 1477 1052 1511 aliis
1062 1475 1305 1511 calamitatibus
1320 1476 1372 1510 vel
1384 1476 1612 1509 incommodis
1630 1488 1700 1522 quae
1711 1479 1844 1523 corpori
1855 1479 2025 1512 accidunt:
2054 1478 2105 1514 sed
2124 1483 2163 1516 jn

319 1533 416 1569 malis
432 1537 464 1568 ὃς
479 1533 588 1580 prauis
608 1531 789 1565 hominum
803 1526 962 1561 moribus.
982 1528 1022 1560 Et
1032 1525 1105 1560 sane
1116 1528 1178 1575 piis
1189 1523 1386 1561 hominibus
1399 1550 1408 1564 ,
1425 1523 1604 1570 Deumque
1614 1523 1688 1557 ver&
1702 1524 1899 1560 timentibus
1914 1526 1999 1561 nihil
2012 1528 2163 1566 acerbius

319 1585 365 1618 est
374 1584 475 1629 quani
487 1592 619 1615 cernere
630 1577 708 1612 tales
720 1589 853 1612 morum
865 1573 1077 1625 corruptelas·
1091 1576 1195 1608 Sicuti
1207 1575 1295 1607 enim
1310 1571 1395 1607 nihil
1408 1571 1472 1606 illis
1484 1572 1571 1619 prius
1583 1573 1626 1606 est
1638 1574 1701 1606 Dei
1712 1571 1830 1620 gloria:
1843 1576 1887 1608 ita
1897 1577 1966 1609 eius
1979 1587 2163 1615 contume-

317 1627 365 1666 lia
376 1630 427 1664 vel
440 1640 640 1676 contemptu
651 1625 739 1677 ipsos
751 1624 894 1659 maxime
906 1625 1044 1658 cruciari
1055 1635 1111 1671 par
1123 1622 1331 1657 cst.Secundo
1343 1622 1529 1658 notandum
1542 1622 1583 1654 est
1594 1621 1632 1654 de
1643 1620 1765 1667 quibus
1776 1620 2057 1671 loquatur.neque
2069 1629 2162 1662 enim

321 1692 473 1715 externos
484 1677 603 1720 hostes,
615 1678 674 1723 qui
685 1687 722 1709 ex
737 1671 879 1722 professi>
892 1671 1018 1707 Christi
1029 1685 1157 1706 nomen
1169 1682 1379 1720 oppugnant,
1393 1668 1445 1704 sed
1458 1669 1656 1704 domesticos
1667 1669 1855 1718 perstringit
1864 1694 1875 1709 ,
1897 1674 1956 1719 qui
1966 1672 2089 1708 censeri
2099 1688 2164 1710 vo-

319 1727 397 1764 lunt
412 1729 497 1762 inter
507 1723 652 1760 Ecclesiae
664 1722 822 1758 membra·
831 1721 921 1759 Nam
934 1721 1077 1767 eousque
1087 1719 1176 1754 suam
1187 1717 1361 1753 Ecclesiam
1376 1730 1521 1753 exercerc
1531 1717 1602 1753 vult
1613 1718 1718 1758 Deus,
1728 1731 1764 1752 vr
1774 1721 1864 1753 intus
1874 1720 1953 1755 tales
1964 1722 2069 1770 pestes
2078 1725 2113 1758 in
2123 1723 2166 1762 fi:-

322 1790 368 1813 nu
381 1775 439 1811 suo
451 1785 551 1823 gerat,
563 1771 688 1807 etiamsi
699 1784 752 1808 eas,
761 1771 875 1807 fouere
886 1769 1028 1806 horreat.
1041 1769 1130 1816 Ergo
1142 1767 1163 1802 si
1174 1767 1275 1803 hodie
1288 1766 1388 1801 nobis
1400 1766 1549 1816 plerique
1561 1764 1635 1801 sunt
1646 1768 1793 1813 permisti
1803 1780 1888 1814 quos
1901 1770 2018 1804 metiti>
2032 1783 2166 1811 execra-

323 1837 410 1861 mur:
423 1823 586 1858 discamus
597 1823 758 1869 patienter
769 1830 901 1868 gemere
911 1814 968 1852 sub
980 1817 1041 1851 isto
1053 1828 1165 1853 onere,
1201 1816 1311 1851 uando
1322 1815 1407 1850 hanc
1420 1816 1614 1849 Christiana:
1624 1813 1770 1850 Ecclefiae
1780 1815 1898 1850 sortem
1913 1819 2165 1858 audimusPot-

323 1873 362 1909 rb
378 1874 501 1907 mirum
513 1871 557 1905 est
569 1894 578 1909 ‚
591 1868 679 1920 posse
689 1881 746 1902 eos
768 1878 915 1914 quorum
927 1876 978 1900 tot
988 1877 1024 1899 ac
1033 1875 1124 1899 tanta
1134 1829 1254 1912 ptgbra
1263 1874 1509 1900 commemorat
1518 1863 1638 1899 Paulus
1658 1886 1668 1900 ‚
1681 1866 1812 1911 pietatis
1822 1862 1963 1912 speciem
1975 1869 2116 1904 retinere
2129 1884 2167 1905 e-

324 1920 450 1957 iusdem
461 1920 668 1955 testimonio.
680 1917 740 1951 Sed
751 1915 948 1963 quotidiana
957 1915 1158 1961 experientia
1169 1911 1246 1947 facit
1263 1925 1304 1946 ne
1314 1911 1351 1946 fit
1362 1911 1427 1946 hoc
1438 1922 1505 1946 tam
1517 1914 1652 1947 mirum.
1676 1912 1766 1949 Nam
1779 1913 1982 1951 incredibilis
1996 1915 2040 1949 est
2050 1915 2164 1966 hype-

324 1973 482 2005 ctitarum
499 1967 666 2016 proteruia
681 1969 715 2000 &
729 1963 938 2012 improbitas:
948 1973 984 1996 vt
995 1963 1094 1995 etiam
1111 1962 1144 1995 in
1159 1958 1354 1995 crassissimis
1366 1963 1456 1994 vitiis
1466 1957 1657 1994 excusandis
1667 1959 1730 1994 sint
1740 1959 1913 2007 plusquam
1940 1965 2166 2011 impudentes,

325 2019 504 2066 postquam
515 2014 614 2050 semel
625 2015 689 2049 Dei
701 2025 828 2047 nomen
838 2003 918 2046 falso
929 2009 1109 2045 obtendere
1119 2009 1315 2044 didicerunt.
1328 2010 1426 2056 Qot
1438 2007 1566 2056 probris
1577 2007 1660 2042 olim
1672 2005 1810 2043 scatebat
1820 2009 2056 2046 Pharisaeorum
2068 2016 2135 2049 vita
2144 2018 2160 2049 Ρ

327 2071 363 2103 ὃ(
379 2078 503 2104 tamen,
515 2062 604 2111 quasi
616 2060 715 2096 essent
726 2063 801 2109 puri
811 2059 851 2094 ab
864 2061 960 2094 omni
972 2070 1071 2096 noxa,
1087 2059 1215 2093 eximiae
1225 2056 1404 2092 sanetitatis
1415 2059 1580 2104 opinione
1594 2055 1776 2104 pollebant.
1788 2057 1898 2093 Hodie
1908 2071 2045 2106 quoque
2055 2074 2165 2109 quum

325 2126 417 2150 tanta
427 2111 464 2149 si't
475 2110 646 2162 spurcities
656 2111 690 2144 in
701 2109 790 2143 clero
800 2107 926 2157 papali,
936 2119 1008 2154 quae
1020 2105 1070 2140 vel
1082 2103 1140 2142 suo
1152 2104 1270 2142 foetore
1282 2115 1394 2139 totum
1406 2105 1567 2141 mundum
1582 2102 1707 2139 inficit:
1719 2117 1789 2139 non
1799 2105 1951 2141 desinunt
1962 2119 2073 2144 tamen
2084 2121 2164 2148 cum

326 2159 383 2198 sua
394 2163 543 2210 nequitia
554 2158 671 2195 titulos
681 2155 818 2205 iurirque
827 2158 944 2191 omnia
953 2154 1142 2191 sanctorum
1154 2152 1291 2188 fastuose
1303 2151 1360 2188 fibi
1371 2153 1638 2201 arrogare-Quod
1649 2165 1728 2201 ergo
1740 2154 1820 2188 dicit
1833 2153 1953 2190 Paulus
1963 2155 2165 2206 hypocritas,

328 2214 429 2246 etiam
441 2213 519 2246 dum
533 2208 685 2243 laborant
696 2203 891 2241 crassissimis
903 2207 1003 2240 vitiis.
1017 2202 1074 2238 sub
1084 2205 1214 2251 pietatis
1224 2201 1314 2236 latua
1325 2200 1549 2236 nihilominus
1562 2201 1681 2238 fallere,
1697 2214 1768 2236 non
1780 2203 1875 2238 debet
1890 2205 1991 2238 videri
2001 2206 2161 2247 insolens,

328 2262 465 2308 quando
477 2257 626 2305 exempla
637 2255 710 2290 sunt
721 2267 797 2289 ante
808 2253 937 2289 oculos.
946 2254 983 2287 Et
995 2249 1067 2286 sane
1078 2252 1199 2299 dignus
1211 2251 1254 2285 est
1266 2251 1410 2288 mundus
1421 2252 1476 2285 cui
1487 2252 1531 2283 ita
1540 2248 1661 2284 scelesti
1671 2249 1855 2288 nebulones
1868 2250 2163 2301 illudant2quand0

328 2321 441 2343 veram
462 2306 667 2342 sanstitatern
678 2302 729 2337 vel
740 2304 931 2338 contemnit
941 2325 950 2339 ,
969 2300 1019 2334 vel
1032 2299 1113 2334 ferre
1121 2313 1192 2334 non
1211 2299 1326 2347 potest.
1358 2299 1489 2337 Deinde
1499 2297 1660 2335 eiusmodi
1681 2301 1759 2335 vitia
1770 2311 1940 2333 enumerat
1960 2302 2080 2338 Paulus
2090 2317 2164 2352 quae

332 2371 404 2392 non
449 2359 579 2392 rotinus
591 2363 748 2402 apparent
762 2365 769 2384 :
790 2350 862 2385 imo
874 2363 946 2397 quae
956 2348 1070 2383 fistam‘
1079 2347 1284 2385 sanctitatem
1309 2358 1344 2381 vt
1354 2345 1537 2396 plurimum
1550 2348 1764 2384 comitantur,
1789 2348 1877 2394 Qs
1888 2351 1978 2386 enim
1989 2351 2164 2399 hypocrita

332 2419 404 2441 non
416 2370 591 2453 siipei'bus?
604 2414 674 2437 non
685 2402 799 2435 amans
810 2398 876 2434 sui?
889 2411 960 2434 non
974 2396 1117 2431 aliorum
1129 2407 1262 2431 contem
1292 2406 1344 2432 tor
1354 2399 1369 2432 Ξ
1378 2408 1446 2430 non
1458 2394 1548 2429 ferox
1558 2406 1594 2428 ac
1605 2393 1744 2431 crudelis
1756 2403 1765 2427 ?
1779 2408 1849 2429 non
1860 2395 2099 2435 fraudulentus?
2111 2399 2163 2438 sed

334 2455 402 2489 haec
422 2452 652 2496 omnialatent
663 2449 843 2485 hominum
855 2445 983 2482 oculos.
1002 2445 1166 2480 Caeteriim
1178 2444 1270 2492 singu
1288 2447 1316 2479 is
1325 2443 1464 2482 vocibus
1477 2442 1681 2494 exponendis
1691 2442 1832 2481 insistere
1841 2470 1852 2485 ‚
1865 2442 2103 2494 superuacuum
2115 2439 2166 2484 es-

334 2500 379 2537 set
390 2516 397 2536 ι
409 2515 516 2548 neque
526 2499 617 2535 enim
629 2496 834 2545 expositione
847 2496 1011 2544 indigent.
1036 2494 1184 2528 Tantum
1196 2504 1315 2527 notent
1324 2494 1478 2527 Lectores
1495 2496 1641 2531 φιλαντίκν
1651 2504 1723 2538 quae
1733 2494 1844 2540 primo
1855 2492 1933 2528 loco
1942 2499 2080 2543 ponitur
2090 2521 2102 2536 ‚
2117 2497 2166 2532 es-

335 2547 366 2587 se
377 2549 466 2598 quasi
484 2546 613 2586 fontem
625 2559 663 2582 ex
675 2558 744 2592 quo
773 2555 909 2579 manant
919 2554 991 2589 quae
1001 2543 1119 2576 deinde
1129 2540 1320 2588 sequuntur.
1338 2542 1408 2587 Q
1419 2543 1507 2575 enim
1521 2537 1549 2575 se
1559 2550 1668 2576 amat,
1684 2543 1710 2574 is
1729 2552 1858 2588 arrogat
1868 2541 1925 2576 fibi
1939 2547 2054 2578 omnia
2063 2546 2164 2587 ‚preli-

334 2612 422 2647 quos
432 2611 550 2633 omnes
560 2597 762 2635 contemnit,
774 2595 916 2629 immitis
929 2592 984 2629 est,
999 2589 1057 2625 sibi
1069 2590 1220 2638 indulget
1231 2592 1265 2624 in
1276 2592 1424 2630 auaritia,
1434 2588 1580 2637 perfidia,
1592 2589 1759 2622 iracundia
1769 2615 1778 2629 ,
1792 2594 2004 2626 contumacia
2013 2592 2166 2630 aduersus

337 2658 486 2697 parentes
497 2674 505 2686 ,
524 2644 678 2692 negleeku
688 2642 872 2678 bonorum,
884 2644 919 2675 &
931 2638 1102 2674 similibus.
1114 2640 1288 2685 Qouiam
1300 2649 1411 2686 autem
1420 2638 1514 2672 Pauli
1525 2635 1702 2672 consilium
1713 2635 1776 2671 fuit
1786 2663 1796 2678 ,
1807 2636 1928 2672 talibus
1939 2643 2028 2675 notis
2050 2644 2166 2678 inure-

325 2698 372 2732 ’τε
385 2691 693 2744 'pseud,optop1·ietas
711 2717 722 2732 ,
738 2694 774 2726 v't
783 2687 957 2738 conspicui
970 2686 1130 2725 omnibus
1141 2688 1221 2724 hant
1234 2688 1402 2725 :nostrum
1414 2687 1458 2722 est
1468 2688 1592 2737 aperire
1602 2684 1720 2720 oculos
1730 2712 1740 2726 ,
1751 2696 1786 2720 vt
1801 2697 1973 2722 cernamus
1983 2691 2040 2736 qui
2057 2691 2166 2740 digito

338 2744 577 2783 monstrentur„
835 2743 837 2745 ’

389 2802 403 2838 5
453 2792 493 2824 Et
503 2789 568 2832 tstoje
577 2789 739 2833 auerfiire.)
789 2788 869 2822 Haec
880 2787 1068 2822 admonitio
1080 2784 1152 2819 satis
1165 2785 1318 2821 ostendit,
1328 2782 1468 2824 Paulum
1480 2797 1551 2818 non
1561 2784 1600 2818 de
1610 2781 1712 2831 longa
1723 2783 1910 2830 posteritate
1920 2783 2016 2832 loqui
2028 2812 2037 2825 ‚
2057 2799 2168 2834 neque

338 2833 512 2876 vaticinari
524 2840 603 2886 quid
615 2837 764 2872 futurum
775 2834 850 2870 esset
863 2834 976 2870 multis
986 2834 1059 2884 post
1068 2832 1193 2867 seculis:
1205 2831 1256 2867 sed
1267 2832 1360 2879 quod
1371 2833 1410 2867 de
1418 2834 1572 2866 extremis
1581 2831 1788 2878 temporibus
1799 2833 1921 2866 dixerat
1930 2855 1939 2868 ‚
1952 2834 2166 2880 praesentibus

338 2886 437 2932 malis
446 2885 759 2934 ostenfi322pplicare
769 2885 807 2919 ad
817 2883 907 2918 suam
918 2893 1056 2918 aetatem.
1066 2894 1143 2916 nam
1156 2883 1214 2928 qui
1227 2883 1338 2929 potuit
1349 2879 1485 2916 auersari
1493 2879 1695 2915 Timotheus
1708 2881 1765 2929 qui
1776 2879 1891 2915 multis
1901 2880 1974 2930 post
1984 2880 2099 2918 seculis
2110 2885 2168 2919 de-

327 2929 377 2973 ³1⁴5
379 2943 435 2972 um
451 2937 608 2970 eitorituri
620 2936 733 2968 erant?
766 2933 971 2979 Ergostatini
990 2931 1029 2965 ab
1041 2930 1176 2964 exordio
1194 2927 1371 2976 Euangelii
1391 2927 1513 2963 talibus
1521 2926 1717 2976 corruptelis
1746 2927 1892 2963 laborare
1901 2933 2002 2977 coepit
2015 2931 2167 2969 Ecclesia.

389 2990 410 3021 6
433 3021 435 3023 ¹
450 2986 502 3019 Ex
512 2988 551 3019 iis
561 2980 738 3026 enimfimt.)
775 2983 923 3017 Diceres,
933 2992 970 3013 ex
983 2976 1123 3030 professo
1133 2976 1272 3017 Paulum
1284 2977 1340 3011 hic
1350 2978 1463 3011 vitiam
1476 2973 1695 3016 monachismi
1720 2974 1863 3023 effigiem
1881 2978 2026 3025 pingere,
2045 2981 2167 3017 vestm,

338 3046 375 3069 vt
387 3033 632 3074 monachorum
642 3029 768 3068 nomen
780 3030 988 3066 omittamus,
998 3038 1085 3063 notae
1094 3024 1169 3079 ipsae
1177 3025 1298 3072 quibus
1309 3023 1404 3059 falsos
1415 3029 1447 3059 &
1459 3023 1662 3061 adulterinos
1671 3024 1823 3058 ἀοᾶοῐεε
1834 3025 1968 3072 insignit
1979 3027 2110 3067 Paulus,
2121 3029 2170 3064 sa-

340 3087 385 3118 tis
393 3093 511 3131 apertae
524 3074 608 3114 sunt:
621 3078 803 3119 infinuatio
815 3078 850 3110 in
861 3075 1002 3110 familias
1013 3099 1022 3113 ‚
1035 3074 1194 3109 illecebra:
1205 3074 1374 3122 captandis
1386 3072 1602 3109 mulierculis,
1614 3071 1781 3106 illiberalis
1792 3072 1949 3111 adulatio,
1961 3077 2169 3114 circi'idue'tio

341 3132 511 3182 'pervarias
522 3126 847 3176 superstitiones.Has
858 3135 953 3159 notas
963 3121 1074 3158 sedulo
1085 3123 1345 3161 animaduertere
1353 3120 1551 3161 conuenit,si
1562 3119 1738 3154 discernere
1748 3123 1901 3168 cupimus
1911 3125 1998 3158 inter
2006 3120 2101 3160 fucos
2113 3128 2167 3161 iii-

344 3179 456 3215 utiles,
467 3182 500 3212 δι
513 3176 636 3225 probos
647 3175 770 3210 Christi
781 3174 958 3206 ministros.
967 3173 1039 3217 Qi
1050 3183 1160 3206 autern
1171 3170 1251 3205 tales
1260 3169 1346 3208 sunt,
1357 3181 1424 3204 tam
1436 3181 1507 3203 atro
1516 3167 1658 3208 carbone
1668 3168 1722 3202 hic
1733 3179 1941 3208 notantur‚vt
1951 3172 2166 3218 tergiuersan-

345 3229 391 3262 do
402 3239 479 3276 paru
487 3232 517 3259 m
530 3222 717 3272 proficiant.
755 3219 932 3256 Submtrare
942 3223 972 3253 in
975 3220 1132 3264 familias,
1143 3220 1187 3253 est
1198 3230 1365 3266 penetrare
1375 3228 1431 3252 aut
1439 3214 1596 3265 obrepere
1607 3215 1757 3264 captiosis
1768 3217 1901 3253 artibus.
1924 3221 2027 3254 Porro
2039 3221 2077 3256 de
2088 3235 2163 3256 mu<

344 3275 480 3311 lieribius
492 3274 604 3321 potius
613 3272 763 3318 loquitur
773 3268 874 3316 quani
885 3269 924 3303 de
932 3270 1011 3302 viris
1021 3294 1031 3308 ,
1041 3267 1132 3314 quod
1143 3266 1206 3302 illae
1215 3266 1336 3302 talibus
1347 3267 1538 3314 imposturis
1551 3267 1655 3312 magis
1666 3264 1910 3314 sunt-expositae.
1928 3269 2022 3302 Dicit
2033 3275 2084 3304 eas
2101 3268 2166 3314 Ca-

324 3346 330 3351 -
338 3319 444 3374 priua}
453 3322 535 3360 'alum
545 3324 716 3369 propterea
726 3318 817 3365 qubd
827 3318 923 3351 variis
934 3314 1079 3362 artificiis
1090 3313 1251 3350 eiusmodi
1262 3314 1556 3362 pseudopropheta·
1566 3326 1616 3346 eas
1629 3311 1687 3346 sibi
1698 3313 1860 3349 obnoxias
1868 3316 2007 3350 reddunt
2017 3339 2026 3353 ‚
2043 3320 2164 3363 partim

321 3371 330 3389 ³
338 3369 593 3415 curiosebmnia
603 3369 767 3406 rimando,
780 3368 900 3414 partim
909 3364 1122 3399 blandiendo.
1136 3366 1246 3410 Atque
1257 3363 1323 3398 hoc
1333 3363 1376 3396 est
1386 3364 1476 3409 quod
1488 3360 1629 3398 subiicit,
1649 3363 1953 3411 Onerataspeceasis.
1989 3364 2060 3398 Nisi
2071 3368 2162 3402 enim

324 3417 627 3457 '‘trial‘aesscosciei'iriae
639 3414 776 3455 vinculo
784 3415 1008 3462 stringeretur,
1020 3414 1146 3448 nonita
1159 3421 1349 3461 paterentur
1361 3410 1392 3446 se
1401 3411 1442 3446 ad
1449 3410 1553 3447 aliorii
1565 3411 1648 3444 nuti]
1659 3410 1811 3462 quolibet
1820 3412 1906 3448 duci.
1924 3414 2164 3459 Concupififftias

1970 3460 2165 3507 generaliter
