<?xml version="1.0" encoding="UTF-8"?>
<!DOCTYPE html PUBLIC "-//W3C//DTD XHTML 1.0 Transitional//EN"
    "http://www.w3.org/TR/xhtml1/DTD/xhtml1-transitional.dtd">
<html xmlns="http://www.w3.org/1999/xhtml" xml:lang="en" lang="en">
 <head>
  <title>
</title>
<meta http-equiv="Content-Type" content="text/html;charset=utf-8" />
  <meta name='ocr-system' content='tesseract 3.04.00' />
  <meta name='ocr-capabilities' content='ocr_page ocr_carea ocr_par ocr_line ocrx_word'/>
</head>
<body>
  <div class='ocr_page' id='page_1' title='image "./commentariiomnes00calv_0149.png"; bbox 0 0 2268 3705; ppageno 0'>
   <div class='ocr_carea' id='block_1_1' title="bbox 101 90 1947 2251">
    <p class='ocr_par' dir='ltr' id='par_1_1' title="bbox 103 90 1947 900">
     <span class='ocr_line' id='line_1_1' title="bbox 496 90 1939 168; baseline 0.009 -12"><span class='ocrx_word' id='word_1_1' title='bbox 496 90 1116 164; x_wconf 61' lang='lat' dir='ltr'>AnooaiNTH</span> <span class='ocrx_word' id='word_1_2' title='bbox 1184 104 1350 160; x_wconf 59' lang='lat' dir='ltr'>CA?</span> <span class='ocrx_word' id='word_1_3' title='bbox 1410 106 1467 160; x_wconf 81' lang='lat' dir='ltr'>ii</span> <span class='ocrx_word' id='word_1_4' title='bbox 1896 122 1939 168; x_wconf 56' lang='grc' dir='ltr'>ις·</span> 
     </span>
     <span class='ocr_line' id='line_1_2' title="bbox 103 177 1944 232; baseline 0.002 -15"><span class='ocrx_word' id='word_1_5' title='bbox 103 180 261 232; x_wconf 61' lang='lat' dir='ltr'>perpensa</span> <span class='ocrx_word' id='word_1_6' title='bbox 273 177 504 228; x_wconf 65' lang='lat' dir='ltr'>magnitudine</span> <span class='ocrx_word' id='word_1_7' title='bbox 521 182 648 228; x_wconf 85' lang='lat' dir='ltr'>negotij</span> <span class='ocrx_word' id='word_1_8' title='bbox 660 181 751 228; x_wconf 89' lang='lat' dir='ltr'>quod</span> <span class='ocrx_word' id='word_1_9' title='bbox 759 181 947 219; x_wconf 85' lang='lat' dir='ltr'>sustinebat,</span> <span class='ocrx_word' id='word_1_10' title='bbox 956 181 1115 229; x_wconf 87' lang='lat' dir='ltr'>trepidus,</span> <span class='ocrx_word' id='word_1_11' title='bbox 1125 193 1187 216; x_wconf 89' lang='lat' dir='ltr'>nec</span> <span class='ocrx_word' id='word_1_12' title='bbox 1199 180 1266 217; x_wconf 86' lang='lat' dir='ltr'>sine</span> <span class='ocrx_word' id='word_1_13' title='bbox 1281 185 1412 230; x_wconf 83' lang='lat' dir='ltr'>ingenti</span> <span class='ocrx_word' id='word_1_14' title='bbox 1425 180 1634 220; x_wconf 79' lang='lat' dir='ltr'>solicitudine</span> <span class='ocrx_word' id='word_1_15' title='bbox 1644 190 1678 222; x_wconf 87' lang='lat' dir='ltr'>in</span> <span class='ocrx_word' id='word_1_16' title='bbox 1692 197 1732 223; x_wconf 76' lang='lat' dir='ltr'>eo</span> <span class='ocrx_word' id='word_1_17' title='bbox 1744 189 1884 226; x_wconf 63' lang='lat' dir='ltr'>v&#39;ersaius</span> <span class='ocrx_word' id='word_1_18' title='bbox 1894 190 1944 226; x_wconf 64' lang='lat' dir='ltr'>fit}</span> 
     </span>
     <span class='ocr_line' id='line_1_3' title="bbox 103 226 1945 284; baseline 0.005 -19"><span class='ocrx_word' id='word_1_19' title='bbox 103 230 156 265; x_wconf 73' lang='lat' dir='ltr'>‘vel</span> <span class='ocrx_word' id='word_1_20' title='bbox 166 230 259 278; x_wconf 77' lang='lat' dir='ltr'>quod</span> <span class='ocrx_word' id='word_1_21' title='bbox 269 229 380 264; x_wconf 87' lang='lat' dir='ltr'>multis</span> <span class='ocrx_word' id='word_1_22' title='bbox 392 226 548 276; x_wconf 88' lang='lat' dir='ltr'>periculis</span> <span class='ocrx_word' id='word_1_23' title='bbox 558 226 834 277; x_wconf 86' lang='lat' dir='ltr'>circunseptus,in</span> <span class='ocrx_word' id='word_1_24' title='bbox 844 240 1007 278; x_wconf 84' lang='lat' dir='ltr'>perpetuo</span> <span class='ocrx_word' id='word_1_25' title='bbox 1019 232 1140 264; x_wconf 90' lang='lat' dir='ltr'>timore</span> <span class='ocrx_word' id='word_1_26' title='bbox 1152 234 1187 265; x_wconf 72' lang='lat'>3&lt;</span> <span class='ocrx_word' id='word_1_27' title='bbox 1197 233 1361 265; x_wconf 73' lang='lat' dir='ltr'>anxietate</span> <span class='ocrx_word' id='word_1_28' title='bbox 1372 236 1535 266; x_wconf 85' lang='lat' dir='ltr'>continua</span> <span class='ocrx_word' id='word_1_29' title='bbox 1546 231 1653 268; x_wconf 81' lang='lat' dir='ltr'>fuerit.</span> <span class='ocrx_word' id='word_1_30' title='bbox 1671 239 1845 284; x_wconf 88' lang='lat' dir='ltr'>Vtrunque</span> <span class='ocrx_word' id='word_1_31' title='bbox 1861 250 1945 275; x_wconf 86' lang='lat' dir='ltr'>con-</span> 
     </span>
     <span class='ocr_line' id='line_1_4' title="bbox 103 274 1942 326; baseline 0.005 -12"><span class='ocrx_word' id='word_1_32' title='bbox 103 282 209 314; x_wconf 86' lang='lat' dir='ltr'>textui</span> <span class='ocrx_word' id='word_1_33' title='bbox 222 291 293 314; x_wconf 89' lang='lat' dir='ltr'>non</span> <span class='ocrx_word' id='word_1_34' title='bbox 304 275 387 311; x_wconf 72' lang='lat' dir='ltr'>male</span> <span class='ocrx_word' id='word_1_35' title='bbox 399 274 729 323; x_wconf 81' lang='lat' dir='ltr'>quadrat:secundum</span> <span class='ocrx_word' id='word_1_36' title='bbox 741 283 947 318; x_wconf 84' lang='lat' dir='ltr'>tamen(mco</span> <span class='ocrx_word' id='word_1_37' title='bbox 960 278 1146 321; x_wconf 89' lang='lat' dir='ltr'>iudicio)est</span> <span class='ocrx_word' id='word_1_38' title='bbox 1156 277 1348 326; x_wconf 80' lang='lat' dir='ltr'>iiniplicius.</span> <span class='ocrx_word' id='word_1_39' title='bbox 1357 280 1462 314; x_wconf 81' lang='lat' dir='ltr'>Decet</span> <span class='ocrx_word' id='word_1_40' title='bbox 1475 281 1575 326; x_wconf 70' lang='lat' dir='ltr'>quide</span> <span class='ocrx_word' id='word_1_41' title='bbox 1584 280 1651 316; x_wconf 79' lang='lat' dir='ltr'>haec</span> <span class='ocrx_word' id='word_1_42' title='bbox 1663 287 1819 321; x_wconf 78' lang='lat' dir='ltr'>modestia</span> <span class='ocrx_word' id='word_1_43' title='bbox 1831 286 1942 323; x_wconf 75' lang='lat' dir='ltr'>seruos</span> 
     </span>
     <span class='ocr_line' id='line_1_5' title="bbox 103 323 1943 376; baseline 0.006 -16"><span class='ocrx_word' id='word_1_44' title='bbox 103 328 259 364; x_wconf 85' lang='lat' dir='ltr'>Domini,</span> <span class='ocrx_word' id='word_1_45' title='bbox 265 336 298 359; x_wconf 88' lang='lat' dir='ltr'>vt</span> <span class='ocrx_word' id='word_1_46' title='bbox 309 327 444 376; x_wconf 68' lang='lat' dir='ltr'>proprie</span> <span class='ocrx_word' id='word_1_47' title='bbox 456 323 694 359; x_wconf 80' lang='lat' dir='ltr'>imbecillitatis</span> <span class='ocrx_word' id='word_1_48' title='bbox 703 323 879 365; x_wconf 83' lang='lat' dir='ltr'>conscii,&amp;</span> <span class='ocrx_word' id='word_1_49' title='bbox 889 324 1064 360; x_wconf 84' lang='lat' dir='ltr'>exaduerso</span> <span class='ocrx_word' id='word_1_50' title='bbox 1073 323 1302 361; x_wconf 86' lang='lat' dir='ltr'>difficultatem</span> <span class='ocrx_word' id='word_1_51' title='bbox 1315 326 1411 362; x_wconf 80' lang='lat' dir='ltr'>simul</span> <span class='ocrx_word' id='word_1_52' title='bbox 1424 331 1457 362; x_wconf 58' lang='grc' dir='ltr'>ξ(</span> <span class='ocrx_word' id='word_1_53' title='bbox 1464 328 1690 364; x_wconf 82' lang='lat' dir='ltr'>excellentiam</span> <span class='ocrx_word' id='word_1_54' title='bbox 1702 336 1784 366; x_wconf 86' lang='lat' dir='ltr'>tanti</span> <span class='ocrx_word' id='word_1_55' title='bbox 1796 339 1943 371; x_wconf 83' lang='lat' dir='ltr'>muneris</span> 
     </span>
     <span class='ocr_line' id='line_1_6' title="bbox 106 372 1944 429; baseline 0.005 -21"><span class='ocrx_word' id='word_1_56' title='bbox 106 372 517 423; x_wconf 66' lang='lat' dir='ltr'>suspicientes5reuereiitcr</span> <span class='ocrx_word' id='word_1_57' title='bbox 527 377 561 407; x_wconf 68' lang='grc' dir='ltr'>ὃ(</span> <span class='ocrx_word' id='word_1_58' title='bbox 572 384 650 406; x_wconf 88' lang='lat' dir='ltr'>cum</span> <span class='ocrx_word' id='word_1_59' title='bbox 662 377 782 407; x_wconf 89' lang='lat' dir='ltr'>timore</span> <span class='ocrx_word' id='word_1_60' title='bbox 793 372 876 407; x_wconf 89' lang='lat' dir='ltr'>illud</span> <span class='ocrx_word' id='word_1_61' title='bbox 892 373 1024 408; x_wconf 88' lang='lat' dir='ltr'>obeant.</span> <span class='ocrx_word' id='word_1_62' title='bbox 1045 387 1123 409; x_wconf 89' lang='lat' dir='ltr'>nam</span> <span class='ocrx_word' id='word_1_63' title='bbox 1133 376 1192 421; x_wconf 86' lang='lat' dir='ltr'>qui</span> <span class='ocrx_word' id='word_1_64' title='bbox 1202 374 1406 410; x_wconf 85' lang='lat' dir='ltr'>confidenter</span> <span class='ocrx_word' id='word_1_65' title='bbox 1419 379 1451 410; x_wconf 72' lang='grc' dir='ltr'>δε</span> <span class='ocrx_word' id='word_1_66' title='bbox 1464 375 1597 423; x_wconf 68' lang='lat' dir='ltr'>praealto</span> <span class='ocrx_word' id='word_1_67' title='bbox 1609 375 1722 424; x_wconf 86' lang='lat' dir='ltr'>spiritu</span> <span class='ocrx_word' id='word_1_68' title='bbox 1734 378 1763 414; x_wconf 91' lang='lat' dir='ltr'>se</span> <span class='ocrx_word' id='word_1_69' title='bbox 1775 385 1944 429; x_wconf 81' lang='lat' dir='ltr'>ingerunt,</span> 
     </span>
     <span class='ocr_line' id='line_1_7' title="bbox 105 420 1941 474; baseline 0.004 -16"><span class='ocrx_word' id='word_1_70' title='bbox 105 423 159 458; x_wconf 86' lang='lat' dir='ltr'>vel</span> <span class='ocrx_word' id='word_1_71' title='bbox 170 424 229 470; x_wconf 89' lang='lat' dir='ltr'>qui</span> <span class='ocrx_word' id='word_1_72' title='bbox 238 420 346 458; x_wconf 72' lang='lat' dir='ltr'>secure</span> <span class='ocrx_word' id='word_1_73' title='bbox 356 431 412 455; x_wconf 85' lang='lat' dir='ltr'>tan</span> <span class='ocrx_word' id='word_1_74' title='bbox 438 432 516 455; x_wconf 78' lang='lat' dir='ltr'>uam</span> <span class='ocrx_word' id='word_1_75' title='bbox 530 423 624 454; x_wconf 88' lang='lat' dir='ltr'>oneri</span> <span class='ocrx_word' id='word_1_76' title='bbox 635 432 726 469; x_wconf 88' lang='lat' dir='ltr'>pares</span> <span class='ocrx_word' id='word_1_77' title='bbox 734 447 745 461; x_wconf 90' lang='lat'>,</span> <span class='ocrx_word' id='word_1_78' title='bbox 766 420 857 455; x_wconf 87' lang='lat' dir='ltr'>verbi</span> <span class='ocrx_word' id='word_1_79' title='bbox 869 422 1052 456; x_wconf 87' lang='lat' dir='ltr'>ministerio</span> <span class='ocrx_word' id='word_1_80' title='bbox 1072 420 1259 469; x_wconf 84' lang='lat' dir='ltr'>funguntur</span> <span class='ocrx_word' id='word_1_81' title='bbox 1268 447 1278 461; x_wconf 93' lang='lat'><em>,</em></span> <span class='ocrx_word' id='word_1_82' title='bbox 1289 435 1397 470; x_wconf 86' lang='lat' dir='ltr'>neque</span> <span class='ocrx_word' id='word_1_83' title='bbox 1411 422 1439 458; x_wconf 91' lang='lat' dir='ltr'>se</span> <span class='ocrx_word' id='word_1_84' title='bbox 1448 449 1458 462; x_wconf 89' lang='lat'><em>‚</em></span> <span class='ocrx_word' id='word_1_85' title='bbox 1468 436 1576 471; x_wconf 86' lang='lat' dir='ltr'>neque</span> <span class='ocrx_word' id='word_1_86' title='bbox 1585 436 1655 459; x_wconf 88' lang='lat' dir='ltr'>rem</span> <span class='ocrx_word' id='word_1_87' title='bbox 1678 425 1780 474; x_wconf 83' lang='lat' dir='ltr'>ipsam</span> <span class='ocrx_word' id='word_1_88' title='bbox 1804 443 1941 469; x_wconf 82' lang='lat' dir='ltr'>norunt.</span> 
     </span>
     <span class='ocr_line' id='line_1_8' title="bbox 105 433 1946 525; baseline 0.004 -21"><span class='ocrx_word' id='word_1_89' title='bbox 105 471 168 506; x_wconf 86' lang='lat' dir='ltr'>Sed</span> <span class='ocrx_word' id='word_1_90' title='bbox 176 481 281 517; x_wconf 90' lang='lat' dir='ltr'>quum</span> <span class='ocrx_word' id='word_1_91' title='bbox 291 467 346 504; x_wconf 79' lang='lat' dir='ltr'>hic</span> <span class='ocrx_word' id='word_1_92' title='bbox 356 433 475 503; x_wconf 43' lang='lat' dir='ltr'>Pau‘lus</span> <span class='ocrx_word' id='word_1_93' title='bbox 486 470 643 503; x_wconf 88' lang='lat' dir='ltr'>timorem</span> <span class='ocrx_word' id='word_1_94' title='bbox 655 467 841 503; x_wconf 88' lang='lat' dir='ltr'>infirmitati</span> <span class='ocrx_word' id='word_1_95' title='bbox 851 467 1027 516; x_wconf 81' lang='lat' dir='ltr'>subiungat</span> <span class='ocrx_word' id='word_1_96' title='bbox 1038 496 1049 510; x_wconf 89' lang='lat'>‚</span> <span class='ocrx_word' id='word_1_97' title='bbox 1061 475 1093 504; x_wconf 69' lang='grc' dir='ltr'>ὅ(</span> <span class='ocrx_word' id='word_1_98' title='bbox 1106 469 1280 505; x_wconf 75' lang='lat' dir='ltr'>infirmitas</span> <span class='ocrx_word' id='word_1_99' title='bbox 1292 471 1452 519; x_wconf 84' lang='lat' dir='ltr'>iignificet</span> <span class='ocrx_word' id='word_1_100' title='bbox 1463 474 1623 519; x_wconf 83' lang='lat' dir='ltr'>quicquid</span> <span class='ocrx_word' id='word_1_101' title='bbox 1645 488 1721 509; x_wconf 89' lang='lat' dir='ltr'>eum</span> <span class='ocrx_word' id='word_1_102' title='bbox 1741 486 1946 525; x_wconf 84' lang='lat' dir='ltr'>contempti-</span> 
     </span>
     <span class='ocr_line' id='line_1_9' title="bbox 104 514 1945 568; baseline 0.004 -14"><span class='ocrx_word' id='word_1_103' title='bbox 104 517 207 554; x_wconf 83' lang='lat' dir='ltr'>bilem</span> <span class='ocrx_word' id='word_1_104' title='bbox 219 516 349 553; x_wconf 82' lang='lat' dir='ltr'>reddere</span> <span class='ocrx_word' id='word_1_105' title='bbox 360 519 490 564; x_wconf 90' lang='lat' dir='ltr'>potuit:</span> <span class='ocrx_word' id='word_1_106' title='bbox 508 514 714 562; x_wconf 89' lang='lat' dir='ltr'>consequens</span> <span class='ocrx_word' id='word_1_107' title='bbox 725 518 768 551; x_wconf 86' lang='lat' dir='ltr'>est</span> <span class='ocrx_word' id='word_1_108' title='bbox 780 529 815 551; x_wconf 92' lang='lat' dir='ltr'>vt</span> <span class='ocrx_word' id='word_1_109' title='bbox 825 517 879 552; x_wconf 93' lang='lat' dir='ltr'>hic</span> <span class='ocrx_word' id='word_1_110' title='bbox 888 520 991 551; x_wconf 86' lang='lat' dir='ltr'>timor</span> <span class='ocrx_word' id='word_1_111' title='bbox 1002 516 1157 566; x_wconf 85' lang='lat' dir='ltr'>periculis</span> <span class='ocrx_word' id='word_1_112' title='bbox 1169 522 1202 552; x_wconf 71' lang='grc' dir='ltr'>δε</span> <span class='ocrx_word' id='word_1_113' title='bbox 1214 516 1466 555; x_wconf 80' lang='lat' dir='ltr'>difficultatibus</span> <span class='ocrx_word' id='word_1_114' title='bbox 1477 519 1677 568; x_wconf 76' lang='lat' dir='ltr'>respondeat.</span> <span class='ocrx_word' id='word_1_115' title='bbox 1700 526 1745 557; x_wconf 91' lang='lat' dir='ltr'>At</span> <span class='ocrx_word' id='word_1_116' title='bbox 1754 526 1833 558; x_wconf 81' lang='lat' dir='ltr'>vero</span> <span class='ocrx_word' id='word_1_117' title='bbox 1845 527 1945 561; x_wconf 87' lang='lat' dir='ltr'>talem</span> 
     </span>
     <span class='ocr_line' id='line_1_10' title="bbox 106 563 1945 618; baseline 0.004 -18"><span class='ocrx_word' id='word_1_118' title='bbox 106 567 197 600; x_wconf 86' lang='lat' dir='ltr'>hunc</span> <span class='ocrx_word' id='word_1_119' title='bbox 216 563 307 599; x_wconf 71' lang='lat' dir='ltr'>fuisse</span> <span class='ocrx_word' id='word_1_120' title='bbox 330 566 488 598; x_wconf 87' lang='lat' dir='ltr'>timorem</span> <span class='ocrx_word' id='word_1_121' title='bbox 507 575 634 599; x_wconf 88' lang='lat' dir='ltr'>certum</span> <span class='ocrx_word' id='word_1_122' title='bbox 657 563 701 598; x_wconf 88' lang='lat' dir='ltr'>est</span> <span class='ocrx_word' id='word_1_123' title='bbox 711 591 721 605; x_wconf 89' lang='lat'>‚</span> <span class='ocrx_word' id='word_1_124' title='bbox 736 567 795 611; x_wconf 86' lang='lat' dir='ltr'>qui</span> <span class='ocrx_word' id='word_1_125' title='bbox 805 564 944 599; x_wconf 82' lang='lat' dir='ltr'>Paulum</span> <span class='ocrx_word' id='word_1_126' title='bbox 954 565 995 600; x_wconf 89' lang='lat' dir='ltr'>ab</span> <span class='ocrx_word' id='word_1_127' title='bbox 1012 577 1111 613; x_wconf 86' lang='lat' dir='ltr'>opere</span> <span class='ocrx_word' id='word_1_128' title='bbox 1126 567 1272 601; x_wconf 82' lang='lat' dir='ltr'>Domini</span> <span class='ocrx_word' id='word_1_129' title='bbox 1292 569 1484 614; x_wconf 87' lang='lat' dir='ltr'>exequendo</span> <span class='ocrx_word' id='word_1_130' title='bbox 1504 582 1575 603; x_wconf 85' lang='lat' dir='ltr'>non</span> <span class='ocrx_word' id='word_1_131' title='bbox 1585 572 1773 618; x_wconf 84' lang='lat' dir='ltr'>impedierit</span> <span class='ocrx_word' id='word_1_132' title='bbox 1782 599 1793 613; x_wconf 83' lang='lat'>,</span> <span class='ocrx_word' id='word_1_133' title='bbox 1805 571 1884 607; x_wconf 82' lang='lat' dir='ltr'>sicut</span> <span class='ocrx_word' id='word_1_134' title='bbox 1896 587 1945 609; x_wconf 82' lang='lat' dir='ltr'>res</span> 
     </span>
     <span class='ocr_line' id='line_1_11' title="bbox 104 611 1946 667; baseline 0.004 -19"><span class='ocrx_word' id='word_1_135' title='bbox 104 613 247 648; x_wconf 88' lang='lat' dir='ltr'>testatur.</span> <span class='ocrx_word' id='word_1_136' title='bbox 273 614 365 646; x_wconf 88' lang='lat' dir='ltr'>Serui</span> <span class='ocrx_word' id='word_1_137' title='bbox 374 613 518 647; x_wconf 85' lang='lat' dir='ltr'>Domini</span> <span class='ocrx_word' id='word_1_138' title='bbox 529 624 590 647; x_wconf 86' lang='lat' dir='ltr'>nec</span> <span class='ocrx_word' id='word_1_139' title='bbox 602 614 647 647; x_wconf 91' lang='lat' dir='ltr'>ita</span> <span class='ocrx_word' id='word_1_140' title='bbox 657 613 776 660; x_wconf 88' lang='lat' dir='ltr'>stupidi</span> <span class='ocrx_word' id='word_1_141' title='bbox 788 611 862 648; x_wconf 89' lang='lat' dir='ltr'>sunt</span> <span class='ocrx_word' id='word_1_142' title='bbox 870 615 954 660; x_wconf 89' lang='lat' dir='ltr'>quin</span> <span class='ocrx_word' id='word_1_143' title='bbox 973 613 1119 661; x_wconf 86' lang='lat' dir='ltr'>pericula</span> <span class='ocrx_word' id='word_1_144' title='bbox 1137 616 1363 662; x_wconf 79' lang='lat' dir='ltr'>impendentia</span> <span class='ocrx_word' id='word_1_145' title='bbox 1382 618 1530 659; x_wconf 72' lang='lat' dir='ltr'>videant,</span> <span class='ocrx_word' id='word_1_146' title='bbox 1544 630 1603 652; x_wconf 91' lang='lat' dir='ltr'>nec</span> <span class='ocrx_word' id='word_1_147' title='bbox 1614 620 1660 652; x_wconf 89' lang='lat' dir='ltr'>ita</span> <span class='ocrx_word' id='word_1_148' title='bbox 1678 618 1772 654; x_wconf 87' lang='lat' dir='ltr'>ferrei</span> <span class='ocrx_word' id='word_1_149' title='bbox 1783 624 1865 667; x_wconf 87' lang='lat' dir='ltr'>quin</span> <span class='ocrx_word' id='word_1_150' title='bbox 1879 621 1946 657; x_wconf 83' lang='lat' dir='ltr'>illis</span> 
     </span>
     <span class='ocr_line' id='line_1_12' title="bbox 106 658 1944 715; baseline 0.004 -20"><span class='ocrx_word' id='word_1_151' title='bbox 106 672 316 698; x_wconf 85' lang='lat' dir='ltr'>moueantur:</span> <span class='ocrx_word' id='word_1_152' title='bbox 329 662 476 708; x_wconf 60' lang='lat' dir='ltr'>quincti}</span> <span class='ocrx_word' id='word_1_153' title='bbox 485 659 574 695; x_wconf 86' lang='lat' dir='ltr'>affici</span> <span class='ocrx_word' id='word_1_154' title='bbox 586 673 641 694; x_wconf 90' lang='lat' dir='ltr'>eos</span> <span class='ocrx_word' id='word_1_155' title='bbox 652 658 734 694; x_wconf 89' lang='lat' dir='ltr'>serio</span> <span class='ocrx_word' id='word_1_156' title='bbox 743 663 864 696; x_wconf 89' lang='lat' dir='ltr'>timore</span> <span class='ocrx_word' id='word_1_157' title='bbox 873 661 918 696; x_wconf 79' lang='lat' dir='ltr'>ob</span> <span class='ocrx_word' id='word_1_158' title='bbox 928 662 1006 696; x_wconf 87' lang='lat' dir='ltr'>duas</span> <span class='ocrx_word' id='word_1_159' title='bbox 1016 663 1179 710; x_wconf 72' lang='lat' dir='ltr'>praecipue</span> <span class='ocrx_word' id='word_1_160' title='bbox 1188 664 1296 697; x_wconf 80' lang='lat' dir='ltr'>causas</span> <span class='ocrx_word' id='word_1_161' title='bbox 1307 662 1429 698; x_wconf 81' lang='lat' dir='ltr'>neceffe</span> <span class='ocrx_word' id='word_1_162' title='bbox 1441 666 1616 713; x_wconf 75' lang='lat' dir='ltr'>estzncmpe</span> <span class='ocrx_word' id='word_1_163' title='bbox 1627 677 1661 700; x_wconf 89' lang='lat' dir='ltr'>vt</span> <span class='ocrx_word' id='word_1_164' title='bbox 1672 669 1758 715; x_wconf 87' lang='lat' dir='ltr'>apud</span> <span class='ocrx_word' id='word_1_165' title='bbox 1770 667 1799 702; x_wconf 89' lang='lat' dir='ltr'>se</span> <span class='ocrx_word' id='word_1_166' title='bbox 1811 669 1944 709; x_wconf 70' lang='lat' dir='ltr'>deieffl,</span> 
     </span>
     <span class='ocr_line' id='line_1_13' title="bbox 105 707 1946 765; baseline 0.004 -21"><span class='ocrx_word' id='word_1_167' title='bbox 105 708 136 745; x_wconf 89' lang='lat' dir='ltr'>se</span> <span class='ocrx_word' id='word_1_168' title='bbox 145 720 235 744; x_wconf 88' lang='lat' dir='ltr'>totos</span> <span class='ocrx_word' id='word_1_169' title='bbox 246 711 281 743; x_wconf 86' lang='lat' dir='ltr'>in</span> <span class='ocrx_word' id='word_1_170' title='bbox 291 707 399 742; x_wconf 83' lang='lat' dir='ltr'>solum</span> <span class='ocrx_word' id='word_1_171' title='bbox 412 709 524 743; x_wconf 84' lang='lat' dir='ltr'>Deum</span> <span class='ocrx_word' id='word_1_172' title='bbox 535 707 695 744; x_wconf 85' lang='lat' dir='ltr'>inclinare</span> <span class='ocrx_word' id='word_1_173' title='bbox 708 713 741 742; x_wconf 68' lang='grc' dir='ltr'>ὅ(</span> <span class='ocrx_word' id='word_1_174' title='bbox 758 709 948 743; x_wconf 83' lang='lat' dir='ltr'>recumbere</span> <span class='ocrx_word' id='word_1_175' title='bbox 959 709 1101 744; x_wconf 84' lang='lat' dir='ltr'>discant:</span> <span class='ocrx_word' id='word_1_176' title='bbox 1119 711 1239 744; x_wconf 87' lang='lat' dir='ltr'>deinde</span> <span class='ocrx_word' id='word_1_177' title='bbox 1254 723 1290 745; x_wconf 76' lang='lat' dir='ltr'>vt</span> <span class='ocrx_word' id='word_1_178' title='bbox 1300 713 1489 746; x_wconf 85' lang='lat' dir='ltr'>erudiantur</span> <span class='ocrx_word' id='word_1_179' title='bbox 1498 714 1538 746; x_wconf 84' lang='lat' dir='ltr'>ad</span> <span class='ocrx_word' id='word_1_180' title='bbox 1561 725 1669 748; x_wconf 84' lang='lat' dir='ltr'>veram</span> <span class='ocrx_word' id='word_1_181' title='bbox 1692 715 1739 750; x_wconf 89' lang='lat' dir='ltr'>sui</span> <span class='ocrx_word' id='word_1_182' title='bbox 1752 716 1946 765; x_wconf 81' lang='lat' dir='ltr'>abnegatio-</span> 
     </span>
     <span class='ocr_line' id='line_1_14' title="bbox 105 755 1947 814; baseline 0.005 -23"><span class='ocrx_word' id='word_1_183' title='bbox 105 770 196 793; x_wconf 86' lang='lat' dir='ltr'>nem.</span> <span class='ocrx_word' id='word_1_184' title='bbox 205 758 354 791; x_wconf 87' lang='lat' dir='ltr'>Timoris</span> <span class='ocrx_word' id='word_1_185' title='bbox 367 769 445 805; x_wconf 86' lang='lat' dir='ltr'>ergo</span> <span class='ocrx_word' id='word_1_186' title='bbox 458 755 547 791; x_wconf 88' lang='lat' dir='ltr'>sensu</span> <span class='ocrx_word' id='word_1_187' title='bbox 558 768 680 791; x_wconf 90' lang='lat' dir='ltr'>vacuus</span> <span class='ocrx_word' id='word_1_188' title='bbox 692 770 762 791; x_wconf 91' lang='lat' dir='ltr'>non</span> <span class='ocrx_word' id='word_1_189' title='bbox 772 756 835 791; x_wconf 89' lang='lat' dir='ltr'>fuit</span> <span class='ocrx_word' id='word_1_190' title='bbox 844 755 975 792; x_wconf 87' lang='lat' dir='ltr'>Paulus:</span> <span class='ocrx_word' id='word_1_191' title='bbox 985 755 1038 792; x_wconf 85' lang='lat' dir='ltr'>sed</span> <span class='ocrx_word' id='word_1_192' title='bbox 1048 760 1217 793; x_wconf 87' lang='lat' dir='ltr'>itat&#39;imori</span> <span class='ocrx_word' id='word_1_193' title='bbox 1226 761 1403 807; x_wconf 85' lang='lat' dir='ltr'>imperauit</span> <span class='ocrx_word' id='word_1_194' title='bbox 1412 783 1422 798; x_wconf 88' lang='lat'>‚</span> <span class='ocrx_word' id='word_1_195' title='bbox 1434 772 1467 795; x_wconf 89' lang='lat' dir='ltr'>vt</span> <span class='ocrx_word' id='word_1_196' title='bbox 1479 763 1641 808; x_wconf 74' lang='lat' dir='ltr'>intrepide</span> <span class='ocrx_word' id='word_1_197' title='bbox 1651 764 1877 800; x_wconf 85' lang='lat' dir='ltr'>nihilominus</span> <span class='ocrx_word' id='word_1_198' title='bbox 1888 777 1947 814; x_wconf 85' lang='lat' dir='ltr'>per</span> 
     </span>
     <span class='ocr_line' id='line_1_15' title="bbox 109 802 1945 855; baseline 0.005 -15"><span class='ocrx_word' id='word_1_199' title='bbox 109 806 217 840; x_wconf 86' lang='lat' dir='ltr'>media</span> <span class='ocrx_word' id='word_1_200' title='bbox 226 802 416 839; x_wconf 87' lang='lat' dir='ltr'>discrimina</span> <span class='ocrx_word' id='word_1_201' title='bbox 423 815 619 853; x_wconf 78' lang='lat' dir='ltr'>pergeretzvt</span> <span class='ocrx_word' id='word_1_202' title='bbox 629 806 756 839; x_wconf 70' lang='lat' dir='ltr'>inuicta</span> <span class='ocrx_word' id='word_1_203' title='bbox 767 806 951 840; x_wconf 85' lang='lat' dir='ltr'>constantia</span> <span class='ocrx_word' id='word_1_204' title='bbox 961 809 996 841; x_wconf 63' lang='lat' dir='ltr'>Sc</span> <span class='ocrx_word' id='word_1_205' title='bbox 1008 805 1205 841; x_wconf 87' lang='lat' dir='ltr'>fortitudine</span> <span class='ocrx_word' id='word_1_206' title='bbox 1214 819 1376 855; x_wconf 79' lang='lat' dir='ltr'>exciperet</span> <span class='ocrx_word' id='word_1_207' title='bbox 1388 820 1506 844; x_wconf 86' lang='lat' dir='ltr'>omnes</span> <span class='ocrx_word' id='word_1_208' title='bbox 1523 811 1647 845; x_wconf 79' lang='lat' dir='ltr'>Satanae</span> <span class='ocrx_word' id='word_1_209' title='bbox 1659 816 1692 846; x_wconf 63' lang='grc' dir='ltr'>ὃς</span> <span class='ocrx_word' id='word_1_210' title='bbox 1710 814 1828 848; x_wconf 85' lang='lat' dir='ltr'>mundi</span> <span class='ocrx_word' id='word_1_211' title='bbox 1839 814 1945 850; x_wconf 80' lang='lat' dir='ltr'>insul-</span> 
     </span>
     <span class='ocr_line' id='line_1_16' title="bbox 106 851 939 900; baseline -0.002 -11"><span class='ocrx_word' id='word_1_212' title='bbox 106 864 170 889; x_wconf 82' lang='lat' dir='ltr'>tus:</span> <span class='ocrx_word' id='word_1_213' title='bbox 185 854 329 900; x_wconf 89' lang='lat' dir='ltr'>denique</span> <span class='ocrx_word' id='word_1_214' title='bbox 340 863 375 887; x_wconf 91' lang='lat' dir='ltr'>vt</span> <span class='ocrx_word' id='word_1_215' title='bbox 383 856 440 900; x_wconf 86' lang='lat' dir='ltr'>per</span> <span class='ocrx_word' id='word_1_216' title='bbox 451 865 569 888; x_wconf 85' lang='lat' dir='ltr'>onmes</span> <span class='ocrx_word' id='word_1_217' title='bbox 578 861 723 887; x_wconf 81' lang='lat' dir='ltr'>remoras</span> <span class='ocrx_word' id='word_1_218' title='bbox 732 851 939 888; x_wconf 71' lang='lat' dir='ltr'>elustaretur.</span> 
     </span>
    </p>

    <p class='ocr_par' dir='ltr' id='par_1_2' title="bbox 105 899 1946 1528">
     <span class='ocr_line' id='line_1_17' title="bbox 156 899 1944 954; baseline 0.004 -20"><span class='ocrx_word' id='word_1_219' title='bbox 156 912 182 945; x_wconf 83' lang='lat'>4</span> <span class='ocrx_word' id='word_1_220' title='bbox 230 903 273 935; x_wconf 88' lang='lat' dir='ltr'>Et</span> <span class='ocrx_word' id='word_1_221' title='bbox 276 899 443 950; x_wconf 69' lang='lat' dir='ltr'>pradicatio</span> <span class='ocrx_word' id='word_1_222' title='bbox 458 912 524 934; x_wconf 79' lang='lat' dir='ltr'>mea</span> <span class='ocrx_word' id='word_1_223' title='bbox 532 913 592 934; x_wconf 84' lang='lat' dir='ltr'>non</span> <span class='ocrx_word' id='word_1_224' title='bbox 599 903 631 933; x_wconf 83' lang='lat' dir='ltr'>in</span> <span class='ocrx_word' id='word_1_225' title='bbox 635 901 852 949; x_wconf 51' lang='lat' dir='ltr'>perfiiasbriik.)</span> <span class='ocrx_word' id='word_1_226' title='bbox 880 903 985 936; x_wconf 86' lang='lat' dir='ltr'>Vocat</span> <span class='ocrx_word' id='word_1_227' title='bbox 994 901 1195 938; x_wconf 76' lang='lat' dir='ltr'>persuasoria</span> <span class='ocrx_word' id='word_1_228' title='bbox 1205 902 1359 938; x_wconf 84' lang='lat' dir='ltr'>humanae</span> <span class='ocrx_word' id='word_1_229' title='bbox 1369 902 1533 952; x_wconf 68' lang='lat' dir='ltr'>sapientise</span> <span class='ocrx_word' id='word_1_230' title='bbox 1543 906 1650 944; x_wconf 85' lang='lat' dir='ltr'>verba,</span> <span class='ocrx_word' id='word_1_231' title='bbox 1665 908 1857 954; x_wconf 81' lang='lat' dir='ltr'>exquisitam</span> <span class='ocrx_word' id='word_1_232' title='bbox 1870 911 1944 948; x_wconf 84' lang='lat' dir='ltr'>elo..</span> 
     </span>
     <span class='ocr_line' id='line_1_18' title="bbox 107 947 1946 1006; baseline 0.006 -22"><span class='ocrx_word' id='word_1_233' title='bbox 107 951 393 997; x_wconf 82' lang='lat' dir='ltr'>quutionem,quae</span> <span class='ocrx_word' id='word_1_234' title='bbox 402 947 543 983; x_wconf 83' lang='lat' dir='ltr'>artificio</span> <span class='ocrx_word' id='word_1_235' title='bbox 554 951 658 996; x_wconf 85' lang='lat' dir='ltr'>magis</span> <span class='ocrx_word' id='word_1_236' title='bbox 667 950 769 996; x_wconf 69' lang='lat' dir='ltr'>quam</span> <span class='ocrx_word' id='word_1_237' title='bbox 780 951 915 984; x_wconf 85' lang='lat' dir='ltr'>veritate</span> <span class='ocrx_word' id='word_1_238' title='bbox 925 950 1047 984; x_wconf 86' lang='lat' dir='ltr'>ditatur</span> <span class='ocrx_word' id='word_1_239' title='bbox 1055 963 1092 985; x_wconf 90' lang='lat' dir='ltr'>ac</span> <span class='ocrx_word' id='word_1_240' title='bbox 1103 963 1239 1001; x_wconf 81' lang='lat' dir='ltr'>pugnet:</span> <span class='ocrx_word' id='word_1_241' title='bbox 1254 955 1287 986; x_wconf 88' lang='lat'>&amp;</span> <span class='ocrx_word' id='word_1_242' title='bbox 1301 950 1397 987; x_wconf 78' lang='lat' dir='ltr'>simul</span> <span class='ocrx_word' id='word_1_243' title='bbox 1414 952 1603 989; x_wconf 78' lang='lat' dir='ltr'>subtilitatis</span> <span class='ocrx_word' id='word_1_244' title='bbox 1623 954 1764 1003; x_wconf 87' lang='lat' dir='ltr'>speciem</span> <span class='ocrx_word' id='word_1_245' title='bbox 1794 973 1865 1006; x_wconf 83' lang='lat' dir='ltr'>qua:</span> <span class='ocrx_word' id='word_1_246' title='bbox 1882 963 1946 996; x_wconf 87' lang='lat' dir='ltr'>ho-</span> 
     </span>
     <span class='ocr_line' id='line_1_19' title="bbox 109 995 1944 1047; baseline 0.007 -15"><span class='ocrx_word' id='word_1_247' title='bbox 109 1000 241 1032; x_wconf 88' lang='lat' dir='ltr'>minum</span> <span class='ocrx_word' id='word_1_248' title='bbox 251 1007 375 1032; x_wconf 87' lang='lat' dir='ltr'>mentes</span> <span class='ocrx_word' id='word_1_249' title='bbox 385 996 517 1032; x_wconf 83' lang='lat' dir='ltr'>alliciat.</span> <span class='ocrx_word' id='word_1_250' title='bbox 529 998 573 1031; x_wconf 84' lang='lat' dir='ltr'>Et</span> <span class='ocrx_word' id='word_1_251' title='bbox 583 999 703 1032; x_wconf 73' lang='lat' dir='ltr'>merito</span> <span class='ocrx_word' id='word_1_252' title='bbox 715 999 868 1032; x_wconf 84' lang='lat' dir='ltr'>humanae</span> <span class='ocrx_word' id='word_1_253' title='bbox 879 995 1042 1045; x_wconf 58' lang='lat' dir='ltr'>sapientise</span> <span class='ocrx_word' id='word_1_254' title='bbox 1052 998 1169 1034; x_wconf 87' lang='lat' dir='ltr'>tribuit</span> <span class='ocrx_word' id='word_1_255' title='bbox 1177 1001 1211 1033; x_wconf 71' lang='grc' dir='ltr'>τὲ</span> <span class='ocrx_word' id='word_1_256' title='bbox 1220 1001 1340 1035; x_wconf 58' lang='grc' dir='ltr'>πιθανόν.</span> <span class='ocrx_word' id='word_1_257' title='bbox 1368 1001 1512 1036; x_wconf 83' lang='lat' dir='ltr'>Verbum</span> <span class='ocrx_word' id='word_1_258' title='bbox 1526 1006 1617 1037; x_wconf 89' lang='lat' dir='ltr'>enim</span> <span class='ocrx_word' id='word_1_259' title='bbox 1636 1006 1768 1047; x_wconf 80' lang='lat' dir='ltr'>domini</span> <span class='ocrx_word' id='word_1_260' title='bbox 1779 1010 1944 1044; x_wconf 78' lang='lat' dir='ltr'>maiestate</span> 
     </span>
     <span class='ocr_line' id='line_1_20' title="bbox 110 1042 1944 1097; baseline 0.005 -17"><span class='ocrx_word' id='word_1_261' title='bbox 110 1043 165 1080; x_wconf 86' lang='lat' dir='ltr'>sua</span> <span class='ocrx_word' id='word_1_262' title='bbox 173 1057 334 1092; x_wconf 80' lang='lat' dir='ltr'>tanquam</span> <span class='ocrx_word' id='word_1_263' title='bbox 344 1043 497 1079; x_wconf 86' lang='lat' dir='ltr'>violento</span> <span class='ocrx_word' id='word_1_264' title='bbox 509 1042 733 1093; x_wconf 85' lang='lat' dir='ltr'>impulsu,nos</span> <span class='ocrx_word' id='word_1_265' title='bbox 742 1046 783 1079; x_wconf 84' lang='lat' dir='ltr'>ad</span> <span class='ocrx_word' id='word_1_266' title='bbox 793 1045 979 1080; x_wconf 67' lang='lat' dir='ltr'>obedienda</span> <span class='ocrx_word' id='word_1_267' title='bbox 991 1045 1050 1081; x_wconf 85' lang='lat' dir='ltr'>sibi</span> <span class='ocrx_word' id='word_1_268' title='bbox 1061 1048 1315 1095; x_wconf 74' lang='lat' dir='ltr'>cogitthumana</span> <span class='ocrx_word' id='word_1_269' title='bbox 1324 1053 1399 1084; x_wconf 72' lang='lat' dir='ltr'>aute</span> <span class='ocrx_word' id='word_1_270' title='bbox 1410 1048 1564 1097; x_wconf 78' lang='lat' dir='ltr'>sapientia</span> <span class='ocrx_word' id='word_1_271' title='bbox 1576 1049 1645 1087; x_wconf 86' lang='lat' dir='ltr'>suas</span> <span class='ocrx_word' id='word_1_272' title='bbox 1659 1052 1758 1088; x_wconf 84' lang='lat' dir='ltr'>habet</span> <span class='ocrx_word' id='word_1_273' title='bbox 1777 1054 1944 1092; x_wconf 72' lang='lat' dir='ltr'>illecebras</span> 
     </span>
     <span class='ocr_line' id='line_1_21' title="bbox 107 1091 1945 1146; baseline 0.006 -18"><span class='ocrx_word' id='word_1_274' title='bbox 107 1093 231 1140; x_wconf 84' lang='lat' dir='ltr'>quibus</span> <span class='ocrx_word' id='word_1_275' title='bbox 247 1098 384 1141; x_wconf 80' lang='lat' dir='ltr'>irrepat,</span> <span class='ocrx_word' id='word_1_276' title='bbox 398 1096 432 1127; x_wconf 74' lang='grc' dir='ltr'>δι</span> <span class='ocrx_word' id='word_1_277' title='bbox 444 1091 539 1129; x_wconf 87' lang='lat' dir='ltr'>suum</span> <span class='ocrx_word' id='word_1_278' title='bbox 551 1092 639 1141; x_wconf 80' lang='lat' dir='ltr'>quasi</span> <span class='ocrx_word' id='word_1_279' title='bbox 651 1093 861 1129; x_wconf 88' lang='lat' dir='ltr'>lenocinium</span> <span class='ocrx_word' id='word_1_280' title='bbox 878 1106 947 1141; x_wconf 86' lang='lat' dir='ltr'>quo</span> <span class='ocrx_word' id='word_1_281' title='bbox 962 1093 1020 1129; x_wconf 84' lang='lat' dir='ltr'>sibi</span> <span class='ocrx_word' id='word_1_282' title='bbox 1030 1096 1188 1130; x_wconf 87' lang='lat' dir='ltr'>conciliet</span> <span class='ocrx_word' id='word_1_283' title='bbox 1201 1099 1389 1132; x_wconf 86' lang='lat' dir='ltr'>auditorum</span> <span class='ocrx_word' id='word_1_284' title='bbox 1400 1102 1542 1133; x_wconf 87' lang='lat' dir='ltr'>animos.</span> <span class='ocrx_word' id='word_1_285' title='bbox 1560 1101 1650 1136; x_wconf 83' lang='lat' dir='ltr'>Huic</span> <span class='ocrx_word' id='word_1_286' title='bbox 1669 1100 1945 1146; x_wconf 77' lang='lat' dir='ltr'>demonstrationem</span> 
     </span>
     <span class='ocr_line' id='line_1_22' title="bbox 106 1141 1944 1201; baseline 0.007 -26"><span class='ocrx_word' id='word_1_287' title='bbox 106 1143 239 1190; x_wconf 74' lang='lat' dir='ltr'>Spiritus</span> <span class='ocrx_word' id='word_1_288' title='bbox 249 1146 288 1182; x_wconf 65' lang='grc' dir='ltr'>ὠ·</span> <span class='ocrx_word' id='word_1_289' title='bbox 295 1145 427 1188; x_wconf 65' lang='lat' dir='ltr'>potentia</span> <span class='ocrx_word' id='word_1_290' title='bbox 437 1144 695 1194; x_wconf 82' lang='lat' dir='ltr'>opponit:quam</span> <span class='ocrx_word' id='word_1_291' title='bbox 707 1141 857 1190; x_wconf 82' lang='lat' dir='ltr'>plerique</span> <span class='ocrx_word' id='word_1_292' title='bbox 865 1144 904 1176; x_wconf 88' lang='lat' dir='ltr'>ad</span> <span class='ocrx_word' id='word_1_293' title='bbox 917 1143 1075 1178; x_wconf 78' lang='lat' dir='ltr'>miracula</span> <span class='ocrx_word' id='word_1_294' title='bbox 1083 1145 1292 1192; x_wconf 84' lang='lat' dir='ltr'>restringunt:</span> <span class='ocrx_word' id='word_1_295' title='bbox 1306 1159 1368 1193; x_wconf 75' lang='lat' dir='ltr'>ego</span> <span class='ocrx_word' id='word_1_296' title='bbox 1379 1157 1489 1181; x_wconf 83' lang='lat' dir='ltr'>autem</span> <span class='ocrx_word' id='word_1_297' title='bbox 1500 1147 1596 1182; x_wconf 86' lang='lat' dir='ltr'>latius</span> <span class='ocrx_word' id='word_1_298' title='bbox 1607 1151 1673 1184; x_wconf 87' lang='lat' dir='ltr'>acci</span> <span class='ocrx_word' id='word_1_299' title='bbox 1677 1153 1872 1200; x_wconf 86' lang='lat' dir='ltr'>pio,nempe</span> <span class='ocrx_word' id='word_1_300' title='bbox 1881 1162 1944 1201; x_wconf 81' lang='lat' dir='ltr'>pro</span> 
     </span>
     <span class='ocr_line' id='line_1_23' title="bbox 107 1190 1943 1248; baseline 0.006 -24"><span class='ocrx_word' id='word_1_301' title='bbox 107 1202 212 1225; x_wconf 89' lang='lat' dir='ltr'>manu</span> <span class='ocrx_word' id='word_1_302' title='bbox 221 1191 286 1224; x_wconf 90' lang='lat' dir='ltr'>Dei</span> <span class='ocrx_word' id='word_1_303' title='bbox 295 1200 449 1238; x_wconf 89' lang='lat' dir='ltr'>potenter</span> <span class='ocrx_word' id='word_1_304' title='bbox 459 1195 490 1223; x_wconf 84' lang='lat' dir='ltr'>le</span> <span class='ocrx_word' id='word_1_305' title='bbox 501 1190 610 1225; x_wconf 88' lang='lat' dir='ltr'>modis</span> <span class='ocrx_word' id='word_1_306' title='bbox 619 1190 779 1230; x_wconf 83' lang='lat' dir='ltr'>omnibus</span> <span class='ocrx_word' id='word_1_307' title='bbox 790 1203 846 1243; x_wconf 88' lang='lat' dir='ltr'>per</span> <span class='ocrx_word' id='word_1_308' title='bbox 855 1190 1057 1238; x_wconf 83' lang='lat' dir='ltr'>Apostolum</span> <span class='ocrx_word' id='word_1_309' title='bbox 1069 1204 1227 1227; x_wconf 85' lang='lat' dir='ltr'>exerente.</span> <span class='ocrx_word' id='word_1_310' title='bbox 1241 1195 1401 1242; x_wconf 84' lang='lat' dir='ltr'>Spiritum</span> <span class='ocrx_word' id='word_1_311' title='bbox 1413 1199 1446 1229; x_wconf 62' lang='grc' dir='ltr'>δι’</span> <span class='ocrx_word' id='word_1_312' title='bbox 1460 1198 1712 1242; x_wconf 81' lang='lat' dir='ltr'>potentiam‚vel</span> <span class='ocrx_word' id='word_1_313' title='bbox 1721 1211 1782 1246; x_wconf 89' lang='lat' dir='ltr'>pro</span> <span class='ocrx_word' id='word_1_314' title='bbox 1793 1199 1882 1248; x_wconf 88' lang='lat' dir='ltr'>spirit</span> <span class='ocrx_word' id='word_1_315' title='bbox 1888 1215 1943 1236; x_wconf 87' lang='lat' dir='ltr'>ua·</span> 
     </span>
     <span class='ocr_line' id='line_1_24' title="bbox 106 1237 1942 1296; baseline 0.007 -24"><span class='ocrx_word' id='word_1_316' title='bbox 106 1237 133 1272; x_wconf 89' lang='lat' dir='ltr'>li</span> <span class='ocrx_word' id='word_1_317' title='bbox 141 1239 272 1287; x_wconf 61' lang='lat' dir='ltr'>petitia</span> <span class='ocrx_word' id='word_1_318' title='bbox 281 1237 337 1271; x_wconf 64' lang='grc' dir='ltr'>καθ’</span> <span class='ocrx_word' id='word_1_319' title='bbox 345 1238 662 1277; x_wconf 49' lang='lat' dir='ltr'>&amp;animandum</span> <span class='ocrx_word' id='word_1_320' title='bbox 670 1237 819 1287; x_wconf 86' lang='lat' dir='ltr'>posuisse:</span> <span class='ocrx_word' id='word_1_321' title='bbox 841 1238 892 1273; x_wconf 89' lang='lat' dir='ltr'>vel</span> <span class='ocrx_word' id='word_1_322' title='bbox 906 1238 990 1272; x_wconf 73' lang='lat' dir='ltr'>certe</span> <span class='ocrx_word' id='word_1_323' title='bbox 1000 1241 1034 1273; x_wconf 88' lang='lat' dir='ltr'>vi</span> <span class='ocrx_word' id='word_1_324' title='bbox 1044 1251 1101 1286; x_wconf 83' lang='lat' dir='ltr'>per</span> <span class='ocrx_word' id='word_1_325' title='bbox 1113 1239 1202 1287; x_wconf 85' lang='lat' dir='ltr'>signa</span> <span class='ocrx_word' id='word_1_326' title='bbox 1213 1247 1245 1276; x_wconf 68' lang='grc' dir='ltr'>ὅ(</span> <span class='ocrx_word' id='word_1_327' title='bbox 1259 1240 1392 1277; x_wconf 67' lang='lat' dir='ltr'>effectus</span> <span class='ocrx_word' id='word_1_328' title='bbox 1405 1256 1582 1290; x_wconf 82' lang='lat' dir='ltr'>exponeret</span> <span class='ocrx_word' id='word_1_329' title='bbox 1591 1246 1731 1292; x_wconf 84' lang='lat' dir='ltr'>qualiter</span> <span class='ocrx_word' id='word_1_330' title='bbox 1746 1250 1942 1296; x_wconf 81' lang='lat' dir='ltr'>apparuiss&#39;et</span> 
     </span>
     <span class='ocr_line' id='line_1_25' title="bbox 107 1283 1945 1344; baseline 0.007 -23"><span class='ocrx_word' id='word_1_331' title='bbox 107 1288 145 1321; x_wconf 88' lang='lat' dir='ltr'>in</span> <span class='ocrx_word' id='word_1_332' title='bbox 154 1286 213 1321; x_wconf 88' lang='lat' dir='ltr'>suo</span> <span class='ocrx_word' id='word_1_333' title='bbox 227 1286 409 1322; x_wconf 85' lang='lat' dir='ltr'>ministerio</span> <span class='ocrx_word' id='word_1_334' title='bbox 418 1283 586 1334; x_wconf 80' lang='lat' dir='ltr'>praesentia</span> <span class='ocrx_word' id='word_1_335' title='bbox 594 1288 746 1336; x_wconf 73' lang='lat' dir='ltr'>Spiritus·</span> <span class='ocrx_word' id='word_1_336' title='bbox 756 1289 794 1320; x_wconf 90' lang='lat' dir='ltr'>Et</span> <span class='ocrx_word' id='word_1_337' title='bbox 804 1287 879 1333; x_wconf 68' lang='lat' dir='ltr'>apte</span> <span class='ocrx_word' id='word_1_338' title='bbox 889 1289 1030 1321; x_wconf 84' lang='lat' dir='ltr'>nomine</span> <span class='ocrx_word' id='word_1_339' title='bbox 1039 1291 1194 1329; x_wconf 57' lang='lat' dir='ltr'>xnvaen&#39;gme</span> <span class='ocrx_word' id='word_1_340' title='bbox 1203 1289 1256 1322; x_wconf 84' lang='lat' dir='ltr'>vel</span> <span class='ocrx_word' id='word_1_341' title='bbox 1267 1291 1555 1327; x_wconf 82' lang='lat' dir='ltr'>demonstrationis</span> <span class='ocrx_word' id='word_1_342' title='bbox 1565 1293 1636 1328; x_wconf 87' lang='lat' dir='ltr'>vsus</span> <span class='ocrx_word' id='word_1_343' title='bbox 1647 1295 1700 1328; x_wconf 90' lang='lat' dir='ltr'>est.</span> <span class='ocrx_word' id='word_1_344' title='bbox 1708 1307 1785 1330; x_wconf 87' lang='lat' dir='ltr'>nam</span> <span class='ocrx_word' id='word_1_345' title='bbox 1798 1310 1868 1344; x_wconf 79' lang='lat' dir='ltr'>quze</span> <span class='ocrx_word' id='word_1_346' title='bbox 1880 1310 1945 1333; x_wconf 77' lang='lat' dir='ltr'>no—</span> 
     </span>
     <span class='ocr_line' id='line_1_26' title="bbox 108 1333 1944 1391; baseline 0.007 -23"><span class='ocrx_word' id='word_1_347' title='bbox 108 1335 172 1370; x_wconf 87' lang='lat' dir='ltr'>stra</span> <span class='ocrx_word' id='word_1_348' title='bbox 179 1335 224 1369; x_wconf 88' lang='lat' dir='ltr'>est</span> <span class='ocrx_word' id='word_1_349' title='bbox 235 1337 271 1369; x_wconf 87' lang='lat' dir='ltr'>in</span> <span class='ocrx_word' id='word_1_350' title='bbox 279 1333 520 1370; x_wconf 80' lang='lat' dir='ltr'>considerandis</span> <span class='ocrx_word' id='word_1_351' title='bbox 542 1336 608 1370; x_wconf 88' lang='lat' dir='ltr'>Dei</span> <span class='ocrx_word' id='word_1_352' title='bbox 618 1334 773 1383; x_wconf 89' lang='lat' dir='ltr'>operibus</span> <span class='ocrx_word' id='word_1_353' title='bbox 785 1334 952 1369; x_wconf 85' lang='lat' dir='ltr'>habetudo</span> <span class='ocrx_word' id='word_1_354' title='bbox 960 1357 971 1372; x_wconf 83' lang='lat'>,</span> <span class='ocrx_word' id='word_1_355' title='bbox 980 1347 1087 1381; x_wconf 91' lang='lat' dir='ltr'>quum</span> <span class='ocrx_word' id='word_1_356' title='bbox 1096 1336 1229 1371; x_wconf 86' lang='lat' dir='ltr'>adhibet</span> <span class='ocrx_word' id='word_1_357' title='bbox 1239 1336 1395 1372; x_wconf 85' lang='lat' dir='ltr'>inferiora</span> <span class='ocrx_word' id='word_1_358' title='bbox 1404 1351 1527 1386; x_wconf 85' lang='lat' dir='ltr'>organa</span> <span class='ocrx_word' id='word_1_359' title='bbox 1536 1366 1546 1380; x_wconf 89' lang='lat'>‚</span> <span class='ocrx_word' id='word_1_360' title='bbox 1558 1341 1645 1387; x_wconf 84' lang='lat' dir='ltr'>quasi</span> <span class='ocrx_word' id='word_1_361' title='bbox 1657 1342 1735 1377; x_wconf 88' lang='lat' dir='ltr'>velis</span> <span class='ocrx_word' id='word_1_362' title='bbox 1747 1345 1944 1391; x_wconf 85' lang='lat' dir='ltr'>quibusdam</span> 
     </span>
     <span class='ocr_line' id='line_1_27' title="bbox 107 1381 1943 1442; baseline 0.006 -24"><span class='ocrx_word' id='word_1_363' title='bbox 107 1382 242 1419; x_wconf 57' lang='lat' dir='ltr'>obtecta</span> <span class='ocrx_word' id='word_1_364' title='bbox 251 1384 295 1418; x_wconf 87' lang='lat' dir='ltr'>est</span> <span class='ocrx_word' id='word_1_365' title='bbox 304 1386 374 1419; x_wconf 88' lang='lat' dir='ltr'>eius</span> <span class='ocrx_word' id='word_1_366' title='bbox 385 1385 488 1418; x_wconf 83' lang='lat' dir='ltr'>virtus</span> <span class='ocrx_word' id='word_1_367' title='bbox 500 1406 511 1422; x_wconf 89' lang='lat'>‚</span> <span class='ocrx_word' id='word_1_368' title='bbox 521 1387 706 1430; x_wconf 87' lang='lat' dir='ltr'>quominus</span> <span class='ocrx_word' id='word_1_369' title='bbox 726 1383 856 1430; x_wconf 75' lang='lat' dir='ltr'>liquido</span> <span class='ocrx_word' id='word_1_370' title='bbox 867 1381 965 1417; x_wconf 86' lang='lat' dir='ltr'>nobis</span> <span class='ocrx_word' id='word_1_371' title='bbox 975 1394 1100 1430; x_wconf 82' lang='lat' dir='ltr'>pateat:</span> <span class='ocrx_word' id='word_1_372' title='bbox 1114 1386 1150 1418; x_wconf 89' lang='lat' dir='ltr'>in</span> <span class='ocrx_word' id='word_1_373' title='bbox 1161 1384 1255 1419; x_wconf 88' lang='lat' dir='ltr'>Pauli</span> <span class='ocrx_word' id='word_1_374' title='bbox 1265 1397 1376 1420; x_wconf 87' lang='lat' dir='ltr'>autem</span> <span class='ocrx_word' id='word_1_375' title='bbox 1398 1388 1579 1422; x_wconf 82' lang='lat' dir='ltr'>ministerio</span> <span class='ocrx_word' id='word_1_376' title='bbox 1592 1394 1825 1440; x_wconf 81' lang='lat' dir='ltr'>promouendo</span> <span class='ocrx_word' id='word_1_377' title='bbox 1835 1417 1844 1431; x_wconf 94' lang='lat'>‚</span> <span class='ocrx_word' id='word_1_378' title='bbox 1864 1398 1943 1442; x_wconf 76' lang='lat' dir='ltr'>quia</span> 
     </span>
     <span class='ocr_line' id='line_1_28' title="bbox 105 1429 1944 1491; baseline 0.006 -25"><span class='ocrx_word' id='word_1_379' title='bbox 105 1430 242 1468; x_wconf 79' lang='lat' dir='ltr'>nullum</span> <span class='ocrx_word' id='word_1_380' title='bbox 258 1433 366 1467; x_wconf 88' lang='lat' dir='ltr'>carnis</span> <span class='ocrx_word' id='word_1_381' title='bbox 375 1443 432 1466; x_wconf 88' lang='lat' dir='ltr'>aut</span> <span class='ocrx_word' id='word_1_382' title='bbox 444 1432 563 1467; x_wconf 84' lang='lat' dir='ltr'>mundi</span> <span class='ocrx_word' id='word_1_383' title='bbox 583 1430 828 1467; x_wconf 84' lang='lat' dir='ltr'>adminiculum</span> <span class='ocrx_word' id='word_1_384' title='bbox 838 1429 1054 1478; x_wconf 81' lang='lat' dir='ltr'>operabatur,</span> <span class='ocrx_word' id='word_1_385' title='bbox 1067 1431 1157 1479; x_wconf 84' lang='lat' dir='ltr'>quasi</span> <span class='ocrx_word' id='word_1_386' title='bbox 1164 1431 1259 1467; x_wconf 89' lang='lat' dir='ltr'>nulla</span> <span class='ocrx_word' id='word_1_387' title='bbox 1274 1435 1339 1468; x_wconf 91' lang='lat' dir='ltr'>Dei</span> <span class='ocrx_word' id='word_1_388' title='bbox 1351 1446 1468 1469; x_wconf 85' lang='lat' dir='ltr'>manus</span> <span class='ocrx_word' id='word_1_389' title='bbox 1482 1433 1512 1469; x_wconf 91' lang='lat' dir='ltr'>se</span> <span class='ocrx_word' id='word_1_390' title='bbox 1524 1438 1718 1483; x_wconf 67' lang='lat' dir='ltr'>proterebat.</span> <span class='ocrx_word' id='word_1_391' title='bbox 1739 1443 1826 1476; x_wconf 71' lang='lat' dir='ltr'>cette</span> <span class='ocrx_word' id='word_1_392' title='bbox 1836 1445 1944 1491; x_wconf 68' lang='lat' dir='ltr'>magis</span> 
     </span>
     <span class='ocr_line' id='line_1_29' title="bbox 108 1477 571 1528; baseline 0 -14"><span class='ocrx_word' id='word_1_393' title='bbox 108 1477 291 1528; x_wconf 87' lang='lat' dir='ltr'>conspicua</span> <span class='ocrx_word' id='word_1_394' title='bbox 300 1490 367 1514; x_wconf 90' lang='lat' dir='ltr'>etat</span> <span class='ocrx_word' id='word_1_395' title='bbox 376 1481 446 1514; x_wconf 90' lang='lat' dir='ltr'>eius</span> <span class='ocrx_word' id='word_1_396' title='bbox 454 1481 571 1514; x_wconf 87' lang='lat' dir='ltr'>virtus.</span> 
     </span>
    </p>

    <p class='ocr_par' dir='ltr' id='par_1_3' title="bbox 102 1524 1943 1722">
     <span class='ocr_line' id='line_1_30' title="bbox 155 1524 1941 1581; baseline 0.007 -21"><span class='ocrx_word' id='word_1_397' title='bbox 155 1538 172 1574; x_wconf 83' lang='lat'>5</span> <span class='ocrx_word' id='word_1_398' title='bbox 214 1529 247 1563; x_wconf 85' lang='lat' dir='ltr'><em>V</em></span> <span class='ocrx_word' id='word_1_399' title='bbox 250 1539 263 1561; x_wconf 85' lang='lat' dir='ltr'>t</span> <span class='ocrx_word' id='word_1_400' title='bbox 264 1526 347 1574; x_wconf 85' lang='lat' dir='ltr'>fides</span> <span class='ocrx_word' id='word_1_401' title='bbox 355 1527 454 1570; x_wconf 71' lang='lat' dir='ltr'>vestra</span> <span class='ocrx_word' id='word_1_402' title='bbox 463 1539 523 1565; x_wconf 82' lang='lat' dir='ltr'>non</span> <span class='ocrx_word' id='word_1_403' title='bbox 533 1526 718 1574; x_wconf 57' lang='lat' dir='ltr'>insipientia</span> <span class='ocrx_word' id='word_1_404' title='bbox 733 1525 909 1569; x_wconf 76' lang='lat' dir='ltr'>hominum.)</span> <span class='ocrx_word' id='word_1_405' title='bbox 921 1524 1063 1565; x_wconf 71' lang='lat' dir='ltr'>Esse,h&#39;ic</span> <span class='ocrx_word' id='word_1_406' title='bbox 1070 1539 1133 1576; x_wconf 89' lang='lat' dir='ltr'>pro</span> <span class='ocrx_word' id='word_1_407' title='bbox 1143 1526 1326 1564; x_wconf 84' lang='lat' dir='ltr'>Confistere</span> <span class='ocrx_word' id='word_1_408' title='bbox 1337 1531 1545 1578; x_wconf 79' lang='lat' dir='ltr'>capiturzhoc</span> <span class='ocrx_word' id='word_1_409' title='bbox 1555 1543 1633 1581; x_wconf 82' lang='lat' dir='ltr'>ergo</span> <span class='ocrx_word' id='word_1_410' title='bbox 1644 1532 1727 1569; x_wconf 91' lang='lat' dir='ltr'>boni</span> <span class='ocrx_word' id='word_1_411' title='bbox 1740 1536 1941 1574; x_wconf 74' lang='lat' dir='ltr'>Corinthios</span> 
     </span>
     <span class='ocr_line' id='line_1_31' title="bbox 106 1574 1943 1635; baseline 0.005 -24"><span class='ocrx_word' id='word_1_412' title='bbox 106 1575 230 1612; x_wconf 87' lang='lat' dir='ltr'>habere</span> <span class='ocrx_word' id='word_1_413' title='bbox 238 1574 452 1624; x_wconf 83' lang='lat' dir='ltr'>fignificat,ex</span> <span class='ocrx_word' id='word_1_414' title='bbox 464 1589 504 1610; x_wconf 90' lang='lat' dir='ltr'>eo</span> <span class='ocrx_word' id='word_1_415' title='bbox 512 1575 607 1624; x_wconf 75' lang='lat' dir='ltr'>‘quod</span> <span class='ocrx_word' id='word_1_416' title='bbox 615 1587 686 1609; x_wconf 88' lang='lat' dir='ltr'>non</span> <span class='ocrx_word' id='word_1_417' title='bbox 698 1574 845 1609; x_wconf 83' lang='lat' dir='ltr'>humana</span> <span class='ocrx_word' id='word_1_418' title='bbox 853 1574 1010 1625; x_wconf 83' lang='lat' dir='ltr'>sapientia</span> <span class='ocrx_word' id='word_1_419' title='bbox 1020 1574 1222 1625; x_wconf 86' lang='lat' dir='ltr'>fretus‚apud</span> <span class='ocrx_word' id='word_1_420' title='bbox 1233 1589 1289 1612; x_wconf 87' lang='lat' dir='ltr'>eos</span> <span class='ocrx_word' id='word_1_421' title='bbox 1300 1578 1471 1613; x_wconf 84' lang='lat' dir='ltr'>Christum</span> <span class='ocrx_word' id='word_1_422' title='bbox 1482 1582 1716 1628; x_wconf 82' lang='lat' dir='ltr'>praedicauerit:</span> <span class='ocrx_word' id='word_1_423' title='bbox 1728 1583 1783 1618; x_wconf 81' lang='lat' dir='ltr'>sed</span> <span class='ocrx_word' id='word_1_424' title='bbox 1792 1583 1859 1620; x_wconf 76' lang='lat' dir='ltr'>sola</span> <span class='ocrx_word' id='word_1_425' title='bbox 1870 1589 1943 1635; x_wconf 73' lang='lat' dir='ltr'>Spi-</span> 
     </span>
     <span class='ocr_line' id='line_1_32' title="bbox 104 1621 1943 1680; baseline 0.005 -21"><span class='ocrx_word' id='word_1_426' title='bbox 104 1626 193 1660; x_wconf 80' lang='lat' dir='ltr'>ritus</span> <span class='ocrx_word' id='word_1_427' title='bbox 202 1626 336 1666; x_wconf 84' lang='lat' dir='ltr'>virtute,</span> <span class='ocrx_word' id='word_1_428' title='bbox 350 1634 383 1658; x_wconf 86' lang='lat' dir='ltr'>vt</span> <span class='ocrx_word' id='word_1_429' title='bbox 393 1622 470 1658; x_wconf 87' lang='lat' dir='ltr'>fides</span> <span class='ocrx_word' id='word_1_430' title='bbox 481 1634 597 1658; x_wconf 86' lang='lat' dir='ltr'>eorum</span> <span class='ocrx_word' id='word_1_431' title='bbox 607 1621 743 1657; x_wconf 81' lang='lat' dir='ltr'>fundata</span> <span class='ocrx_word' id='word_1_432' title='bbox 752 1622 871 1659; x_wconf 73' lang='lat' dir='ltr'>sitnon</span> <span class='ocrx_word' id='word_1_433' title='bbox 893 1627 928 1659; x_wconf 91' lang='lat' dir='ltr'>in</span> <span class='ocrx_word' id='word_1_434' title='bbox 939 1624 1136 1659; x_wconf 86' lang='lat' dir='ltr'>hominibus</span> <span class='ocrx_word' id='word_1_435' title='bbox 1145 1648 1156 1663; x_wconf 93' lang='lat'><em>‚</em></span> <span class='ocrx_word' id='word_1_436' title='bbox 1166 1623 1265 1660; x_wconf 85' lang='lat' dir='ltr'>sedin</span> <span class='ocrx_word' id='word_1_437' title='bbox 1276 1626 1361 1661; x_wconf 84' lang='lat' dir='ltr'>Deo.</span> <span class='ocrx_word' id='word_1_438' title='bbox 1372 1628 1405 1661; x_wconf 86' lang='lat' dir='ltr'>Si</span> <span class='ocrx_word' id='word_1_439' title='bbox 1415 1626 1499 1662; x_wconf 87' lang='lat' dir='ltr'>fulta</span> <span class='ocrx_word' id='word_1_440' title='bbox 1518 1628 1625 1664; x_wconf 84' lang='lat' dir='ltr'>fuiffet</span> <span class='ocrx_word' id='word_1_441' title='bbox 1643 1629 1717 1666; x_wconf 90' lang='lat' dir='ltr'>solis</span> <span class='ocrx_word' id='word_1_442' title='bbox 1744 1631 1943 1680; x_wconf 68' lang='lat' dir='ltr'>eloquentiae</span> 
     </span>
     <span class='ocr_line' id='line_1_33' title="bbox 102 1668 1943 1722; baseline 0.005 -15"><span class='ocrx_word' id='word_1_443' title='bbox 102 1672 233 1708; x_wconf 83' lang='lat' dir='ltr'>viribus</span> <span class='ocrx_word' id='word_1_444' title='bbox 243 1670 397 1720; x_wconf 78' lang='lat' dir='ltr'>Apostoli</span> <span class='ocrx_word' id='word_1_445' title='bbox 406 1671 736 1719; x_wconf 82' lang='lat' dir='ltr'>praedicatio,potetat</span> <span class='ocrx_word' id='word_1_446' title='bbox 743 1668 886 1706; x_wconf 89' lang='lat' dir='ltr'>subuerti</span> <span class='ocrx_word' id='word_1_447' title='bbox 898 1675 1023 1707; x_wconf 86' lang='lat' dir='ltr'>maiore</span> <span class='ocrx_word' id='word_1_448' title='bbox 1033 1672 1236 1720; x_wconf 80' lang='lat' dir='ltr'>eloquentia:</span> <span class='ocrx_word' id='word_1_449' title='bbox 1246 1675 1365 1709; x_wconf 89' lang='lat' dir='ltr'>deinde</span> <span class='ocrx_word' id='word_1_450' title='bbox 1373 1688 1475 1711; x_wconf 89' lang='lat' dir='ltr'>nemo</span> <span class='ocrx_word' id='word_1_451' title='bbox 1486 1674 1621 1714; x_wconf 79' lang='lat' dir='ltr'>solidam</span> <span class='ocrx_word' id='word_1_452' title='bbox 1630 1683 1802 1715; x_wconf 85' lang='lat' dir='ltr'>veritatem</span> <span class='ocrx_word' id='word_1_453' title='bbox 1812 1682 1943 1722; x_wconf 84' lang='lat' dir='ltr'>dixerit,</span> 
     </span>
    </p>

    <p class='ocr_par' dir='ltr' id='par_1_4' title="bbox 101 1718 1946 2251">
     <span class='ocr_line' id='line_1_34' title="bbox 132 1718 1945 1778; baseline 0.006 -24"><span class='ocrx_word' id='word_1_454' title='bbox 132 1733 181 1756; x_wconf 88' lang='lat' dir='ltr'>uae</span> <span class='ocrx_word' id='word_1_455' title='bbox 190 1718 362 1768; x_wconf 81' lang='lat' dir='ltr'>splendore</span> <span class='ocrx_word' id='word_1_456' title='bbox 372 1721 535 1754; x_wconf 84' lang='lat' dir='ltr'>orationis</span> <span class='ocrx_word' id='word_1_457' title='bbox 542 1719 831 1754; x_wconf 76' lang='lat' dir='ltr'>nitaturzadiuuari</span> <span class='ocrx_word' id='word_1_458' title='bbox 847 1720 947 1768; x_wconf 71' lang='lat' dir='ltr'>quide</span> <span class='ocrx_word' id='word_1_459' title='bbox 958 1720 1130 1768; x_wconf 83' lang='lat' dir='ltr'>potest‚sed</span> <span class='ocrx_word' id='word_1_460' title='bbox 1142 1725 1206 1756; x_wconf 89' lang='lat' dir='ltr'>niti</span> <span class='ocrx_word' id='word_1_461' title='bbox 1216 1726 1262 1757; x_wconf 76' lang='lat' dir='ltr'>no</span> <span class='ocrx_word' id='word_1_462' title='bbox 1273 1722 1590 1761; x_wconf 85' lang='lat' dir='ltr'>debet.Validissima</span> <span class='ocrx_word' id='word_1_463' title='bbox 1598 1729 1673 1762; x_wconf 69' lang='lat' dir='ltr'>aute</span> <span class='ocrx_word' id='word_1_464' title='bbox 1683 1727 1720 1762; x_wconf 83' lang='lat' dir='ltr'>sit</span> <span class='ocrx_word' id='word_1_465' title='bbox 1730 1739 1945 1778; x_wconf 51' lang='lat' dir='ltr'>oportetque</span> 
     </span>
     <span class='ocr_line' id='line_1_35' title="bbox 103 1733 1943 1821; baseline 0.005 -17"><span class='ocrx_word' id='word_1_466' title='bbox 103 1733 252 1804; x_wconf 57' lang='lat' dir='ltr'>Hibsidfis</span> <span class='ocrx_word' id='word_1_467' title='bbox 263 1765 424 1803; x_wconf 87' lang='lat' dir='ltr'>omnibus</span> <span class='ocrx_word' id='word_1_468' title='bbox 435 1767 589 1802; x_wconf 83' lang='lat' dir='ltr'>destituta</span> <span class='ocrx_word' id='word_1_469' title='bbox 601 1793 611 1808; x_wconf 89' lang='lat'><em>,</em></span> <span class='ocrx_word' id='word_1_470' title='bbox 623 1779 680 1816; x_wconf 91' lang='lat' dir='ltr'>per</span> <span class='ocrx_word' id='word_1_471' title='bbox 689 1765 719 1801; x_wconf 90' lang='lat' dir='ltr'>se</span> <span class='ocrx_word' id='word_1_472' title='bbox 727 1766 794 1815; x_wconf 84' lang='lat' dir='ltr'>ipsa</span> <span class='ocrx_word' id='word_1_473' title='bbox 803 1761 966 1803; x_wconf 69' lang='lat' dir='ltr'>consistit:</span> <span class='ocrx_word' id='word_1_474' title='bbox 978 1782 1078 1816; x_wconf 88' lang='lat' dir='ltr'>quare</span> <span class='ocrx_word' id='word_1_475' title='bbox 1089 1772 1209 1804; x_wconf 89' lang='lat' dir='ltr'>eximia</span> <span class='ocrx_word' id='word_1_476' title='bbox 1219 1769 1263 1804; x_wconf 89' lang='lat' dir='ltr'>est</span> <span class='ocrx_word' id='word_1_477' title='bbox 1274 1771 1419 1806; x_wconf 77' lang='lat' dir='ltr'>Paulina:</span> <span class='ocrx_word' id='word_1_478' title='bbox 1428 1775 1669 1821; x_wconf 77' lang='lat' dir='ltr'>praedicationis</span> <span class='ocrx_word' id='word_1_479' title='bbox 1679 1788 1791 1811; x_wconf 87' lang='lat' dir='ltr'>comm</span> <span class='ocrx_word' id='word_1_480' title='bbox 1797 1780 1943 1819; x_wconf 81' lang='lat' dir='ltr'>endario.</span> 
     </span>
     <span class='ocr_line' id='line_1_36' title="bbox 105 1814 1944 1870; baseline 0.007 -20"><span class='ocrx_word' id='word_1_481' title='bbox 105 1817 200 1865; x_wconf 74' lang='lat' dir='ltr'>quod</span> <span class='ocrx_word' id='word_1_482' title='bbox 209 1814 341 1852; x_wconf 76' lang='lat' dir='ltr'>caelestis</span> <span class='ocrx_word' id='word_1_483' title='bbox 350 1817 454 1851; x_wconf 87' lang='lat' dir='ltr'>virtus</span> <span class='ocrx_word' id='word_1_484' title='bbox 463 1818 500 1851; x_wconf 87' lang='lat' dir='ltr'>in</span> <span class='ocrx_word' id='word_1_485' title='bbox 510 1829 546 1851; x_wconf 87' lang='lat' dir='ltr'>ea</span> <span class='ocrx_word' id='word_1_486' title='bbox 555 1815 598 1850; x_wconf 85' lang='lat' dir='ltr'>sic</span> <span class='ocrx_word' id='word_1_487' title='bbox 606 1818 763 1850; x_wconf 87' lang='lat' dir='ltr'>enituerit</span> <span class='ocrx_word' id='word_1_488' title='bbox 772 1839 782 1854; x_wconf 92' lang='lat'>‚</span> <span class='ocrx_word' id='word_1_489' title='bbox 791 1827 827 1851; x_wconf 89' lang='lat' dir='ltr'>vt</span> <span class='ocrx_word' id='word_1_490' title='bbox 843 1816 1032 1865; x_wconf 82' lang='lat' dir='ltr'>praeualeret</span> <span class='ocrx_word' id='word_1_491' title='bbox 1048 1815 1199 1853; x_wconf 87' lang='lat' dir='ltr'>aduersus</span> <span class='ocrx_word' id='word_1_492' title='bbox 1217 1830 1270 1854; x_wconf 85' lang='lat' dir='ltr'>tot</span> <span class='ocrx_word' id='word_1_493' title='bbox 1281 1821 1521 1868; x_wconf 83' lang='lat' dir='ltr'>impedimenta</span> <span class='ocrx_word' id='word_1_494' title='bbox 1531 1847 1542 1861; x_wconf 88' lang='lat'><em>‚</em></span> <span class='ocrx_word' id='word_1_495' title='bbox 1555 1836 1660 1870; x_wconf 88' lang='lat' dir='ltr'>quum</span> <span class='ocrx_word' id='word_1_496' title='bbox 1680 1825 1766 1859; x_wconf 90' lang='lat' dir='ltr'>nihil</span> <span class='ocrx_word' id='word_1_497' title='bbox 1782 1824 1915 1862; x_wconf 89' lang='lat' dir='ltr'>haberet</span> <span class='ocrx_word' id='word_1_498' title='bbox 1925 1831 1944 1863; x_wconf 73' lang='lat' dir='ltr'>a</span> 
     </span>
     <span class='ocr_line' id='line_1_37' title="bbox 105 1861 1946 1916; baseline 0.006 -16"><span class='ocrx_word' id='word_1_499' title='bbox 105 1865 236 1900; x_wconf 86' lang='lat' dir='ltr'>mundo</span> <span class='ocrx_word' id='word_1_500' title='bbox 245 1861 384 1911; x_wconf 83' lang='lat' dir='ltr'>subsidij.</span> <span class='ocrx_word' id='word_1_501' title='bbox 394 1865 506 1898; x_wconf 85' lang='lat' dir='ltr'>Restat</span> <span class='ocrx_word' id='word_1_502' title='bbox 518 1866 621 1912; x_wconf 83' lang='lat' dir='ltr'>igitur</span> <span class='ocrx_word' id='word_1_503' title='bbox 629 1877 671 1898; x_wconf 93' lang='lat' dir='ltr'>ne</span> <span class='ocrx_word' id='word_1_504' title='bbox 682 1863 722 1899; x_wconf 89' lang='lat' dir='ltr'>ab</span> <span class='ocrx_word' id='word_1_505' title='bbox 734 1867 803 1899; x_wconf 91' lang='lat' dir='ltr'>eius</span> <span class='ocrx_word' id='word_1_506' title='bbox 813 1865 965 1902; x_wconf 67' lang='lat' dir='ltr'>doCfflna</span> <span class='ocrx_word' id='word_1_507' title='bbox 974 1867 1115 1913; x_wconf 69' lang='lat' dir='ltr'>patiatur</span> <span class='ocrx_word' id='word_1_508' title='bbox 1128 1864 1158 1901; x_wconf 92' lang='lat' dir='ltr'>se</span> <span class='ocrx_word' id='word_1_509' title='bbox 1168 1868 1352 1909; x_wconf 88' lang='lat' dir='ltr'>demoueri,</span> <span class='ocrx_word' id='word_1_510' title='bbox 1373 1882 1475 1916; x_wconf 88' lang='lat' dir='ltr'>quam</span> <span class='ocrx_word' id='word_1_511' title='bbox 1486 1872 1552 1906; x_wconf 91' lang='lat' dir='ltr'>Dei</span> <span class='ocrx_word' id='word_1_512' title='bbox 1562 1872 1761 1908; x_wconf 86' lang='lat' dir='ltr'>authoritate</span> <span class='ocrx_word' id='word_1_513' title='bbox 1772 1872 1946 1912; x_wconf 78' lang='lat' dir='ltr'>subnixam</span> 
     </span>
     <span class='ocr_line' id='line_1_38' title="bbox 103 1910 1942 1963; baseline 0.006 -15"><span class='ocrx_word' id='word_1_514' title='bbox 103 1911 166 1948; x_wconf 78' lang='lat' dir='ltr'>effe</span> <span class='ocrx_word' id='word_1_515' title='bbox 175 1910 371 1962; x_wconf 83' lang='lat' dir='ltr'>agnoscunt.</span> <span class='ocrx_word' id='word_1_516' title='bbox 386 1913 552 1948; x_wconf 71' lang='lat' dir='ltr'>Caeterum</span> <span class='ocrx_word' id='word_1_517' title='bbox 561 1915 606 1947; x_wconf 89' lang='lat' dir='ltr'>ita</span> <span class='ocrx_word' id='word_1_518' title='bbox 615 1912 736 1947; x_wconf 86' lang='lat' dir='ltr'>Paulus</span> <span class='ocrx_word' id='word_1_519' title='bbox 746 1914 785 1947; x_wconf 90' lang='lat' dir='ltr'>de</span> <span class='ocrx_word' id='word_1_520' title='bbox 794 1911 856 1948; x_wconf 86' lang='lat' dir='ltr'>fide</span> <span class='ocrx_word' id='word_1_521' title='bbox 866 1914 1127 1949; x_wconf 89' lang='lat' dir='ltr'>Corinthiorum</span> <span class='ocrx_word' id='word_1_522' title='bbox 1138 1914 1193 1950; x_wconf 76' lang='lat' dir='ltr'>hic</span> <span class='ocrx_word' id='word_1_523' title='bbox 1203 1914 1372 1963; x_wconf 88' lang='lat' dir='ltr'>loquitur,</span> <span class='ocrx_word' id='word_1_524' title='bbox 1393 1929 1429 1952; x_wconf 87' lang='lat' dir='ltr'>vt</span> <span class='ocrx_word' id='word_1_525' title='bbox 1441 1917 1478 1953; x_wconf 86' lang='lat' dir='ltr'>sit</span> <span class='ocrx_word' id='word_1_526' title='bbox 1487 1918 1557 1954; x_wconf 84' lang='lat' dir='ltr'>haec</span> <span class='ocrx_word' id='word_1_527' title='bbox 1566 1919 1757 1956; x_wconf 80' lang='lat' dir='ltr'>vniuersalis</span> <span class='ocrx_word' id='word_1_528' title='bbox 1771 1920 1942 1959; x_wconf 84' lang='lat' dir='ltr'>sententia.</span> 
     </span>
     <span class='ocr_line' id='line_1_39' title="bbox 105 1959 1941 2015; baseline 0.005 -18"><span class='ocrx_word' id='word_1_529' title='bbox 105 1963 257 1998; x_wconf 83' lang='lat' dir='ltr'>Sciamus</span> <span class='ocrx_word' id='word_1_530' title='bbox 265 1973 344 2009; x_wconf 84' lang='lat' dir='ltr'>ergo</span> <span class='ocrx_word' id='word_1_531' title='bbox 355 1961 420 1996; x_wconf 90' lang='lat' dir='ltr'>hoc</span> <span class='ocrx_word' id='word_1_532' title='bbox 431 1963 605 2009; x_wconf 86' lang='lat' dir='ltr'>proprium</span> <span class='ocrx_word' id='word_1_533' title='bbox 615 1959 676 1995; x_wconf 84' lang='lat' dir='ltr'>effe</span> <span class='ocrx_word' id='word_1_534' title='bbox 686 1959 810 2000; x_wconf 87' lang='lat' dir='ltr'>fidei‚vt</span> <span class='ocrx_word' id='word_1_535' title='bbox 820 1964 854 1996; x_wconf 90' lang='lat' dir='ltr'>in</span> <span class='ocrx_word' id='word_1_536' title='bbox 865 1960 936 1996; x_wconf 87' lang='lat' dir='ltr'>solo</span> <span class='ocrx_word' id='word_1_537' title='bbox 947 1963 1023 1997; x_wconf 90' lang='lat' dir='ltr'>Deo</span> <span class='ocrx_word' id='word_1_538' title='bbox 1034 1962 1300 2010; x_wconf 86' lang='lat' dir='ltr'>acquiescat,n0n</span> <span class='ocrx_word' id='word_1_539' title='bbox 1311 1977 1422 2001; x_wconf 87' lang='lat' dir='ltr'>autem</span> <span class='ocrx_word' id='word_1_540' title='bbox 1432 1969 1572 2015; x_wconf 81' lang='lat' dir='ltr'>pendeat</span> <span class='ocrx_word' id='word_1_541' title='bbox 1581 1968 1621 2004; x_wconf 84' lang='lat' dir='ltr'>ab</span> <span class='ocrx_word' id='word_1_542' title='bbox 1633 1970 1841 2006; x_wconf 84' lang='lat' dir='ltr'>hominibus.</span> <span class='ocrx_word' id='word_1_543' title='bbox 1867 1984 1941 2008; x_wconf 81' lang='lat' dir='ltr'>tan-</span> 
     </span>
     <span class='ocr_line' id='line_1_40' title="bbox 103 2007 1945 2066; baseline 0.006 -21"><span class='ocrx_word' id='word_1_544' title='bbox 103 2021 174 2046; x_wconf 79' lang='lat' dir='ltr'>tam</span> <span class='ocrx_word' id='word_1_545' title='bbox 183 2011 275 2044; x_wconf 83' lang='lat' dir='ltr'>enim</span> <span class='ocrx_word' id='word_1_546' title='bbox 286 2013 355 2044; x_wconf 88' lang='lat' dir='ltr'>eius</span> <span class='ocrx_word' id='word_1_547' title='bbox 365 2010 598 2044; x_wconf 89' lang='lat' dir='ltr'>certitudinem</span> <span class='ocrx_word' id='word_1_548' title='bbox 611 2007 672 2044; x_wconf 82' lang='lat' dir='ltr'>esse</span> <span class='ocrx_word' id='word_1_549' title='bbox 680 2021 902 2057; x_wconf 86' lang='lat' dir='ltr'>oportet,quae</span> <span class='ocrx_word' id='word_1_550' title='bbox 913 2024 954 2045; x_wconf 88' lang='lat' dir='ltr'>ne</span> <span class='ocrx_word' id='word_1_551' title='bbox 967 2010 1127 2046; x_wconf 88' lang='lat' dir='ltr'>omnibus</span> <span class='ocrx_word' id='word_1_552' title='bbox 1138 2013 1273 2058; x_wconf 88' lang='lat' dir='ltr'>quidem</span> <span class='ocrx_word' id='word_1_553' title='bbox 1286 2013 1469 2050; x_wconf 88' lang='lat' dir='ltr'>inferorum</span> <span class='ocrx_word' id='word_1_554' title='bbox 1482 2016 1644 2052; x_wconf 84' lang='lat' dir='ltr'>machinis</span> <span class='ocrx_word' id='word_1_555' title='bbox 1655 2020 1814 2066; x_wconf 87' lang='lat' dir='ltr'>impedita</span> <span class='ocrx_word' id='word_1_556' title='bbox 1827 2024 1945 2056; x_wconf 89' lang='lat' dir='ltr'>conci-</span> 
     </span>
     <span class='ocr_line' id='line_1_41' title="bbox 103 2054 1943 2112; baseline 0.007 -21"><span class='ocrx_word' id='word_1_557' title='bbox 103 2054 225 2096; x_wconf 84' lang='lat' dir='ltr'>dat‚sed</span> <span class='ocrx_word' id='word_1_558' title='bbox 237 2058 398 2093; x_wconf 69' lang='lat' dir='ltr'>constater</span> <span class='ocrx_word' id='word_1_559' title='bbox 407 2057 502 2092; x_wconf 88' lang='lat' dir='ltr'>duret</span> <span class='ocrx_word' id='word_1_560' title='bbox 510 2070 547 2092; x_wconf 90' lang='lat' dir='ltr'>ac</span> <span class='ocrx_word' id='word_1_561' title='bbox 557 2056 709 2093; x_wconf 90' lang='lat' dir='ltr'>sustineat</span> <span class='ocrx_word' id='word_1_562' title='bbox 721 2071 839 2093; x_wconf 84' lang='lat' dir='ltr'>omnes</span> <span class='ocrx_word' id='word_1_563' title='bbox 850 2057 1001 2094; x_wconf 77' lang='lat' dir='ltr'>insultus.</span> <span class='ocrx_word' id='word_1_564' title='bbox 1012 2061 1088 2094; x_wconf 85' lang='lat' dir='ltr'>Hoc</span> <span class='ocrx_word' id='word_1_565' title='bbox 1100 2059 1169 2094; x_wconf 86' lang='lat' dir='ltr'>fieri</span> <span class='ocrx_word' id='word_1_566' title='bbox 1179 2061 1371 2108; x_wconf 82' lang='lat' dir='ltr'>nequit,nisi</span> <span class='ocrx_word' id='word_1_567' title='bbox 1381 2064 1472 2098; x_wconf 66' lang='lat' dir='ltr'>certo</span> <span class='ocrx_word' id='word_1_568' title='bbox 1483 2062 1620 2112; x_wconf 72' lang='lat' dir='ltr'>persuasi</span> <span class='ocrx_word' id='word_1_569' title='bbox 1630 2064 1740 2103; x_wconf 49' lang='lat' dir='ltr'>simusi</span> <span class='ocrx_word' id='word_1_570' title='bbox 1756 2068 1866 2102; x_wconf 90' lang='lat' dir='ltr'>Deum</span> <span class='ocrx_word' id='word_1_571' title='bbox 1878 2082 1943 2104; x_wconf 85' lang='lat' dir='ltr'>no-</span> 
     </span>
     <span class='ocr_line' id='line_1_42' title="bbox 101 2104 1943 2167; baseline 0.005 -25"><span class='ocrx_word' id='word_1_572' title='bbox 101 2106 156 2142; x_wconf 85' lang='lat' dir='ltr'>bis</span> <span class='ocrx_word' id='word_1_573' title='bbox 166 2106 349 2154; x_wconf 77' lang='lat' dir='ltr'>loquutum</span> <span class='ocrx_word' id='word_1_574' title='bbox 358 2104 503 2143; x_wconf 84' lang='lat' dir='ltr'>effe,n0n</span> <span class='ocrx_word' id='word_1_575' title='bbox 515 2105 697 2141; x_wconf 88' lang='lat' dir='ltr'>hominum</span> <span class='ocrx_word' id='word_1_576' title='bbox 709 2105 769 2141; x_wconf 82' lang='lat' dir='ltr'>esse</span> <span class='ocrx_word' id='word_1_577' title='bbox 780 2105 980 2155; x_wconf 83' lang='lat' dir='ltr'>figmentum</span> <span class='ocrx_word' id='word_1_578' title='bbox 990 2109 1080 2154; x_wconf 64' lang='lat' dir='ltr'>&lt;prod</span> <span class='ocrx_word' id='word_1_579' title='bbox 1089 2110 1298 2144; x_wconf 82' lang='lat' dir='ltr'>credidimus.</span> <span class='ocrx_word' id='word_1_580' title='bbox 1343 2112 1547 2158; x_wconf 78' lang='lat' dir='ltr'>anuam</span> <span class='ocrx_word' id='word_1_581' title='bbox 1558 2125 1669 2149; x_wconf 89' lang='lat' dir='ltr'>autem</span> <span class='ocrx_word' id='word_1_582' title='bbox 1681 2116 1814 2167; x_wconf 72' lang='lat' dir='ltr'>proprie</span> <span class='ocrx_word' id='word_1_583' title='bbox 1824 2119 1857 2151; x_wconf 92' lang='lat' dir='ltr'>in</span> <span class='ocrx_word' id='word_1_584' title='bbox 1869 2114 1943 2152; x_wconf 80' lang='lat' dir='ltr'>solo</span> 
     </span>
     <span class='ocr_line' id='line_1_43' title="bbox 102 2152 1942 2208; baseline 0.006 -19"><span class='ocrx_word' id='word_1_585' title='bbox 102 2157 170 2192; x_wconf 89' lang='lat' dir='ltr'>Dei</span> <span class='ocrx_word' id='word_1_586' title='bbox 178 2153 279 2190; x_wconf 85' lang='lat' dir='ltr'>verbo</span> <span class='ocrx_word' id='word_1_587' title='bbox 289 2152 388 2189; x_wconf 84' lang='lat' dir='ltr'>fidem</span> <span class='ocrx_word' id='word_1_588' title='bbox 400 2165 533 2202; x_wconf 81' lang='lat' dir='ltr'>oportet</span> <span class='ocrx_word' id='word_1_589' title='bbox 540 2153 573 2189; x_wconf 84' lang='lat' dir='ltr'>su</span> <span class='ocrx_word' id='word_1_590' title='bbox 578 2155 756 2192; x_wconf 76' lang='lat' dir='ltr'>ndarimon</span> <span class='ocrx_word' id='word_1_591' title='bbox 767 2167 879 2190; x_wconf 89' lang='lat' dir='ltr'>tamen</span> <span class='ocrx_word' id='word_1_592' title='bbox 889 2154 1023 2190; x_wconf 76' lang='lat' dir='ltr'>absurde</span> <span class='ocrx_word' id='word_1_593' title='bbox 1033 2154 1173 2191; x_wconf 80' lang='lat' dir='ltr'>secunda</span> <span class='ocrx_word' id='word_1_594' title='bbox 1182 2157 1251 2193; x_wconf 79' lang='lat' dir='ltr'>hae&#39;c</span> <span class='ocrx_word' id='word_1_595' title='bbox 1261 2157 1384 2193; x_wconf 85' lang='lat' dir='ltr'>fultura</span> <span class='ocrx_word' id='word_1_596' title='bbox 1393 2161 1595 2208; x_wconf 81' lang='lat' dir='ltr'>adiungitur,</span> <span class='ocrx_word' id='word_1_597' title='bbox 1608 2174 1643 2198; x_wconf 80' lang='lat' dir='ltr'>vt</span> <span class='ocrx_word' id='word_1_598' title='bbox 1656 2162 1697 2196; x_wconf 85' lang='lat' dir='ltr'>ab</span> <span class='ocrx_word' id='word_1_599' title='bbox 1708 2164 1824 2199; x_wconf 63' lang='lat' dir='ltr'>effectu</span> <span class='ocrx_word' id='word_1_600' title='bbox 1839 2168 1942 2200; x_wconf 82' lang='lat' dir='ltr'>virtu-</span> 
     </span>
     <span class='ocr_line' id='line_1_44' title="bbox 104 2198 1251 2251; baseline 0.003 -14"><span class='ocrx_word' id='word_1_601' title='bbox 104 2207 148 2240; x_wconf 89' lang='lat' dir='ltr'>tis</span> <span class='ocrx_word' id='word_1_602' title='bbox 156 2201 337 2251; x_wconf 82' lang='lat' dir='ltr'>agnoscant</span> <span class='ocrx_word' id='word_1_603' title='bbox 347 2201 456 2237; x_wconf 87' lang='lat' dir='ltr'>fideles</span> <span class='ocrx_word' id='word_1_604' title='bbox 463 2198 655 2250; x_wconf 65' lang='lat' dir='ltr'>&#39;profectum</span> <span class='ocrx_word' id='word_1_605' title='bbox 665 2198 725 2237; x_wconf 83' lang='lat' dir='ltr'>esse</span> <span class='ocrx_word' id='word_1_606' title='bbox 734 2204 752 2237; x_wconf 75' lang='lat' dir='ltr'>a</span> <span class='ocrx_word' id='word_1_607' title='bbox 761 2205 836 2238; x_wconf 89' lang='lat' dir='ltr'>Deo</span> <span class='ocrx_word' id='word_1_608' title='bbox 846 2202 985 2238; x_wconf 87' lang='lat' dir='ltr'>verbum</span> <span class='ocrx_word' id='word_1_609' title='bbox 998 2205 1090 2251; x_wconf 88' lang='lat' dir='ltr'>quod</span> <span class='ocrx_word' id='word_1_610' title='bbox 1101 2206 1251 2242; x_wconf 86' lang='lat' dir='ltr'>audiunt.</span> 
     </span>
    </p>
   </div>
   <div class='ocr_carea' id='block_1_2' title="bbox 99 2254 2129 2714">
    <p class='ocr_par' dir='ltr' id='par_1_5' title="bbox 102 2254 1943 2375">
     <span class='ocr_line' id='line_1_45' title="bbox 159 2254 1943 2327; baseline 0.008 -28"><span class='ocrx_word' id='word_1_611' title='bbox 159 2264 183 2299; x_wconf 82' lang='lat'>6</span> <span class='ocrx_word' id='word_1_612' title='bbox 239 2257 343 2299; x_wconf 58' lang='lat' dir='ltr'>Porri</span> <span class='ocrx_word' id='word_1_613' title='bbox 341 2254 551 2313; x_wconf 73' lang='lat' dir='ltr'>fhpieatiaem</span> <span class='ocrx_word' id='word_1_614' title='bbox 558 2259 738 2315; x_wconf 78' lang='lat' dir='ltr'>loquimur</span> <span class='ocrx_word' id='word_1_615' title='bbox 743 2262 837 2300; x_wconf 76' lang='lat' dir='ltr'>inter</span> <span class='ocrx_word' id='word_1_616' title='bbox 836 2258 1024 2316; x_wconf 66' lang='lat' dir='ltr'>petfebi‘os:</span> <span class='ocrx_word' id='word_1_617' title='bbox 1027 2255 1237 2316; x_wconf 73' lang='lat' dir='ltr'>fipientiam</span> <span class='ocrx_word' id='word_1_618' title='bbox 1248 2259 1390 2319; x_wconf 78' lang='lat' dir='ltr'>quidem</span> <span class='ocrx_word' id='word_1_619' title='bbox 1399 2264 1585 2319; x_wconf 78' lang='lat' dir='ltr'>non&#39;ficuli</span> <span class='ocrx_word' id='word_1_620' title='bbox 1595 2268 1709 2317; x_wconf 74' lang='lat' dir='ltr'>huius,</span> <span class='ocrx_word' id='word_1_621' title='bbox 1722 2276 1943 2327; x_wconf 62' lang='lat' dir='ltr'>nequeprina</span> 
     </span>
     <span class='ocr_line' id='line_1_46' title="bbox 102 2312 1263 2375; baseline -0.002 -20"><span class='ocrx_word' id='word_1_622' title='bbox 102 2321 219 2372; x_wconf 77' lang='lat' dir='ltr'>cipum</span> <span class='ocrx_word' id='word_1_623' title='bbox 216 2312 326 2369; x_wconf 69' lang='lat' dir='ltr'>J&#39;eculi</span> <span class='ocrx_word' id='word_1_624' title='bbox 336 2314 518 2370; x_wconf 76' lang='lat' dir='ltr'>huius,qui</span> <span class='ocrx_word' id='word_1_625' title='bbox 526 2314 730 2356; x_wconf 50' lang='lat' dir='ltr'>abolentur?</span> <span class='ocrx_word' id='word_1_626' title='bbox 1259 2371 1263 2375; x_wconf 76' lang='lat'><strong>.</strong></span> 
     </span>
    </p>

    <p class='ocr_par' dir='ltr' id='par_1_6' title="bbox 104 2369 1942 2484">
     <span class='ocr_line' id='line_1_47' title="bbox 162 2369 1942 2437; baseline 0.002 -25"><span class='ocrx_word' id='word_1_627' title='bbox 162 2386 190 2423; x_wconf 92' lang='lat'><em>7</em></span> <span class='ocrx_word' id='word_1_628' title='bbox 243 2370 309 2412; x_wconf 77' lang='lat' dir='ltr'>Sed</span> <span class='ocrx_word' id='word_1_629' title='bbox 314 2369 701 2428; x_wconf 72' lang='lat' dir='ltr'>loquimurſspientiaem</span> <span class='ocrx_word' id='word_1_630' title='bbox 710 2375 778 2413; x_wconf 73' lang='lat' dir='ltr'>Dei</span> <span class='ocrx_word' id='word_1_631' title='bbox 786 2374 826 2412; x_wconf 78' lang='lat' dir='ltr'>in</span> <span class='ocrx_word' id='word_1_632' title='bbox 833 2372 1075 2430; x_wconf 61' lang='lat' dir='ltr'>mysterioque</span> <span class='ocrx_word' id='word_1_633' title='bbox 1085 2374 1132 2429; x_wconf 84' lang='lat' dir='ltr'>est</span> <span class='ocrx_word' id='word_1_634' title='bbox 1138 2376 1315 2418; x_wconf 79' lang='lat' dir='ltr'>recondita</span> <span class='ocrx_word' id='word_1_635' title='bbox 1330 2394 1338 2416; x_wconf 73' lang='grc' dir='ltr'>ε</span> <span class='ocrx_word' id='word_1_636' title='bbox 1349 2373 1647 2437; x_wconf 68' lang='lat' dir='ltr'>quampraefiniuit</span> <span class='ocrx_word' id='word_1_637' title='bbox 1658 2389 1753 2424; x_wconf 84' lang='lat' dir='ltr'>Deus</span> <span class='ocrx_word' id='word_1_638' title='bbox 1761 2394 1845 2424; x_wconf 82' lang='lat' dir='ltr'>ante</span> <span class='ocrx_word' id='word_1_639' title='bbox 1842 2381 1942 2436; x_wconf 71' lang='lat' dir='ltr'>fica.</span> 
     </span>
     <span class='ocr_line' id='line_1_48' title="bbox 104 2427 529 2484; baseline 0 -16"><span class='ocrx_word' id='word_1_640' title='bbox 104 2429 144 2468; x_wconf 73' lang='lat' dir='ltr'>la</span> <span class='ocrx_word' id='word_1_641' title='bbox 157 2427 359 2484; x_wconf 72' lang='lat' dir='ltr'>ingloriam</span> <span class='ocrx_word' id='word_1_642' title='bbox 366 2427 529 2482; x_wconf 63' lang='lat' dir='ltr'>nostram,</span> 
     </span>
    </p>

    <p class='ocr_par' dir='ltr' id='par_1_7' title="bbox 241 2481 1942 2549">
     <span class='ocr_line' id='line_1_49' title="bbox 241 2481 1942 2549; baseline 0.008 -26"><span class='ocrx_word' id='word_1_643' title='bbox 241 2486 366 2537; x_wconf 57' lang='lat' dir='ltr'>Quam</span> <span class='ocrx_word' id='word_1_644' title='bbox 373 2481 783 2543; x_wconf 76' lang='lat' dir='ltr'>nemoprincipunifi’euli</span> <span class='ocrx_word' id='word_1_645' title='bbox 795 2483 898 2526; x_wconf 78' lang='lat' dir='ltr'>baius</span> <span class='ocrx_word' id='word_1_646' title='bbox 905 2489 1066 2543; x_wconf 79' lang='lat' dir='ltr'>cognouit</span> <span class='ocrx_word' id='word_1_647' title='bbox 1074 2498 1084 2524; x_wconf 76' lang='grc' dir='ltr'><strong>ε</strong></span> <span class='ocrx_word' id='word_1_648' title='bbox 1100 2487 1130 2538; x_wconf 76' lang='grc' dir='ltr'>[ἱ</span> <span class='ocrx_word' id='word_1_649' title='bbox 1135 2494 1230 2532; x_wconf 81' lang='lat' dir='ltr'>enim</span> <span class='ocrx_word' id='word_1_650' title='bbox 1237 2489 1466 2547; x_wconf 81' lang='lat' dir='ltr'>cognouiffent</span> <span class='ocrx_word' id='word_1_651' title='bbox 1471 2523 1483 2540; x_wconf 92' lang='lat'><strong><em>,</em></strong></span> <span class='ocrx_word' id='word_1_652' title='bbox 1505 2504 1735 2549; x_wconf 77' lang='lat' dir='ltr'>nequaquam</span> <span class='ocrx_word' id='word_1_653' title='bbox 1748 2501 1942 2538; x_wconf 71' lang='lat' dir='ltr'>Dominum</span> 
     </span>
    </p>

    <p class='ocr_par' dir='ltr' id='par_1_8' title="bbox 99 2539 477 2600">
     <span class='ocr_line' id='line_1_50' title="bbox 99 2539 477 2600; baseline 0 -20"><span class='ocrx_word' id='word_1_654' title='bbox 99 2542 218 2600; x_wconf 66' lang='lat' dir='ltr'>gloria</span> <span class='ocrx_word' id='word_1_655' title='bbox 226 2539 477 2595; x_wconf 74' lang='lat' dir='ltr'>cracifixiffint.</span> 
     </span>
    </p>

    <p class='ocr_par' dir='ltr' id='par_1_9' title="bbox 104 2595 2129 2714">
     <span class='ocr_line' id='line_1_51' title="bbox 157 2595 2129 2671; baseline 0.007 -35"><span class='ocrx_word' id='word_1_656' title='bbox 157 2610 184 2645; x_wconf 89' lang='lat'><em>9</em></span> <span class='ocrx_word' id='word_1_657' title='bbox 242 2598 316 2637; x_wconf 82' lang='lat' dir='ltr'>Sed</span> <span class='ocrx_word' id='word_1_658' title='bbox 318 2597 612 2653; x_wconf 76' lang='lat' dir='ltr'>quemadmodum</span> <span class='ocrx_word' id='word_1_659' title='bbox 608 2597 780 2653; x_wconf 76' lang='lat' dir='ltr'>scriptum</span> <span class='ocrx_word' id='word_1_660' title='bbox 791 2595 849 2652; x_wconf 82' lang='lat' dir='ltr'>est,</span> <span class='ocrx_word' id='word_1_661' title='bbox 856 2607 942 2656; x_wconf 79' lang='lat' dir='ltr'>Qae</span> <span class='ocrx_word' id='word_1_662' title='bbox 952 2600 1066 2641; x_wconf 65' lang='lat' dir='ltr'><em>oculus</em></span> <span class='ocrx_word' id='word_1_663' title='bbox 1074 2614 1145 2640; x_wconf 82' lang='lat' dir='ltr'>non</span> <span class='ocrx_word' id='word_1_664' title='bbox 1160 2601 1333 2648; x_wconf 53' lang='lat' dir='ltr'>‘vidianet</span> <span class='ocrx_word' id='word_1_665' title='bbox 1340 2609 1435 2647; x_wconf 64' lang='lat' dir='ltr'>aurti-</span> <span class='ocrx_word' id='word_1_666' title='bbox 1441 2604 1595 2651; x_wconf 68' lang='lat' dir='ltr'>audiuit,</span> <span class='ocrx_word' id='word_1_667' title='bbox 1604 2621 1667 2646; x_wconf 80' lang='lat' dir='ltr'>nec</span> <span class='ocrx_word' id='word_1_668' title='bbox 1677 2612 1718 2648; x_wconf 86' lang='lat' dir='ltr'>in</span> <span class='ocrx_word' id='word_1_669' title='bbox 1725 2623 1784 2648; x_wconf 80' lang='lat' dir='ltr'>cor</span> <span class='ocrx_word' id='word_1_670' title='bbox 1792 2606 1943 2653; x_wconf 58' lang='lat' dir='ltr'>homini}</span> <span class='ocrx_word' id='word_1_671' title='bbox 1958 2634 2061 2671; x_wconf 46' lang='lat'>„4454</span> <span class='ocrx_word' id='word_1_672' title='bbox 2067 2634 2129 2665; x_wconf 53' lang='lat' dir='ltr'>aja„</span> 
     </span>
     <span class='ocr_line' id='line_1_52' title="bbox 104 2652 2114 2714; baseline 0.004 -21"><span class='ocrx_word' id='word_1_673' title='bbox 104 2653 425 2708; x_wconf 58' lang='lat' dir='ltr'>aft‘endemntquae</span> <span class='ocrx_word' id='word_1_674' title='bbox 428 2659 636 2710; x_wconf 67' lang='lat' dir='ltr'>praeparauit</span> <span class='ocrx_word' id='word_1_675' title='bbox 644 2660 738 2696; x_wconf 66' lang='lat' dir='ltr'>Dea:</span> <span class='ocrx_word' id='word_1_676' title='bbox 748 2660 793 2697; x_wconf 76' lang='lat' dir='ltr'>ies</span> <span class='ocrx_word' id='word_1_677' title='bbox 801 2661 865 2711; x_wconf 79' lang='lat' dir='ltr'>q&#39;m&#39;</span> <span class='ocrx_word' id='word_1_678' title='bbox 874 2652 982 2711; x_wconf 74' lang='lat' dir='ltr'>ipfitm</span> <span class='ocrx_word' id='word_1_679' title='bbox 991 2657 1163 2714; x_wconf 78' lang='lat' dir='ltr'>diligunt.</span> <span class='ocrx_word' id='word_1_680' title='bbox 2110 2667 2114 2671; x_wconf 87' lang='lat'>&#39;</span> 
     </span>
    </p>
   </div>
   <div class='ocr_carea' id='block_1_3' title="bbox 105 2726 1996 3405">
    <p class='ocr_par' dir='ltr' id='par_1_10' title="bbox 105 2726 1996 3405">
     <span class='ocr_line' id='line_1_53' title="bbox 154 2726 1941 2784; baseline 0.009 -26"><span class='ocrx_word' id='word_1_681' title='bbox 154 2730 178 2760; x_wconf 88' lang='grc'><strong><em>6</em></strong></span> <span class='ocrx_word' id='word_1_682' title='bbox 212 2760 216 2762; x_wconf 64' lang='lat'>‚</span> <span class='ocrx_word' id='word_1_683' title='bbox 226 2729 417 2776; x_wconf 77' lang='lat' dir='ltr'>Sapientiam</span> <span class='ocrx_word' id='word_1_684' title='bbox 428 2727 591 2773; x_wconf 65' lang='lat' dir='ltr'>loquimum</span> <span class='ocrx_word' id='word_1_685' title='bbox 601 2730 623 2768; x_wconf 87' lang='lat'><em>)</em></span> <span class='ocrx_word' id='word_1_686' title='bbox 668 2728 723 2762; x_wconf 92' lang='lat' dir='ltr'>Ne</span> <span class='ocrx_word' id='word_1_687' title='bbox 732 2729 882 2763; x_wconf 84' lang='lat' dir='ltr'>videatur</span> <span class='ocrx_word' id='word_1_688' title='bbox 894 2726 1087 2777; x_wconf 88' lang='lat' dir='ltr'>sapientiam</span> <span class='ocrx_word' id='word_1_689' title='bbox 1098 2729 1278 2779; x_wconf 77' lang='lat' dir='ltr'>despicere,</span> <span class='ocrx_word' id='word_1_690' title='bbox 1289 2731 1369 2767; x_wconf 85' lang='lat' dir='ltr'>ficut</span> <span class='ocrx_word' id='word_1_691' title='bbox 1380 2734 1489 2769; x_wconf 85' lang='lat' dir='ltr'>idiotae</span> <span class='ocrx_word' id='word_1_692' title='bbox 1498 2738 1532 2770; x_wconf 71' lang='grc' dir='ltr'>δε</span> <span class='ocrx_word' id='word_1_693' title='bbox 1545 2737 1690 2784; x_wconf 86' lang='lat' dir='ltr'>imperiti</span> <span class='ocrx_word' id='word_1_694' title='bbox 1708 2736 1816 2773; x_wconf 81' lang='lat' dir='ltr'>literas</span> <span class='ocrx_word' id='word_1_695' title='bbox 1826 2748 1941 2774; x_wconf 83' lang='lat' dir='ltr'>conte-</span> 
     </span>
     <span class='ocr_line' id='line_1_54' title="bbox 106 2773 1943 2830; baseline 0.007 -21"><span class='ocrx_word' id='word_1_696' title='bbox 106 2786 230 2810; x_wconf 85' lang='lat' dir='ltr'>mnunt</span> <span class='ocrx_word' id='word_1_697' title='bbox 237 2773 372 2809; x_wconf 85' lang='lat' dir='ltr'>barbara</span> <span class='ocrx_word' id='word_1_698' title='bbox 381 2775 523 2822; x_wconf 87' lang='lat' dir='ltr'>quadam</span> <span class='ocrx_word' id='word_1_699' title='bbox 535 2775 673 2810; x_wconf 68' lang='lat' dir='ltr'>ferociat</span> <span class='ocrx_word' id='word_1_700' title='bbox 686 2773 818 2811; x_wconf 90' lang='lat' dir='ltr'>subiicit</span> <span class='ocrx_word' id='word_1_701' title='bbox 826 2802 838 2817; x_wconf 90' lang='lat'><em>,</em></span> <span class='ocrx_word' id='word_1_702' title='bbox 848 2775 907 2811; x_wconf 83' lang='lat' dir='ltr'>fibi</span> <span class='ocrx_word' id='word_1_703' title='bbox 919 2790 990 2812; x_wconf 92' lang='lat' dir='ltr'>non</span> <span class='ocrx_word' id='word_1_704' title='bbox 1003 2776 1105 2813; x_wconf 78' lang='lat' dir='ltr'>deesse</span> <span class='ocrx_word' id='word_1_705' title='bbox 1114 2791 1225 2813; x_wconf 85' lang='lat' dir='ltr'>veram</span> <span class='ocrx_word' id='word_1_706' title='bbox 1237 2777 1428 2827; x_wconf 85' lang='lat' dir='ltr'>sapientiam</span> <span class='ocrx_word' id='word_1_707' title='bbox 1442 2809 1450 2820; x_wconf 91' lang='lat'><em>‚</em></span> <span class='ocrx_word' id='word_1_708' title='bbox 1468 2780 1519 2817; x_wconf 85' lang='lat' dir='ltr'>sed</span> <span class='ocrx_word' id='word_1_709' title='bbox 1529 2796 1600 2830; x_wconf 70' lang='lat' dir='ltr'>quse</span> <span class='ocrx_word' id='word_1_710' title='bbox 1611 2799 1681 2820; x_wconf 84' lang='lat' dir='ltr'>non</span> <span class='ocrx_word' id='word_1_711' title='bbox 1695 2785 1753 2820; x_wconf 85' lang='lat' dir='ltr'>nisi</span> <span class='ocrx_word' id='word_1_712' title='bbox 1764 2785 1804 2821; x_wconf 89' lang='lat' dir='ltr'>ab</span> <span class='ocrx_word' id='word_1_713' title='bbox 1815 2788 1943 2822; x_wconf 77' lang='lat' dir='ltr'>idoneis</span> 
     </span>
     <span class='ocr_line' id='line_1_55' title="bbox 105 2821 1942 2882; baseline 0.007 -24"><span class='ocrx_word' id='word_1_714' title='bbox 105 2821 272 2858; x_wconf 85' lang='lat' dir='ltr'>iudicibus</span> <span class='ocrx_word' id='word_1_715' title='bbox 281 2824 467 2858; x_wconf 86' lang='lat' dir='ltr'>aestimetur.</span> <span class='ocrx_word' id='word_1_716' title='bbox 507 2823 656 2867; x_wconf 64' lang='lat' dir='ltr'>Peffeaas</span> <span class='ocrx_word' id='word_1_717' title='bbox 673 2836 772 2859; x_wconf 86' lang='lat' dir='ltr'>vocat</span> <span class='ocrx_word' id='word_1_718' title='bbox 781 2851 792 2865; x_wconf 90' lang='lat'><em>‚</em></span> <span class='ocrx_word' id='word_1_719' title='bbox 811 2838 882 2860; x_wconf 89' lang='lat' dir='ltr'>non</span> <span class='ocrx_word' id='word_1_720' title='bbox 891 2829 950 2872; x_wconf 88' lang='lat' dir='ltr'>qui</span> <span class='ocrx_word' id='word_1_721' title='bbox 960 2823 1120 2873; x_wconf 78' lang='lat' dir='ltr'>assequuti</span> <span class='ocrx_word' id='word_1_722' title='bbox 1132 2825 1195 2861; x_wconf 82' lang='lat' dir='ltr'>sint</span> <span class='ocrx_word' id='word_1_723' title='bbox 1205 2827 1337 2875; x_wconf 79' lang='lat' dir='ltr'>plenam</span> <span class='ocrx_word' id='word_1_724' title='bbox 1358 2834 1392 2864; x_wconf 70' lang='grc' dir='ltr'>ὅ(</span> <span class='ocrx_word' id='word_1_725' title='bbox 1403 2829 1586 2866; x_wconf 85' lang='lat' dir='ltr'>absolutam</span> <span class='ocrx_word' id='word_1_726' title='bbox 1598 2831 1789 2881; x_wconf 80' lang='lat' dir='ltr'>sapientiam</span> <span class='ocrx_word' id='word_1_727' title='bbox 1803 2849 1810 2868; x_wconf 73' lang='grc' dir='ltr'>ι</span> <span class='ocrx_word' id='word_1_728' title='bbox 1823 2833 1872 2869; x_wconf 87' lang='lat' dir='ltr'>sed</span> <span class='ocrx_word' id='word_1_729' title='bbox 1884 2840 1942 2882; x_wconf 80' lang='lat' dir='ltr'>qui</span> 
     </span>
     <span class='ocr_line' id='line_1_56' title="bbox 107 2869 1943 2927; baseline 0.007 -22"><span class='ocrx_word' id='word_1_730' title='bbox 107 2869 186 2906; x_wconf 86' lang='lat' dir='ltr'>sano</span> <span class='ocrx_word' id='word_1_731' title='bbox 197 2869 258 2906; x_wconf 85' lang='lat' dir='ltr'>sint</span> <span class='ocrx_word' id='word_1_732' title='bbox 269 2875 303 2906; x_wconf 83' lang='lat'>&amp;</span> <span class='ocrx_word' id='word_1_733' title='bbox 315 2873 510 2920; x_wconf 87' lang='lat' dir='ltr'>incorrupto</span> <span class='ocrx_word' id='word_1_734' title='bbox 521 2871 658 2906; x_wconf 79' lang='lat' dir='ltr'>iudicio.</span> <span class='ocrx_word' id='word_1_735' title='bbox 696 2873 805 2911; x_wconf 86' lang='lat' dir='ltr'>Nam,</span> <span class='ocrx_word' id='word_1_736' title='bbox 827 2879 886 2911; x_wconf 69' lang='lat' dir='ltr'>fin,</span> <span class='ocrx_word' id='word_1_737' title='bbox 919 2885 957 2909; x_wconf 84' lang='lat' dir='ltr'>ro</span> <span class='ocrx_word' id='word_1_738' title='bbox 967 2887 1037 2921; x_wconf 89' lang='lat' dir='ltr'>quo</span> <span class='ocrx_word' id='word_1_739' title='bbox 1048 2876 1153 2909; x_wconf 86' lang='lat' dir='ltr'>Graeci</span> <span class='ocrx_word' id='word_1_740' title='bbox 1172 2877 1363 2924; x_wconf 87' lang='lat' dir='ltr'>interpretes</span> <span class='ocrx_word' id='word_1_741' title='bbox 1376 2877 1501 2927; x_wconf 85' lang='lat' dir='ltr'>semper</span> <span class='ocrx_word' id='word_1_742' title='bbox 1517 2883 1615 2914; x_wconf 66' lang='grc' dir='ltr'>τέλειον</span> <span class='ocrx_word' id='word_1_743' title='bbox 1625 2883 1842 2921; x_wconf 83' lang='lat' dir='ltr'>reddiderunt,</span> <span class='ocrx_word' id='word_1_744' title='bbox 1854 2887 1943 2917; x_wconf 84' lang='lat' dir='ltr'>Inte-</span> 
     </span>
     <span class='ocr_line' id='line_1_57' title="bbox 108 2886 1944 2972; baseline 0.008 -20"><span class='ocrx_word' id='word_1_745' title='bbox 108 2931 206 2967; x_wconf 84' lang='lat' dir='ltr'>grum</span> <span class='ocrx_word' id='word_1_746' title='bbox 215 2917 386 2966; x_wconf 80' lang='lat' dir='ltr'>significat.</span> <span class='ocrx_word' id='word_1_747' title='bbox 419 2921 524 2954; x_wconf 83' lang='lat' dir='ltr'>Taxat</span> <span class='ocrx_word' id='word_1_748' title='bbox 532 2931 643 2955; x_wconf 85' lang='lat' dir='ltr'>autem</span> <span class='ocrx_word' id='word_1_749' title='bbox 656 2919 766 2956; x_wconf 87' lang='lat' dir='ltr'>obiter</span> <span class='ocrx_word' id='word_1_750' title='bbox 775 2934 831 2956; x_wconf 87' lang='lat' dir='ltr'>eos</span> <span class='ocrx_word' id='word_1_751' title='bbox 843 2886 966 2969; x_wconf 38' lang='lat' dir='ltr'>quibus</span> <span class='ocrx_word' id='word_1_752' title='bbox 975 2935 1046 2956; x_wconf 92' lang='lat' dir='ltr'>non</span> <span class='ocrx_word' id='word_1_753' title='bbox 1065 2920 1208 2971; x_wconf 86' lang='lat' dir='ltr'>sapiebat</span> <span class='ocrx_word' id='word_1_754' title='bbox 1219 2922 1272 2958; x_wconf 92' lang='lat' dir='ltr'>sua</span> <span class='ocrx_word' id='word_1_755' title='bbox 1281 2927 1468 2972; x_wconf 68' lang='lat' dir='ltr'>praedicatio</span> <span class='ocrx_word' id='word_1_756' title='bbox 1477 2952 1486 2965; x_wconf 86' lang='lat'><em>‚</em></span> <span class='ocrx_word' id='word_1_757' title='bbox 1512 2933 1546 2964; x_wconf 61' lang='grc' dir='ltr'>ἃ</span> <span class='ocrx_word' id='word_1_758' title='bbox 1559 2931 1592 2963; x_wconf 84' lang='lat' dir='ltr'>id</span> <span class='ocrx_word' id='word_1_759' title='bbox 1604 2929 1672 2964; x_wconf 82' lang='lat' dir='ltr'>fieri</span> <span class='ocrx_word' id='word_1_760' title='bbox 1683 2943 1798 2964; x_wconf 83' lang='lat' dir='ltr'>corum</span> <span class='ocrx_word' id='word_1_761' title='bbox 1811 2934 1893 2966; x_wconf 88' lang='lat' dir='ltr'>vitio</span> <span class='ocrx_word' id='word_1_762' title='bbox 1904 2930 1944 2964; x_wconf 79' lang='lat' dir='ltr'>si-</span> 
     </span>
     <span class='ocr_line' id='line_1_58' title="bbox 108 2966 1943 3026; baseline 0.007 -25"><span class='ocrx_word' id='word_1_763' title='bbox 108 2966 243 3014; x_wconf 81' lang='lat' dir='ltr'>gnificat</span> <span class='ocrx_word' id='word_1_764' title='bbox 253 2966 313 3001; x_wconf 86' lang='lat' dir='ltr'>acsi</span> <span class='ocrx_word' id='word_1_765' title='bbox 324 2969 457 3006; x_wconf 89' lang='lat' dir='ltr'>diceret,</span> <span class='ocrx_word' id='word_1_766' title='bbox 472 2969 506 3002; x_wconf 85' lang='lat' dir='ltr'>Si</span> <span class='ocrx_word' id='word_1_767' title='bbox 518 2968 640 3015; x_wconf 89' lang='lat' dir='ltr'>quibus</span> <span class='ocrx_word' id='word_1_768' title='bbox 650 2981 721 3004; x_wconf 90' lang='lat' dir='ltr'>non</span> <span class='ocrx_word' id='word_1_769' title='bbox 732 2968 839 3017; x_wconf 89' lang='lat' dir='ltr'>placet</span> <span class='ocrx_word' id='word_1_770' title='bbox 849 2983 921 3004; x_wconf 90' lang='lat' dir='ltr'>mea</span> <span class='ocrx_word' id='word_1_771' title='bbox 930 2971 1094 3009; x_wconf 68' lang='lat' dir='ltr'>doctrina,</span> <span class='ocrx_word' id='word_1_772' title='bbox 1109 2970 1159 3005; x_wconf 87' lang='lat' dir='ltr'>illi</span> <span class='ocrx_word' id='word_1_773' title='bbox 1170 2971 1236 3006; x_wconf 87' lang='lat' dir='ltr'>hoc</span> <span class='ocrx_word' id='word_1_774' title='bbox 1246 2974 1374 3009; x_wconf 90' lang='lat' dir='ltr'>indicio</span> <span class='ocrx_word' id='word_1_775' title='bbox 1385 2977 1450 3009; x_wconf 89' lang='lat' dir='ltr'>iam</span> <span class='ocrx_word' id='word_1_776' title='bbox 1461 2974 1534 3011; x_wconf 87' lang='lat' dir='ltr'>satis</span> <span class='ocrx_word' id='word_1_777' title='bbox 1545 2979 1707 3025; x_wconf 66' lang='lat' dir='ltr'>produnt5</span> <span class='ocrx_word' id='word_1_778' title='bbox 1725 2976 1754 3012; x_wconf 91' lang='lat' dir='ltr'>se</span> <span class='ocrx_word' id='word_1_779' title='bbox 1765 2979 1943 3026; x_wconf 79' lang='lat' dir='ltr'>deprauato</span> 
     </span>
     <span class='ocr_line' id='line_1_59' title="bbox 109 3012 1944 3073; baseline 0.007 -26"><span class='ocrx_word' id='word_1_780' title='bbox 109 3012 169 3049; x_wconf 79' lang='lat' dir='ltr'>esse</span> <span class='ocrx_word' id='word_1_781' title='bbox 179 3019 213 3049; x_wconf 90' lang='lat'>&amp;</span> <span class='ocrx_word' id='word_1_782' title='bbox 222 3017 339 3050; x_wconf 86' lang='lat' dir='ltr'>vitiato</span> <span class='ocrx_word' id='word_1_783' title='bbox 349 3014 537 3063; x_wconf 78' lang='lat' dir='ltr'>sensit,quia</span> <span class='ocrx_word' id='word_1_784' title='bbox 546 3018 632 3052; x_wconf 85' lang='lat' dir='ltr'>inter</span> <span class='ocrx_word' id='word_1_785' title='bbox 643 3016 798 3053; x_wconf 87' lang='lat' dir='ltr'>homines</span> <span class='ocrx_word' id='word_1_786' title='bbox 809 3016 936 3053; x_wconf 79' lang='lat' dir='ltr'>sincerae</span> <span class='ocrx_word' id='word_1_787' title='bbox 947 3020 1072 3053; x_wconf 88' lang='lat' dir='ltr'>mentis</span> <span class='ocrx_word' id='word_1_788' title='bbox 1082 3022 1116 3054; x_wconf 90' lang='lat'>&amp;</span> <span class='ocrx_word' id='word_1_789' title='bbox 1126 3022 1207 3054; x_wconf 71' lang='lat' dir='ltr'>rec&#39;ti</span> <span class='ocrx_word' id='word_1_790' title='bbox 1215 3021 1341 3068; x_wconf 87' lang='lat' dir='ltr'>iudicij,</span> <span class='ocrx_word' id='word_1_791' title='bbox 1352 3033 1413 3071; x_wconf 88' lang='lat' dir='ltr'>pro</span> <span class='ocrx_word' id='word_1_792' title='bbox 1424 3022 1552 3059; x_wconf 89' lang='lat' dir='ltr'>summa</span> <span class='ocrx_word' id='word_1_793' title='bbox 1562 3025 1691 3073; x_wconf 71' lang='lat' dir='ltr'>sapietia</span> <span class='ocrx_word' id='word_1_794' title='bbox 1702 3024 1827 3072; x_wconf 86' lang='lat' dir='ltr'>semper</span> <span class='ocrx_word' id='word_1_795' title='bbox 1837 3039 1944 3073; x_wconf 80' lang='lat' dir='ltr'>agno-</span> 
     </span>
     <span class='ocr_line' id='line_1_60' title="bbox 110 3059 1943 3122; baseline 0.007 -26"><span class='ocrx_word' id='word_1_796' title='bbox 110 3059 221 3097; x_wconf 87' lang='lat' dir='ltr'>scetur.</span> <span class='ocrx_word' id='word_1_797' title='bbox 231 3065 436 3111; x_wconf 78' lang='lat' dir='ltr'>Qanquam</span> <span class='ocrx_word' id='word_1_798' title='bbox 448 3075 560 3099; x_wconf 86' lang='lat' dir='ltr'>autem</span> <span class='ocrx_word' id='word_1_799' title='bbox 569 3063 714 3113; x_wconf 82' lang='lat' dir='ltr'>exposita</span> <span class='ocrx_word' id='word_1_800' title='bbox 722 3065 883 3101; x_wconf 80' lang='lat' dir='ltr'>omnibus</span> <span class='ocrx_word' id='word_1_801' title='bbox 894 3065 957 3101; x_wconf 89' lang='lat' dir='ltr'>fuit</span> <span class='ocrx_word' id='word_1_802' title='bbox 965 3064 1059 3101; x_wconf 80' lang='lat' dir='ltr'>Pauli</span> <span class='ocrx_word' id='word_1_803' title='bbox 1067 3067 1342 3115; x_wconf 76' lang='lat' dir='ltr'>praedicatiomon</span> <span class='ocrx_word' id='word_1_804' title='bbox 1353 3078 1465 3106; x_wconf 87' lang='lat' dir='ltr'>tamen</span> <span class='ocrx_word' id='word_1_805' title='bbox 1477 3072 1536 3108; x_wconf 85' lang='lat' dir='ltr'>suo</span> <span class='ocrx_word' id='word_1_806' title='bbox 1546 3076 1651 3121; x_wconf 89' lang='lat' dir='ltr'>pretio</span> <span class='ocrx_word' id='word_1_807' title='bbox 1664 3073 1808 3116; x_wconf 65' lang='lat' dir='ltr'>estimata</span> <span class='ocrx_word' id='word_1_808' title='bbox 1819 3072 1943 3122; x_wconf 75' lang='lat' dir='ltr'>semper</span> 
     </span>
     <span class='ocr_line' id='line_1_61' title="bbox 109 3108 1940 3169; baseline 0.007 -25"><span class='ocrx_word' id='word_1_809' title='bbox 109 3108 184 3144; x_wconf 88' lang='lat' dir='ltr'>fuit.</span> <span class='ocrx_word' id='word_1_810' title='bbox 198 3113 308 3157; x_wconf 86' lang='lat' dir='ltr'>Atque</span> <span class='ocrx_word' id='word_1_811' title='bbox 318 3110 386 3146; x_wconf 86' lang='lat' dir='ltr'>haec</span> <span class='ocrx_word' id='word_1_812' title='bbox 394 3115 479 3147; x_wconf 92' lang='lat' dir='ltr'>ratio</span> <span class='ocrx_word' id='word_1_813' title='bbox 490 3112 532 3146; x_wconf 85' lang='lat' dir='ltr'>est</span> <span class='ocrx_word' id='word_1_814' title='bbox 547 3125 605 3147; x_wconf 86' lang='lat' dir='ltr'>cur</span> <span class='ocrx_word' id='word_1_815' title='bbox 614 3112 709 3148; x_wconf 89' lang='lat' dir='ltr'>sanos</span> <span class='ocrx_word' id='word_1_816' title='bbox 719 3116 912 3161; x_wconf 81' lang='lat' dir='ltr'>&amp;integros</span> <span class='ocrx_word' id='word_1_817' title='bbox 923 3115 1046 3149; x_wconf 85' lang='lat' dir='ltr'>iudices</span> <span class='ocrx_word' id='word_1_818' title='bbox 1057 3114 1271 3163; x_wconf 54' lang='lat' dir='ltr'>appelletsqui</span> <span class='ocrx_word' id='word_1_819' title='bbox 1281 3114 1482 3158; x_wconf 61' lang='lat' dir='ltr'>dostrinam,</span> <span class='ocrx_word' id='word_1_820' title='bbox 1490 3135 1561 3168; x_wconf 82' lang='lat' dir='ltr'>quae</span> <span class='ocrx_word' id='word_1_821' title='bbox 1573 3123 1699 3156; x_wconf 85' lang='lat' dir='ltr'>mundo</span> <span class='ocrx_word' id='word_1_822' title='bbox 1710 3120 1846 3169; x_wconf 84' lang='lat' dir='ltr'>insipida</span> <span class='ocrx_word' id='word_1_823' title='bbox 1861 3130 1940 3160; x_wconf 54' lang='lat' dir='ltr'>erati</span> 
     </span>
     <span class='ocr_line' id='line_1_62' title="bbox 111 3157 1996 3216; baseline 0.008 -25"><span class='ocrx_word' id='word_1_824' title='bbox 111 3162 220 3192; x_wconf 83' lang='lat' dir='ltr'>v&#39;eram</span> <span class='ocrx_word' id='word_1_825' title='bbox 230 3157 289 3193; x_wconf 81' lang='lat' dir='ltr'>effe</span> <span class='ocrx_word' id='word_1_826' title='bbox 299 3158 491 3207; x_wconf 84' lang='lat' dir='ltr'>sapientiam</span> <span class='ocrx_word' id='word_1_827' title='bbox 503 3163 736 3209; x_wconf 82' lang='lat' dir='ltr'>pronuntient.</span> <span class='ocrx_word' id='word_1_828' title='bbox 772 3164 899 3197; x_wconf 75' lang='lat' dir='ltr'>Interea</span> <span class='ocrx_word' id='word_1_829' title='bbox 919 3161 1062 3208; x_wconf 78' lang='lat' dir='ltr'>loquendi</span> <span class='ocrx_word' id='word_1_830' title='bbox 1072 3163 1173 3198; x_wconf 87' lang='lat' dir='ltr'>verbo</span> <span class='ocrx_word' id='word_1_831' title='bbox 1183 3161 1213 3199; x_wconf 90' lang='lat' dir='ltr'>se</span> <span class='ocrx_word' id='word_1_832' title='bbox 1226 3164 1434 3202; x_wconf 88' lang='lat' dir='ltr'>luculentum</span> <span class='ocrx_word' id='word_1_833' title='bbox 1448 3167 1612 3216; x_wconf 85' lang='lat' dir='ltr'>specimen</span> <span class='ocrx_word' id='word_1_834' title='bbox 1626 3167 1768 3215; x_wconf 85' lang='lat' dir='ltr'>proferte</span> <span class='ocrx_word' id='word_1_835' title='bbox 1784 3169 1943 3206; x_wconf 81' lang='lat' dir='ltr'>admonet</span> <span class='ocrx_word' id='word_1_836' title='bbox 1991 3186 1996 3191; x_wconf 85' lang='grc'>·</span> 
     </span>
     <span class='ocr_line' id='line_1_63' title="bbox 107 3204 1944 3262; baseline 0.007 -22"><span class='ocrx_word' id='word_1_837' title='bbox 107 3204 308 3241; x_wconf 82' lang='lat' dir='ltr'>admirabilis</span> <span class='ocrx_word' id='word_1_838' title='bbox 317 3207 611 3255; x_wconf 84' lang='lat' dir='ltr'>sapientiae,nequis</span> <span class='ocrx_word' id='word_1_839' title='bbox 621 3221 689 3244; x_wconf 87' lang='lat' dir='ltr'>rem</span> <span class='ocrx_word' id='word_1_840' title='bbox 701 3212 911 3258; x_wconf 88' lang='lat' dir='ltr'>incognitam</span> <span class='ocrx_word' id='word_1_841' title='bbox 920 3212 1040 3245; x_wconf 63' lang='lat' dir='ltr'>iactare</span> <span class='ocrx_word' id='word_1_842' title='bbox 1049 3210 1218 3247; x_wconf 83' lang='lat' dir='ltr'>obiiceret.</span> <span class='ocrx_word' id='word_1_843' title='bbox 1258 3216 1447 3262; x_wconf 74' lang='lat' dir='ltr'>Sapientiam</span> <span class='ocrx_word' id='word_1_844' title='bbox 1466 3215 1589 3261; x_wconf 73' lang='lat' dir='ltr'>quidem</span> <span class='ocrx_word' id='word_1_845' title='bbox 1598 3216 1750 3258; x_wconf 76' lang='lat' dir='ltr'>nonsec&#39;uli</span> <span class='ocrx_word' id='word_1_846' title='bbox 1763 3217 1862 3250; x_wconf 67' lang='lat' dir='ltr'>huiusi</span> <span class='ocrx_word' id='word_1_847' title='bbox 1883 3220 1944 3253; x_wconf 70' lang='lat' dir='ltr'>Per</span> 
     </span>
     <span class='ocr_line' id='line_1_64' title="bbox 108 3255 1945 3311; baseline 0.007 -23"><span class='ocrx_word' id='word_1_848' title='bbox 108 3255 383 3300; x_wconf 82' lang='lat' dir='ltr'>anticipationem</span> <span class='ocrx_word' id='word_1_849' title='bbox 395 3258 513 3291; x_wconf 86' lang='lat' dir='ltr'>iterum</span> <span class='ocrx_word' id='word_1_850' title='bbox 523 3259 642 3305; x_wconf 87' lang='lat' dir='ltr'>repetit</span> <span class='ocrx_word' id='word_1_851' title='bbox 652 3258 744 3304; x_wconf 89' lang='lat' dir='ltr'>quod</span> <span class='ocrx_word' id='word_1_852' title='bbox 754 3260 820 3293; x_wconf 89' lang='lat' dir='ltr'>iam</span> <span class='ocrx_word' id='word_1_853' title='bbox 830 3256 1046 3300; x_wconf 80' lang='lat' dir='ltr'>concesserat,</span> <span class='ocrx_word' id='word_1_854' title='bbox 1057 3260 1277 3307; x_wconf 87' lang='lat' dir='ltr'>Euangelium</span> <span class='ocrx_word' id='word_1_855' title='bbox 1296 3276 1367 3297; x_wconf 86' lang='lat' dir='ltr'>non</span> <span class='ocrx_word' id='word_1_856' title='bbox 1378 3261 1438 3297; x_wconf 81' lang='lat' dir='ltr'>effe</span> <span class='ocrx_word' id='word_1_857' title='bbox 1456 3264 1636 3298; x_wconf 86' lang='lat' dir='ltr'>humanam</span> <span class='ocrx_word' id='word_1_858' title='bbox 1655 3262 1864 3311; x_wconf 82' lang='lat' dir='ltr'>sapientiam:</span> <span class='ocrx_word' id='word_1_859' title='bbox 1885 3279 1945 3300; x_wconf 85' lang='lat' dir='ltr'>ne·-</span> 
     </span>
     <span class='ocr_line' id='line_1_65' title="bbox 108 3302 1946 3361; baseline 0.008 -26"><span class='ocrx_word' id='word_1_860' title='bbox 108 3304 183 3348; x_wconf 92' lang='lat' dir='ltr'>quis</span> <span class='ocrx_word' id='word_1_861' title='bbox 195 3302 353 3336; x_wconf 88' lang='lat' dir='ltr'>obiiceret</span> <span class='ocrx_word' id='word_1_862' title='bbox 364 3315 485 3350; x_wconf 89' lang='lat' dir='ltr'>paucos</span> <span class='ocrx_word' id='word_1_863' title='bbox 495 3304 555 3339; x_wconf 80' lang='lat' dir='ltr'>effe</span> <span class='ocrx_word' id='word_1_864' title='bbox 565 3306 664 3340; x_wconf 89' lang='lat' dir='ltr'>huius</span> <span class='ocrx_word' id='word_1_865' title='bbox 674 3306 834 3341; x_wconf 64' lang='lat' dir='ltr'>dodhinae</span> <span class='ocrx_word' id='word_1_866' title='bbox 853 3303 1078 3354; x_wconf 86' lang='lat' dir='ltr'>suffragatores</span> <span class='ocrx_word' id='word_1_867' title='bbox 1087 3334 1098 3349; x_wconf 82' lang='lat'>‚</span> <span class='ocrx_word' id='word_1_868' title='bbox 1108 3311 1192 3355; x_wconf 87' lang='lat' dir='ltr'>quin</span> <span class='ocrx_word' id='word_1_869' title='bbox 1202 3312 1316 3357; x_wconf 85' lang='lat' dir='ltr'>potius</span> <span class='ocrx_word' id='word_1_870' title='bbox 1327 3324 1398 3345; x_wconf 90' lang='lat' dir='ltr'>eam</span> <span class='ocrx_word' id='word_1_871' title='bbox 1412 3310 1453 3345; x_wconf 91' lang='lat' dir='ltr'>ab</span> <span class='ocrx_word' id='word_1_872' title='bbox 1464 3309 1740 3347; x_wconf 73' lang='lat' dir='ltr'>excellentissimis</span> <span class='ocrx_word' id='word_1_873' title='bbox 1757 3313 1946 3361; x_wconf 80' lang='lat' dir='ltr'>quibusque</span> 
     </span>
     <span class='ocr_line' id='line_1_66' title="bbox 110 3352 1903 3405; baseline 0.008 -21"><span class='ocrx_word' id='word_1_874' title='bbox 110 3352 256 3397; x_wconf 79' lang='lat' dir='ltr'>ingeniis</span> <span class='ocrx_word' id='word_1_875' title='bbox 266 3354 459 3391; x_wconf 83' lang='lat' dir='ltr'>contemni,</span> <span class='ocrx_word' id='word_1_876' title='bbox 473 3352 575 3390; x_wconf 84' lang='lat' dir='ltr'>Vltro</span> <span class='ocrx_word' id='word_1_877' title='bbox 585 3355 697 3402; x_wconf 86' lang='lat' dir='ltr'>itaque</span> <span class='ocrx_word' id='word_1_878' title='bbox 716 3353 836 3390; x_wconf 82' lang='lat' dir='ltr'>fatetur</span> <span class='ocrx_word' id='word_1_879' title='bbox 846 3355 938 3403; x_wconf 86' lang='lat' dir='ltr'>quod</span> <span class='ocrx_word' id='word_1_880' title='bbox 947 3354 1050 3393; x_wconf 85' lang='lat' dir='ltr'>obiici</span> <span class='ocrx_word' id='word_1_881' title='bbox 1058 3367 1189 3405; x_wconf 83' lang='lat' dir='ltr'>poterat</span> <span class='ocrx_word' id='word_1_882' title='bbox 1198 3371 1206 3392; x_wconf 73' lang='lat' dir='ltr'>z</span> <span class='ocrx_word' id='word_1_883' title='bbox 1223 3356 1331 3392; x_wconf 86' lang='lat' dir='ltr'>sedita</span> <span class='ocrx_word' id='word_1_884' title='bbox 1341 3369 1376 3394; x_wconf 86' lang='lat' dir='ltr'>vt</span> <span class='ocrx_word' id='word_1_885' title='bbox 1386 3359 1476 3395; x_wconf 84' lang='lat' dir='ltr'>nihil</span> <span class='ocrx_word' id='word_1_886' title='bbox 1486 3358 1562 3394; x_wconf 86' lang='lat' dir='ltr'>inde</span> <span class='ocrx_word' id='word_1_887' title='bbox 1572 3357 1672 3395; x_wconf 70' lang='lat' dir='ltr'>cause</span> <span class='ocrx_word' id='word_1_888' title='bbox 1690 3359 1751 3395; x_wconf 77' lang='lat' dir='ltr'>sua:</span> <span class='ocrx_word' id='word_1_889' title='bbox 1760 3363 1903 3399; x_wconf 60' lang='lat' dir='ltr'>decedam</span> 
     </span>
    </p>
   </div>
   <div class='ocr_carea' id='block_1_4' title="bbox 1682 3420 1790 3457">
    <p class='ocr_par' dir='ltr' id='par_1_11' title="bbox 1682 3420 1790 3457">
     <span class='ocr_line' id='line_1_67' title="bbox 1682 3420 1790 3457; baseline 0 -14"><span class='ocrx_word' id='word_1_890' title='bbox 1682 3421 1728 3443; x_wconf 61' lang='lat' dir='ltr'>m·</span> <span class='ocrx_word' id='word_1_891' title='bbox 1766 3420 1790 3457; x_wconf 76' lang='lat' dir='ltr'>J.</span> 
     </span>
    </p>
   </div>
  </div>
 </body>
</html>
