2268 3705
240 180 244 183 ⁴
524 112 637 174 Ao
687 126 1508 181 coaiNTH·cAP-Xi.
1758 184 1761 187 A
1882 145 1942 195 ιφ)

105 197 219 237 'caelesti
233 196 285 233 sua
294 194 399 247 gloria
409 199 586 232 maneat‚&
598 192 677 229 illuc
686 192 837 241 aspira,vt
847 196 925 229 inde
941 194 971 230 se
981 194 1043 229 tibi
1053 200 1294 232 communicet.
1306 201 1384 233 Haec
1398 202 1500 246 pauca
1509 202 1590 238 sanis
1602 210 1634 241 &
1647 210 1797 247 modestis
1808 212 1928 248 misfa-

104 250 194 284 cient
207 259 215 280 ε
230 243 375 281 curiosos
385 243 463 278 alibi
475 243 574 277 iubeo
595 254 735 289 quaerere
746 255 815 289 quo
827 241 916 277 suam
928 245 1119 278 auiditatem
1130 245 1291 293 expleant.
1341 248 1493 297 Qodpro
1504 251 1590 284 volus
1593 254 1756 303 frangitur.
1805 262 1860 295 Alfi
1889 267 1922 297 m·

103 305 276 343 exponunt
284 293 322 327 dc
332 295 425 340 panis
433 291 756 340 distributionezquia
767 302 887 339 corpus
900 292 1023 330 Christi
1035 303 1166 327 manere
1175 297 1342 345 integrum
1353 294 1799 344 oportuit‚qucinadmodum
1811 275 1920 355 prelii-
1936 304 1999 328 Em.
2010 302 2076 344 12:3-
2085 294 2120 337 4?

101 347 197 380 stum
208 342 320 378 fuerat,
336 340 385 375 Os
397 353 468 374 non
480 341 728 374 comminuetur
738 351 776 372 cx
786 352 836 373 eo:
848 339 1018 386 ego‚ficuti
1028 340 1167 378 Paulum
1178 343 1216 376 ad
1228 346 1321 391 panis
1331 343 1525 380 fractionem
1537 346 1669 385 ullufifl'e
1685 352 1785 387 fateor
1811 359 1852 390 ita
1862 358 1918 394 hic

99 393 223 437 Frangi
254 388 373 423 ofitum
385 391 580 435 interpretor
590 397 650 434 pro
661 386 841 439 immolari:
851 388 1032 437 improprie
1043 390 1245 435 quideiii,ied
1255 404 1324 425 non
1338 391 1482 428 absurde.
1507 396 1594 429 Nam
1607 406 1773 445 vtcunque
1785 382 1914 441 iiullum'

101 453 140 474 os
153 403 342 472 inutSatuin
355 435 585 483 fuerit:corpus
597 446 706 469 tamen
719 437 824 516 ipium
835 436 945 483 primo
957 438 1191 472 tortormentis
1205 443 1236 473 &
1249 441 1581 482 cruciatibus,dcinde
1592 447 1813 483 crudelissimo
1826 465 1915 486 mor*

97 491 140 523 tis
153 484 314 533 supplicio
324 483 520 533 expositum,
530 495 599 517 uon
610 483 734 530 petesti
750 481 858 517 laesum
867 483 942 518 dici.
954 485 1020 519 hoc
1031 486 1145 532 frangi
1156 490 1288 521 vocauit
1298 489 1426 524 Paulus.
1436 492 1598 526 Caeteriim
1610 494 1674 528 hoc
1684 494 1860 533 secundum
1871 503 1913 535 cst

98 535 286 570 membrum
298 529 535 580 promissionis,
547 532 639 613 qpod
649 530 1028 582 leuiterpraetcreundem
1041 533 1113 567 nbn
1124 535 1176 567 est.
1189 547 1297 581 neque
1308 539 1396 573 enim
1408 537 1599 585 iimpljcjtm.
1611 546 1643 575 ἃ
1655 541 1720 577 fine
1729 546 1916 589 adium-one

95 584 266 620 Dominus
277 592 396 628 corpus
408 578 502 614 suum
514 592 559 613 no
586 581 612 613 is
623 577 718 613 offert
727 606 736 619 ‚
759 581 810 613 led
821 591 981 627 quatenus
993 593 1054 635 pro
1064 581 1161 615 nobis
1173 584 1385 618 immolatum
1396 586 1468 619 fuit.
1481 588 1572 622 Prius
1584 602 1662 636 ergo
1674 592 1861 629 membrum
1871 595 1913 630 fiss

95 629 233 679 gnificat
244 628 340 663 nobis
353 640 473 676 corpus
483 627 638 662 exhiberi:
650 627 715 661 hoc
726 625 903 662 secundum
913 641 949 662 ex
976 630 1067 662 rimit
1079 632 1153 676 quis
1165 631 1240 664 inde
1250 630 1374 666 fruetus
1384 635 1422 667 ad
1433 647 1493 668 nos
1504 641 1809 689 perueniatmempc
1820 643 1912 689 quod

92 679 332 726 redemptionis
342 675 452 711 sumus
463 678 683 724 participes‚&
695 673 842 710 sacrificii
853 641 1052 712 beneficium
1063 677 1161 712 nobis
1172 679 1363 727 applicatur.
1385 684 1497 726 Qare
1508 685 1616 719 Coena
1626 685 1757 733 speculi}
1767 691 1912 737 estquod

91 727 263 761 Christum
273 723 468 760 crucifixum
478 723 575 759 nobis
586 720 798 771 repraesentat,
809 736 842 758 vt
853 738 953 763 nemo
963 723 1086 760 vtiliter
1097 729 1130 760 &
1141 738 1218 760 cuin
1228 727 1334 764 fruEtu
1348 730 1489 763 Coenam
1500 730 1597 777 possit
1608 738 1749 783 recipcre
1759 760 1768 773 ‚
1782 739 1839 773 nii}
1851 743 1911 786 qui

90 775 264 810 Christum
275 771 469 811 crucifixum
479 771 700 821 amplectitur.
752 775 790 807 H
792 784 825 804 oc
823 773 923 815 facite
932 785 964 805 m
973 777 1031 808 mei
1041 778 1224 810 memoriam.
1274 778 1359 823 Ergo
1370 778 1478 812 Coena
1489 786 1646 819 μνημόσυνον
1654 785 1696 817 est
1707 784 1911 823 subleuandai

90 824 208 859 nostrae
216 821 401 858 infirmitati
411 821 610 855 institutum:
621 833 697 857 nam
710 820 731 854 si
743 823 860 855 mortis
870 821 993 856 Christi
1007 821 1079 863 satis
1088 822 1214 870 alioqui
1227 836 1390 859 memores
1403 824 1537 861 effemus
1551 850 1561 864 ,
1575 827 1813 877 superuacuum
1835 832 1911 870 effe}

92 872 159 906 hoc
170 868 411 905 adminiculum
421 894 432 909 ‚
450 869 544 915 quod
562 871 718 903 omnium
728 867 1008 907 sacramentorum
1018 872 1061 904 est
1071 878 1270 905 commune:
1290 871 1364 907 sunt
1375 876 1463 908 enirn
1473 874 1674 912 infirmitatis
1686 882 1799 915 nostrae
1815 885 1910 919 adine

89 930 213 954 menta.
233 918 334 953 Porro
345 916 478 964 qualem
497 915 544 951 sui
555 919 752 952 memoriam
762 916 905 951 voluerit
917 916 1067 953 Christus
1084 921 1121 954 in
1133 920 1240 956 Coena
1250 921 1371 958 recoli,
1403 935 1481 956 mox
1489 925 1670 961 audiemus.
1693 931 1783 974 quod
1798 940 1909 967 autem

88 968 171 1003 hinc
190 965 349 1002 nonnulli
358 964 524 1018 colligunt
534 989 544 1003 ,
558 963 660 999 abeffe
670 967 771 1013 igitur
795 966 814 999 ὲ,
826 966 934 1002 Coena
949 965 1119 1006 Christum
1131 990 1141 1005 ‚
1160 971 1321 1014 quoniam
1333 974 1494 1004 memoria
1513 973 1644 1008 nonnil}
1654 978 1698 1008 rei
1710 976 1848 1012 absentis
1859 979 1908 1015 fit:

87 1026 246 1067 prompta
257 1014 300 1048 est
309 1012 487 1061 respouiio‚
497 1011 674 1049 secundum
682 1015 768 1053 hanc
778 1015 941 1052 rationem
952 1026 1017 1064 qua
1027 1016 1133 1049 Coena
1143 1017 1186 1050 est
1197 1018 1378 1052 recordatio
1387 1042 1397 1056 ‚
1407 1019 1538 1053 Christi]
1550 1020 1589 1055 ab
1600 1021 1656 1056 illa
1667 1022 1768 1058 abeffe
1781 1039 1788 1058 :
1800 1028 1908 1073 neque

85 1067 179 1099 enim
198 1063 282 1098 adest
293 1062 444 1097 Christus
456 1060 626 1099 visibiliter
635 1084 644 1099 ‚
665 1075 772 1108 neque
783 1060 889 1096 oculis
900 1065 1044 1100 cernitur
1061 1062 1154 1098 ficuti
1166 1062 1313 1109 symbola
1323 1079 1395 1112 quae
1406 1067 1512 1114 ipsum
1526 1067 1699 1116 figurando
1712 1077 1910 1110 memoriam

84 1113 232 1147 nostram
243 1113 394 1147 excitant.
406 1111 549 1161 denique
558 1109 671 1149 locum
682 1123 753 1147 non
766 1121 872 1147 mutat
881 1133 891 1149 ‚
902 1121 936 1148 vt
946 1110 1045 1146 nobis
1055 1111 1143 1146 adsit:
1155 1111 1205 1149 sed
1217 1114 1233 1147 ὲ
1243 1113 1322 1153 caejlo
1332 1112 1519 1163 praesentem
1530 1119 1565 1152 in
1577 1131 1639 1153 nos
1651 1123 1759 1155 carnis
1772 1120 1832 1157 suae
1843 1126 1909 1162 vir·

85 1171 193 1195 tutem
203 1156 404 1195 transmittit.

130 1219 165 1250 ²5
215 1204 244 1252 C
243 1209 363 1246 alicam,
368 1206 523 1256 postquam
535 1210 748 1251 coenauerant.)
797 1207 934 1243 Videtur
943 1207 1123 1252 Apostolus
1133 1207 1269 1255 aliquod
1289 1214 1448 1258 temporis
1459 1213 1672 1252 interuallum
1696 1228 1811 1254 notare
1823 1218 1905 1253 inter

79 1258 332 1312 porreetionem
346 1258 440 1305 panis
452 1260 486 1293 ὃς
497 1255 608 1292 calicis
622 1268 630 1288 ι
650 1268 758 1301 neque
769 1253 841 1292 satis
851 1256 978 1289 constat
989 1268 1026 1288 cx
1035 1257 1248 1302 Euangelistis
1261 1271 1301 1296 an
1312 1270 1383 1292 tota
1393 1262 1480 1295 actio
1492 1262 1588 1297 fuerit
1603 1268 1772 1300 continua.
1790 1266 1906 1302 vertim

77 1306 115 1340 ld
126 1318 198 1340 non
207 1305 289 1339 adeo
300 1306 414 1351 magni
422 1304 465 1338 est
476 1306 651 1337 momenti:
662 1302 730 1337 fieri
741 1306 829 1337 enim
843 1302 949 1350 potest
961 1313 995 1337 vt
1005 1306 1206 1338 concionem
1217 1305 1361 1353 aliquam
1372 1309 1601 1358 interposuerit
1612 1313 1782 1349 Dominus
1791 1322 1906 1362 porte-4

80 1355 138 1388 sto
149 1357 233 1402 pane
243 1376 253 1392 ‚
266 1364 445 1399 autequam
455 1351 517 1386 cali
568 1364 592 1385 n
603 1352 702 1385 daret.
712 1350 825 1387 verum
838 1353 915 1397 quia
923 1351 1008 1391 nihil
1018 1351 1134 1398 agebat
1160 1364 1216 1386 aut
1225 1353 1352 1391 dicebat
1361 1367 1548 1392 exrraneum
1560 1360 1578 1393 a
1590 1361 1741 1404 mysterio
1752 1376 1759 1395 :
1772 1371 1842 1397 n'on
1853 1365 1905 1397 di-

78 1414 194 1437 cemus
210 1399 530 1435 administrationem
578 1398 632 1433 isse
641 1399 806 1435 turbatam
816 1411 872 1433 aut
882 1398 1047 1433 mutilam.
1059 1399 1168 1436 Nolui
1177 1412 1287 1434 autem
1298 1413 1373 1436 cum
1385 1403 1521 1438 Erasmo
1532 1418 1654 1441 vertere
1664 1431 1673 1445 ‚
1693 1400 1906 1458 Ccena‘pera·

82 1452 146 1487 &az
155 1452 234 1498 quia
243 1452 278 1484 in
290 1462 323 1483 re
334 1451 416 1482 tanti
428 1449 583 1496 ponderis
591 1448 722 1483 vitanda
730 1446 792 1482 fuit
801 1447 1010 1499 ambiguitas.
1072 1449 1110 1481 H
1114 1451 1142 1480 ic
1150 1450 1237 1482 calix
1248 1449 1288 1482 N
1290 1462 1378 1485 ouum
1395 1452 1602 1494 testamentum
1611 1456 1659 1494 est.
1691 1459 1794 1503 Qod
1805 1460 1842 1494 dc
1850 1471 1907 1493 ca..

78 1496 144 1533 lice
153 1499 346 1546 praedicatur
354 1521 363 1534 ‚
375 1499 452 1545 pani
463 1498 560 1530 etiam
569 1499 740 1543 competit:
750 1495 898 1541 adeoque
907 1495 968 1530 hac
979 1495 1180 1542 loquutione
1191 1499 1386 1545 exprimitur
1394 1501 1486 1546 quod
1494 1503 1570 1535 ante
1579 1502 1709 1538 breuius
1728 1506 1855 1541 dictum
1868 1522 1903 1541 e-⁸

77 1557 146 1587 rat,
166 1558 287 1594 panem
296 1543 418 1579 scilicet
431 1542 490 1578 effe
499 1556 628 1591 corpus.
638 1544 715 1577 ldeo
725 1546 816 1578 enirn
824 1542 923 1578 nobis
934 1544 977 1580 est
985 1570 995 1584 ‚
1022 1555 1055 1577 vt
1065 1542 1086 1577 fi
1096 1545 1344 1582 Testamentum
1357 1548 1392 1581 in
1403 1559 1559 1595 corpore:
1572 1552 1604 1584 id
1615 1552 1677 1588 est,
1697 1551 1800 1587 foedus
1812 1554 1905 1600 quod,

76 1592 178 1630 semei
188 1592 422 1631 immolatione
431 1595 579 1639 corporis
591 1590 752 1625 sancitum
761 1590 834 1628 fuit:
847 1595 881 1626 ὅ(
892 1603 982 1629 nunc
991 1590 1133 1628 sancitur
1142 1591 1394 1631 vescendo‚dum
1406 1594 1529 1631 scilicet
1539 1611 1576 1632 ex
1586 1596 1743 1634 sacrificio
1753 1601 1812 1635 illo
1823 1615 1905 1651 epu-

79 1642 192 1678 lantur
204 1641 323 1677 fideles.
340 1643 453 1687 ltaque
462 1651 523 1687 pro
535 1653 575 1673 eo
585 1639 676 1686 quod
684 1640 803 1673 Paulus
815 1643 850 1675 δε
864 1640 970 1677 Lucas
980 1641 1354 1679 dicunt'Testamentum
1365 1645 1400 1677 in
1410 1641 1758 1691 sanguine‚Matthaeus
1771 1653 1803 1687 ἃ
1813 1650 1904 1685 Mas-

74 1703 135 1726 cus
144 1689 267 1725 habent
285 1689 478 1736 sanguinem
487 1687 689 1724 Testamenti
697 1703 708 1721 .-
738 1688 829 1733 quod
839 1687 955 1722 eodem
966 1688 1092 1727 recidit.
1103 1687 1204 1724 Fusus
1218 1693 1306 1723 enim
1317 1689 1447 1738 sanguis
1456 1693 1520 1726 fuit
1529 1719 1540 1734 ,
1558 1705 1592 1727 vt
1602 1708 1664 1730 nos
1675 1697 1905 1734 reconciliaret

73 1741 164 1775 Deo:
175 1742 209 1773 δι
217 1749 308 1774 nunc
315 1736 441 1771 bibitur
450 1734 659 1783 spiritualiter
669 1736 688 1770 ὲ
697 1735 808 1774 nobis,
818 1746 853 1771 vt
862 1735 1145 1771 reconciliationis
1158 1736 1258 1772 simus
1266 1743 1452 1787 participes.
1465 1742 1577 1788 Qre
1587 1745 1621 1777 in
1634 1745 1743 1778 Coena
1753 1750 1786 1779 δε
1798 1735 1904 1782 [ωάυέ

73 1786 286 1824 habemus‚&
293 1788 416 1834 pignus
425 1782 555 1819 foederis
565 1782 919 1822 confirmatoriumDe
928 1784 1093 1834 vocabulo
1100 1786 1340 1824 Testamenti‚fi
1350 1788 1523 1827 Dominus
1534 1801 1663 1827 tantum
1677 1803 1835 1840 temporis
1845 1799 1904 1829 co..

75 1833 359 1876 zefferi‘t,dicemus
368 1835 403 1870 in
413 1831 611 1880 Epistolaad
623 1832 791 1867 Hebraeos.
800 1832 903 1870 Porri)
914 1832 1047 1881 vulgare
1056 1834 1100 1867 est
1110 1834 1318 1874 Sacramenta
1337 1839 1448 1871 vocari
1458 1838 1525 1872 hoc
1536 1843 1677 1875 nomine
1690 1852 1698 1872 ι
1715 1845 1793 1887 quia
1804 1843 1903 1881 nobis

71 1884 266 1919 testimonia
275 1880 349 1917 sunt
360 1883 495 1917 Diuinae
506 1879 700 1921 voluntatis,
711 1893 783 1928 quae
795 1893 867 1919 eam
877 1883 998 1916 animis
1008 1882 1128 1917 nostris
1138 1881 1349 1925 confirment.
1359 1886 1462 1921 Sicuti
1477 1889 1567 1925 enim
1582 1887 1710 1926 solenni
1718 1902 1782 1924 ritu
1794 1890 1903 1928 foedus

69 1934 160 1967 inter
167 1931 323 1966 homines
335 1931 516 1978 percutitur
525 1942 534 1962 ε
544 1930 590 1971 ita
600 1928 736 1965 nobiscu
743 1931 811 1976 agit
820 1931 1003 1970 Dominus.
1037 1930 1112 1969 Nec
1124 1933 1306 1979 improprie
1316 1931 1381 1968 hoc
1395 1935 1606 1982 dicitur:quia
1616 1949 1751 1984 propter
1763 1939 1855 1974 verbi
1867 1945 1903 1977 δε

69 1978 156 2028 signi
167 1982 414 2014 connexionem
436 1978 511 2014 vere
523 1976 687 2012 inclusum
697 1977 741 2011 est
750 1977 855 2012 foedus
864 1979 1009 2012 Domini
1019 1980 1054 2012 in
1065 1980 1282 2014 Sacramentis
1294 1995 1305 2014 .·
1317 1985 1350 2019 ὅ(
1362 1995 1488 2016 nomen
1501 1981 1630 2020 foederis
1640 1986 1834 2024 relationem
1847 1978 1903 2023 vel

18 2068 21 2069 ⁷
67 2026 254 2076 respectum
273 2028 314 2061 ad
324 2039 386 2065 rios
394 2025 503 2060 habet.
518 2026 593 2061 Hoc
608 2039 678 2060 non
696 2038 812 2075 parum
824 2025 946 2060 valebit
955 2026 996 2065 ad
1033 2025 1286 2074 intelligendam
1304 2031 1589 2066 Sacramentorum
1605 2043 1753 2067 naturam
1767 2049 1862 2070 :nam
1877 2036 1901 2071 fi

66 2075 192 2112 foedera
201 2074 294 2112 sunt:
318 2087 397 2122 ergo
409 2071 640 2122 promiffiones
651 2076 829 2108 continent
840 2073 961 2121 quibus
974 2077 1142 2122 erigantur
1162 2075 1371 2111 conitientiae
1382 2079 1421 2112 ad
1431 2077 1584 2113 fiduciam
1596 2078 1715 2115 salutis.
1749 2085 1842 2123 Vnde
1852 2083 1899 2119 se-

67 2127 203 2172 quitur,
223 2137 294 2163 non
305 2135 436 2161 externa
452 2122 555 2158 modo
568 2120 776 2169 professionis
789 2121 879 2170 signa
898 2120 958 2157 effe
966 2124 1054 2171 apud
1063 2123 1238 2162 homines,
1259 2123 1311 2158 sed
1323 2128 1413 2160 intus
1424 2129 1522 2160 etiam
1541 2125 1617 2162 fidei
1629 2128 1688 2163 effe
1699 2122 1901 2167 adiumenta:

67 2173 259 2218 Hocfizcite,
267 2171 496 2216 quotiefiunque
503 2168 650 2205 biberitis.
689 2169 821 2218 Duplex
831 2183 909 2218 ergo
919 2169 1051 2218 signum
1064 2172 1205 2206 instituit
1219 2172 1368 2208 Christus
1379 2176 1412 2211 in
1425 2176 1618 2221 Coena-quae
1628 2180 1703 2211 aure
1713 2178 1803 2217 Deus
1815 2192 1898 2217 con-

65 2223 188 2259 iunxit,
195 2220 301 2255 homo
312 2233 382 2254 non
392 2218 522 2266 separet,
537 2220 660 2254 Panem
671 2231 749 2267 ergo
760 2218 826 2253 sine
837 2219 938 2254 calice
947 2218 1196 2258 distribuere‚est
1205 2231 1355 2256 truncare
1365 2222 1488 2259 Christi
1498 2224 1852 2267 institutum.audimus
1863 2242 1897 2262 e·-

63 2272 142 2305 nim
152 2269 276 2304 Christi
285 2266 476 2303 verb22ficut
485 2265 576 2302 iubet
586 2279 706 2314 panem
717 2267 822 2306 edere,
834 2270 878 2301 ita
891 2266 984 2301 iubet
992 2266 1106 2302 bibere
1115 2267 1262 2308 calicem.
1273 2271 1411 2304 dimidia
1433 2284 1470 2305 ex
1482 2283 1570 2319 parte
1580 2271 1715 2320 obsequi
1729 2301 1738 2315 ‚
1751 2279 1783 2309 δε
1796 2276 1897 2310 dimi-

64 2319 156 2352 diam
171 2320 295 2366 pattem
307 2319 470 2351 omittere:
482 2315 564 2362 quid
575 2315 664 2350 aliud
678 2316 721 2352 est
732 2317 833 2362 quam
844 2314 962 2350 habere
987 2314 1133 2355 ludibrio
1144 2319 1213 2351 eius
1227 2329 1428 2365 praeceptum
1439 2322 1451 2352 ?
1462 2331 1568 2356 arcere
1577 2334 1687 2355 autem
1699 2323 1863 2370 populum
1876 2327 1895 2365 a

65 2365 169 2401 calice
180 2377 280 2412 quem
291 2365 440 2401 Christus
449 2362 607 2398 omnibus
617 2366 774 2411 propinat
784 2385 794 2401 ‚
809 2364 900 2409 quod
912 2362 946 2398 fit
956 2362 1014 2398 sub
1026 2365 1119 2412 Papae
1129 2367 1309 2411 tyrannide:
1321 2367 1395 2412 quis
1405 2378 1503 2414 neget
1516 2366 1575 2402 effe
1585 2370 1783 2406 diabolicam
1796 2373 1896 2411 auda-

65 2416 178 2449 ciam?
197 2413 302 2458 de
309 2423 420 2447 autem
429 2411 626 2449 cauillantur
636 2412 806 2446 Christum
817 2415 844 2446 A
849 2411 987 2459 postolis
998 2411 1141 2458 loquutu
1147 2424 1266 2453 m‚non
1276 2413 1529 2468 plebeiis,nimis
1543 2418 1586 2452 est
1596 2418 1769 2465 puerile,&
1783 2432 1819 2454 ex
1830 2420 1897 2457 hoc

60 2461 146 2497 loco
167 2461 261 2496 facile
272 2459 448 2498 refellitur:
459 2462 548 2496 vitos
558 2462 647 2508 enirn
660 2463 694 2497 ὃς
706 2459 859 2494 mulieres
871 2459 1055 2507 promiscue
1074 2461 1129 2495 hic
1140 2460 1323 2508 alloquitur
1333 2463 1452 2498 Paulus
1464 2487 1474 2501 ,
1486 2468 1519 2498 δέ
1532 2477 1642 2500 totum
1654 2467 1797 2502 Ecclesia:
1821 2481 1896 2506 cor-

91 2511 287 2545 usztestatur
298 2508 327 2544 se
338 2507 404 2543 illis
419 2508 484 2543 hoc
499 2506 659 2544 tradidisse
669 2520 706 2543 cx
726 2510 870 2543 Domini
883 2509 1050 2543 mandato.
1067 2511 1163 2543 Hauc
1174 2512 1386 2548 traditionem
1409 2512 1631 2561 quiabrogare
1642 2514 1707 2549 ausi
1719 2513 1792 2549 sunt
1803 2540 1813 2554 ,
1825 2529 1896 2564 quo

59 2523 179 2606 {piritu
190 2557 219 2592 se
230 2556 322 2592 fuiffe
339 2559 430 2592 actos
441 2557 621 2592 obtenderit
632 2564 641 2590 ἒ
655 2559 694 2590 Et
704 2567 815 2596 tamen
827 2557 926 2591 hodie
936 2569 1073 2605 quoque
1085 2560 1294 2605 pertinaciter
1314 2560 1383 2600 haec
1392 2571 1460 2599 tam
1471 2560 1566 2594 ctaffa
1577 2563 1763 2610 corruptela
1779 2556 1895 2600 defen-

60 2609 151 2642 ditur
162 2620 170 2641 :
187 2610 222 2640 &
242 2606 322 2653 quid
333 2609 455 2642 mirum
465 2603 488 2639 si
496 2605 707 2653 impudenter
716 2604 823 2640 verbis
835 2608 867 2639 δι
880 2601 1007 2654 scriptis
1016 2616 1181 2645 conantur
1191 2606 1338 2647 excusare
1351 2609 1443 2660 quod
1454 2620 1521 2648 tam
1532 2610 1705 2650 crudeliter
1714 2611 1848 2660 ignibus
1860 2615 1894 2649 ὃς

61 2654 151 2691 ferro
159 2655 332 2690 vindicant
340 2659 356 2688 ἓ
1451 2690 1456 2693 .
1588 2696 1592 2701 ,

111 2706 153 2739 26
198 2703 441 2752 Qvtiefiunque
449 2703 528 2735 enim
537 2700 683 2745 ederitis.)
731 2703 800 2735 Iam
811 2700 930 2739 Paulus
938 2703 1091 2749 adiungit
1100 2702 1207 2749 qualis
1217 2702 1332 2741 debeat
1343 2708 1506 2741 memoria
1516 2705 1807 2756 celebrarimempe
1817 2718 1896 2749 cum

61 2756 243 2799 gratiarum
255 2753 472 2788 a&i0ne‚non
486 2750 577 2796 qubd
586 2760 657 2784 tota
667 2752 829 2784 memoria
839 2752 875 2785 in
884 2748 1087 2787 confeffione
1095 2754 1161 2785 oris
1173 2750 1229 2785 fita
1240 2750 1285 2788 fit:
1301 2754 1344 2786 est
1355 2755 1446 2788 enim
1459 2753 1525 2795 hoc
1536 2758 1794 2802 praecipuum,vt
1805 2770 1896 2794 mor-

61 2803 107 2835 tis
117 2800 241 2835 Christi
250 2802 353 2834 virtus
364 2796 575 2834 conscientiis
585 2798 703 2833 nostris
715 2796 915 2845 obsignetur.
932 2797 1047 2833 verum
1058 2799 1126 2834 haec
1135 2801 1288 2847 cognitio
1299 2802 1473 2836 accendere
1485 2815 1545 2837 nos
1555 2803 1651 2837 debet
1664 2805 1704 2837 ad
1715 2803 1893 2839 confessio-

59 2860 140 2884 nem
152 2847 256 2882 laudis
265 2871 276 2886 ,
293 2859 330 2882 vt
338 2848 425 2896 apud
435 2846 590 2882 homines
600 2846 812 2893 praedicemus
822 2848 913 2894 quod
923 2845 1081 2884 sentimus
1092 2850 1182 2883 in'tus
1194 2851 1305 2882 coram
1318 2850 1403 2882 Deo.
1429 2851 1484 2884 Est
1495 2853 1595 2898 igitur
1606 2853 1713 2891 Coena
1726 2855 1893 2899 quoddam

61 2897 112 2938 (vt
121 2898 165 2931 ita
173 2895 302 2943 loquar)
313 2893 518 2932 memoriale,
531 2894 623 2943 quod
631 2895 791 2942 perpetuo
801 2895 914 2930 durare
923 2898 959 2932 in
970 2893 1109 2936 Ecclesia
1117 2895 1212 2930 debet
1224 2894 1324 2942 vsque
1335 2897 1374 2930 ad
1386 2896 1542 2938 vltimum
1557 2899 1679 2938 Christi
1695 2902 1754 2934 adu
1760 2911 1836 2936 cntu
1842 2913 1886 2935 m:

60 2945 100 2978 in
111 2943 200 2979 hunc
209 2944 310 2979 finem
320 2942 522 2984 institutum,
533 2953 568 2976 vt
579 2952 642 2977 nos
651 2944 802 2979 Christus
811 2944 850 2977 dc
859 2943 1023 2979 beneficio
1033 2946 1151 2978 mortis
1163 2942 1224 2978 suae
1235 2945 1411 2980 admoneat
1419 2972 1430 2985 ‚
1445 2950 1478 2980 &
1493 2960 1555 2983 nos
1567 2959 1676 2984 coram
1691 2948 1888 2982 hominibus

53 2992 98 3038 ‚id
107 2991 389 3040 recognoscamus:
399 2993 484 3032 vnde
495 2995 528 3026 &
540 3003 666 3026 nornen
677 2991 883 3032 Eucharistiae
895 2991 1127 3037 habet.1taque
1139 3002 1172 3026 vt
1185 2994 1246 3026 rite
1258 2994 1401 3028 Coenam
1413 2994 1555 3031 celebres
1565 3018 1574 3032 ,
1588 2999 1778 3035 memineris
1792 2995 1847 3031 abs
1859 2997 1891 3037 te

61 3041 185 3086 requiri
195 3039 268 3075 fidei
280 3051 343 3075 tuae
353 3038 599 3089 professionem·-
614 3037 703 3074 'hinc
712 3047 845 3087 apparet
855 3041 956 3088 qu‘am
967 3041 1175 3087 impudenter
1185 3040 1259 3074 Deo
1278 3038 1417 3076 illudant
1429 3046 1487 3089 qui
1501 3046 1535 3079 in
1548 3041 1642 3077 Milia
1655 3046 1775 3078 iactant
1785 3042 1813 3076 le
1830 3043 1890 3082 ha-

58 3086 138 3123 bere
147 3087 411 3135 qualemcunque
422 3089 576 3127 Coenam.
602 3088 696 3135 Qd
707 3091 798 3121 enim
808 3089 853 3122 est
869 3087 990 3123 Missa?
1009 3088 1153 3122 fatentur
1163 3087 1310 3130 illi‚(non
1322 3092 1413 3124 enim
1427 3092 1467 3124 de
1485 3091 1618 3138 papistis
1628 3090 1748 3136 loquor
1764 3114 1773 3126 ‚
1789 3088 1840 3127 sed
1850 3092 1889 3124 de

59 3130 382 3180 Pseudonicodemis)
394 3136 580 3175 execrandis
590 3134 874 3184 superstitionibus
886 3135 1036 3172 refertam
1049 3134 1126 3170 esse:
1139 3148 1189 3174 eas
1204 3133 1234 3170 se
1244 3149 1379 3183 externo
1391 3140 1480 3184 gestu
1489 3138 1626 3186 probare
1639 3137 1889 3183 simulant.qua—-‘

61 3183 105 3218 iis
122 3183 229 3218 isthaec
239 3185 283 3218 est
299 3186 485 3232 praedicatio
497 3186 615 3219 mortis
628 3184 777 3219 Christi?
795 3196 837 3219 an
847 3198 918 3225 non
929 3187 1042 3232 potius
1061 3196 1131 3218 eam
1144 3186 1294 3219 eiurant?
1340 3189 1447 3219 Donec
1457 3190 1574 3219 veniat.
1612 3187 1785 3231 Qoniam
1804 3184 1889 3220 sem⁴

60 3244 118 3281 per
132 3232 318 3278 indigemus
342 3232 400 3267 tali
410 3231 618 3268 adminiculo
631 3259 642 3273 ,
654 3232 804 3280 quandiu
815 3235 850 3266 in
860 3233 925 3267 hoc
937 3232 1066 3270 mundo
1075 3230 1239 3267 versamur
1244 3252 1256 3270 ‚
1280 3232 1441 3280 fignificat
1452 3232 1571 3267 Paulus
1582 3232 1667 3266 hanc
1685 3234 1888 3269 recordatio-

2 3281 8 3284 ’
59 3294 138 3315 nem
149 3279 246 3314 nobis
257 3277 317 3313 effe
326 3282 592 3316 commendatam
602 3279 702 3328 vsque
712 3280 793 3314 dum
803 3292 954 3328 appareat
964 3281 993 3314 C
996 3279 1115 3315 hristus
1125 3280 1164 3314 ad
1174 3282 1346 3316 iudicium.
1364 3283 1454 3325 Qa
1469 3282 1558 3314 enim
1573 3279 1693 3313 visibili
1705 3279 1811 3315 forma
1823 3290 1887 3316 no-

11 3354 14 3357 ·
57 3328 186 3364 bii'cum
206 3340 277 3374 nou
288 3326 429 3364 versatur
438 3351 450 3368 ,
481 3326 606 3365 neceffe
614 3330 659 3366 est
666 3340 773 3364 extare
782 3327 919 3376 aliquod
929 3326 1108 3383 spiritualis
1116 3328 1291 3377 praesentiae
1301 3327 1487 3373 symbolum
1499 3339 1568 3373 quo
1578 3326 1608 3361 se
1619 3335 1746 3363 mentes
1768 3331 1885 3366 nostrae

22 3417 32 3427 ,Δ
56 3386 238 3414 exerceant.

26 3428 29 3432 .
1619 3425 1644 3463 t.
1694 3426 1754 3473 iiij.-
