2268 3705
451 96 555 142 AD
605 91 1017 140 HEBRAEOS
1065 94 1223 142 CAP·
1280 91 1429 140 x111-
1865 105 1919 148 623

114 167 218 205 tiamsi
232 169 382 203 maximis
393 164 831 212 opibusabundent‚seinper
839 163 913 211 plus
923 176 1092 211 appetunt.
1106 166 1184 199 Haec
1195 163 1239 198 est
1249 165 1516 212 do&rina‚quam
1529 163 1559 199 se
1569 165 1689 201 Paulus
1702 167 1843 204 didicisse
1853 183 1936 218 prae-

115 222 210 253 dicat:
225 230 344 263 nempe
353 216 442 261 quod
455 224 590 247 nouerat
601 209 764 260 abundare
776 219 808 246 ὅ(
821 224 992 258 penuriam
1005 216 1083 260 pari.
1109 215 1195 260 Ergo
1205 215 1262 258 qui
1281 212 1340 248 suae
1367 216 1542 260 cupiditati
1557 216 1694 248 modum
1707 217 1865 264 imposuit
1876 243 1886 255 ,
1898 230 1933 253 vt

114 280 209 312 :equo
220 268 334 299 animo
344 261 522 307 acquiescat
534 265 568 294 in
579 258 631 294 sua
643 259 738 300 sorte,
751 264 777 294 is
788 262 935 307 pecunia:
946 273 1094 295 amorem
1106 274 1143 295 ex
1153 268 1210 295 luo
1221 264 1336 295 animo
1348 262 1483 308 expulit.
1533 263 1599 311 Ipse
1610 276 1688 295 caim
1701 265 1790 298 dixit.
1841 269 1933 301 Cirat

114 314 168 349 luc
179 314 247 348 duo
257 313 452 346 testimonia:
468 322 557 355 prius
568 308 736 355 sumptum
749 319 866 355 putant
877 320 912 341 ex
921 306 1013 342 losuc
1024 321 1119 356 cap.1.
1130 322 1192 357 ego
1207 311 1284 343 vero
1297 322 1400 358 magis
1412 309 1552 344 arbitror
1563 310 1758 346 lente-nciam
1781 314 1866 349 hanc
1876 318 1932 348 ad-

113 358 316 398 donauit-11³„-
327 371 363 392 ex
374 360 548 391 communi
560 359 730 403 Scripturae
741 358 904 392 doctrina,
914 361 972 390 acii
982 358 1118 395 dixiller,
1131 355 1271 392 l’affium
1285 359 1453 392 Dominus
1466 356 1494 391 sc
1505 358 1603 392 nobis
1616 372 1788 406 nunquam
1801 364 1932 397 defuru-

112 423 184 445 rum
198 409 380 453 pollicetur.
395 408 437 440 Ex
451 408 509 438 hac
521 403 735 452 promiliionc
754 404 850 438 infert
862 405 953 450 quod
962 404 1098 439 habetur
1111 405 1238 439 Psalmo
1250 411 1296 440 1125
1307 429 1316 442 ,
1337 407 1434 441 nobis
1443 404 1610 454 suppetere
1623 410 1752 442 timoris
1772 413 1931 446 vincendi

112 469 292 495 materiam,
305 467 408 501 quum
420 455 458 486 de
469 453 593 487 auxrlio
608 454 671 486 Dei
682 464 759 486 certi
773 452 891 486 lumus.
905 455 970 486 Hic
985 455 1060 486 veto
1073 454 1228 488 morbum
1240 456 1257 487 a
1270 455 1373 488 radice
1385 453 1451 503 ipsa
1462 454 1585 488 euellit:
1597 455 1688 489 licuti
1701 459 1822 492 neccsse
1835 461 1876 492 est
1886 484 1895 498 ,
1908 460 1930 493 li

110 506 266 539 volumus
289 505 467 537 hominum
488 504 619 535 animos
631 514 669 534 eo
681 502 752 534 vere
763 512 919 548 purgatos
931 499 1000 534 eil'e.
1020 503 1156 536 fontem
1171 505 1313 536 auanu'ae
1331 516 1456 537 certum
1470 505 1513 537 est
1525 504 1584 537 ell'e
1601 502 1828 540 diffidentiam.
1851 521 1930 542 nain

111 555 256 601 quisquis
268 553 331 586 hoc
341 553 457 584 animo
469 547 607 583 infixum
622 549 767 589 habebit,
778 561 950 594 nunquam
964 548 993 582 se
1004 551 1022 583 a
1035 551 1190 584 Domino
1200 551 1346 585 “libiam
1359 554 1409 586 iti,
1421 565 1490 585 non
1501 564 1559 586 erit
1570 551 1651 587 vltra
1671 556 1808 588 modum
1821 553 1931 589 solici-

110 613 172 636 tus:
185 603 261 648 quia
275 601 427 647 pendebit
447 598 486 631 ab
501 597 590 631 illius
601 599 820 644 prouidentia.
833 598 1012 631 Prudenter
1024 610 1102 645 ergo
1113 599 1293 649 Apostolus
1303 623 1313 638 ‚
1324 613 1385 633 nos
1396 599 1435 633 ab
1445 604 1587 635 auaritiae
1608 601 1727 635 morbo
1740 614 1851 637 curare
1871 617 1930 638 vo-

108 649 190 686 lens,
203 651 239 683 ad
254 651 314 682 Dei
326 643 556 695 pi‘omissiones
567 657 709 678 reuocat:
723 645 843 692 quibus
854 646 984 679 testatur
995 645 1024 679 se
1035 646 1136 680 nobis
1146 645 1332 694 praesentem
1345 647 1424 681 fore.
1440 649 1551 682 Postea
1561 650 1638 683 inde
1648 650 1796 697 colligit,
1807 653 1930 698 quadiu

107 698 181 731 talis
194 699 290 731 nobis
303 701 345 730 eii:
355 697 497 730 adiutor,
512 693 636 726 nullam
649 692 707 726 elle
718 694 856 726 timendi
868 693 1007 727 causam.
1029 697 1075 728 lta
1087 698 1175 729 enim
1188 694 1243 728 fiet
1261 707 1295 729 vt
1307 696 1404 730 nullae
1416 709 1479 730 nos
1489 709 1595 743 prauae
1605 701 1800 746 cupiditates
1820 700 1930 735 solici-

106 758 187 786 tent‚
200 759 276 793 quia
288 744 353 778 sola
365 742 440 777 fides
452 743 494 775 cst
507 755 577 788 quae
589 754 701 788 pacare
714 742 892 775 hominum
906 753 1031 776 mentes
1043 741 1256 790 poffit:quarr‘i
1268 743 1395 790 alioqui
1407 744 1479 791 plus
1491 743 1562 779 satis
1573 758 1654 780 nora
1664 748 1706 781 est
1718 751 1929 795 inquietudo.

159 816 184 851 7
243 811 413 841 Mentores
423 799 520 851 estate
527 798 760 854 praefcbiorum
769 802 967 837 vestrorum
984 804 1048 852 qui
1061 801 1076 839 l
1079 805 1200 855 oquuti
1199 799 1289 855 sunt
1296 800 1598 853 vobissbrmonem
1608 809 1675 845 Dei
1686 834 1697 850 ‚
1716 819 1862 860 quorum
1872 813 1925 851 ia-

104 869 161 898 tuc
167 871 240 900 ntes
252 861 399 898 exitium
406 853 684 908 conuerfhHmts,
693 854 1006 906 imitaminifidem.

159 920 179 956 8
237 916 324 968 lestis
337 911 488 965 Christus
496 910 570 952 heri
579 910 619 957 ά
630 911 744 955 hodie,
754 911 850 951 idem
868 917 974 951 etiam
983 909 1150 961 insbeulae.

157 987 182 1021 9
239 972 421 1010 Dod‘i'rinis
431 972 544 1008 variis
569 972 810 1022 &peregrinis
821 983 864 1007 ne
883 969 1178 1022 circumferamini.
1201 976 1340 1012 Bonum
1352 976 1444 1012 enim
1450 977 1572 1029 gratia
1582 987 1639 1012 cor
1645 976 1840 1026 confirmari
1856 993 1927 1018 nm

102 1030 199 1074 cibis,
208 1043 268 1082 qm
279 1024 585 1081 nihilprofuerunt
594 1028 634 1077 ᾗς
643 1039 704 1078 qui
711 1024 834 1064 millis
853 1026 982 1078 veisati
988 1023 1085 1078 fimi.

152 1098 171 1130 7
224 1086 390 1118 Memora·
401 1084 510 1124 estote.)
560 1082 645 1126 Qae
656 1079 846 1126 sequuntur,
859 1094 927 1114 non
940 1093 1004 1114 tam
1016 1083 1054 1114 ad
1067 1093 1173 1115 mores
1183 1083 1284 1128 quam
1297 1085 1334 1118 ad
1345 1085 1530 1120 dostrinam
1543 1088 1837 1132 pcrtinenr.Primo
1849 1087 1927 1124 loco

100 1136 214 1169 ludatis
226 1130 414 1179 exemplum
428 1142 541 1163 corum
554 1131 714 1175 proponit
725 1130 743 1162 a
770 1128 892 1174 quibus
903 1131 1010 1164 edoch
1024 1130 1169 1164 ruerant:
1183 1138 1219 1164 ac
1230 1134 1357 1167 videtur
1366 1134 1574 1180 peculiariter
1584 1136 1624 1168 dc
1636 1138 1676 1169 iis
1688 1136 1782 1182 loqui
1794 1140 1852 1183 qui
1864 1139 1925 1172 do—

104 1185 244 1218 ‹sti-inam
257 1182 274 1213 a
287 1178 314 1213 se
325 1179 476 1213 traditam
489 1179 625 1224 proprio
637 1175 793 1223 sanguine
805 1176 1066 1225 obfignauetant.
1081 1180 1251 1225 Qddam
1263 1184 1353 1216 enim
1366 1181 1581 1217 memorabile
1603 1183 1747 1231 deligunt
1756 1198 1860 1231 quum
1873 1188 1928 1220 di„

99 1234 156 1268 cit,
167 1226 323 1278 Jntuemes
333 1231 448 1260 exitum
471 1225 708 1268 conuersationis.
753 1227 895 1258 Tametli
907 1226 993 1259 nihil
1007 1229 1148 1274 impedit
1159 1232 1340 1273 quominus
1360 1231 1552 1278 generaliter
1563 1231 1628 1266 hoc
1641 1234 1867 1280 intelligamus
1887 1236 1926 1270 de

101 1282 140 1314 iis
153 1280 254 1326 quiin
267 1275 339 1309 sana
351 1274 413 1309 fide
422 1276 460 1308 ad
472 1286 653 1308 extremum
667 1285 682 1306 v
690 1272 765 1319 sque
778 1274 979 1322 perstiterant
992 1297 1000 1311 ,
1014 1278 1046 1309 ἃ
1058 1286 1123 1308 tam
1140 1278 1174 1309 in
1186 1289 1292 1310 morte
1303 1292 1401 1325 quam
1413 1291 1484 1312 tota
1496 1282 1563 1313 vita
1575 1303 1584 1318 ‚
1597 1280 1690 1314 fidele
1701 1280 1781 1316 sanae
1800 1283 1926 1318 dorbi-

99 1327 387 1362 naetestimoninm
401 1324 453 1356 red
465 1324 616 1356 {ider-int.
628 1322 703 1355 Hoc
714 1333 822 1356 autem
836 1335 904 1356 non
917 1334 1032 1371 parum
1044 1323 1139 1361 valet,
1155 1323 1245 1371 quod
1257 1324 1329 1361 suos
1340 1328 1404 1362 illis
1417 1329 1569 1362 doctores
1581 1330 1621 1362 ad
1634 1332 1833 1365 imitandum
1847 1345 1926 1379 pso..

95 1377 203 1428 ponit.
216 1374 303 1408 Nam
316 1375 373 1418 qui
386 1384 447 1405 nos
463 1374 497 1404 in
509 1371 643 1405 Christo
655 1382 842 1416 genuerunt
853 1394 863 1408 ,
885 1370 971 1416 quali
985 1383 1113 1418 patrum
1126 1371 1204 1406 loco
1215 1370 1274 1406 effe
1285 1376 1383 1411 nobis
1396 1375 1527 1410 debent.
1551 1389 1655 1422 quum
1671 1391 1749 1425 ergo
1759 1391 1814 1412 eos
1826 1382 1924 1414 vidis-

95 1428 164 1458 1ent
174 1425 293 1470 partim
307 1424 390 1454 inter
401 1418 495 1453 ileuas
507 1417 908 1466 persequutiones‚partim
921 1424 1006 1453 inter
1017 1423 1104 1455 vatia
1116 1423 1297 1456 certamina
1307 1427 1492 1459 constantes
1508 1429 1539 1458 3<
1552 1423 1722 1464 infractos,
1735 1429 1853 1462 merite,
1864 1431 1921 1463 de-

95 1471 218 1508 bebant
229 1470 302 1517 plus
317 1471 454 1502 moneri.
937 1475 940 1478 ·

142 1521 162 1553 8
209 1519 288 1562 lefiis
302 1517 432 1561 Chmsius
443 1518 533 1555 heri.)
584 1516 662 1549 Haec
674 1517 772 1550 vnica
783 1516 826 1549 est
838 1518 922 1550 ratio
933 1529 997 1563 qua
1009 1518 1043 1550 in
1055 1519 1141 1552 reeta
1150 1516 1214 1552 fide
1223 1520 1414 1567 perstemus,
1426 1520 1448 1555 si
1460 1523 1642 1556 retinemus
1653 1521 1923 1567 fundamentum,

95 1581 204 1613 neque
216 1567 256 1600 ab
267 1580 306 1600 eo
318 1565 368 1599 vel
379 1564 547 1599 tantillum
559 1561 764 1598 discedimus.
775 1566 845 1610 Q
859 1567 949 1599 enim
963 1565 1132 1600 Christum
1144 1580 1213 1601 non
1226 1569 1454 1608 tenet‚etiamfi
1467 1570 1583 1604 caelum
1596 1575 1628 1604 8<
1641 1582 1757 1605 terram
1771 1584 1923 1620 compte-

91 1616 227 1652 hendat,
245 1614 330 1648 nihil
341 1611 420 1661 sapit
431 1611 490 1647 nisi
502 1623 623 1646 meram
636 1615 828 1646 vanitatem.
839 1616 875 1646 ln
887 1613 1021 1647 Christo
1033 1616 1123 1649 enim
1135 1614 1249 1649 inclusi
1262 1615 1335 1650 sunt
1345 1630 1464 1651 omnes
1474 1618 1606 1653 caelestis
1618 1618 1782 1668 sapientia:
1793 1621 1924 1657 theiau-

93 1667 132 1698 ri.
142 1665 283 1698 Proinde
297 1663 351 1696 hic
363 1662 405 1695 est
416 1660 550 1708 infignis
562 1660 666 1697 locus,
677 1673 714 1694 ex
725 1673 793 1707 quo
805 1662 949 1695 diximus
962 1675 1029 1696 non
1042 1663 1139 1696 aliam
1152 1665 1238 1699 reete
1250 1662 1395 1712 sapiendi
1405 1665 1464 1699 effe
1475 1666 1587 1713 reguli
1599 1694 1608 1708 ‚
1620 1669 1720 1714 quam
1733 1681 1766 1702 vr
1778 1669 1924 1706 sistamus

109 1725 228 1750 omnes
239 1711 366 1745 nostros
377 1708 480 1743 sensus
491 1722 524 1743 ln
539 1707 610 1742 solo
621 1708 765 1743 Christo.
777 1709 940 1744 Caererum
951 1714 1028 1756 quia
1040 1723 1116 1744 cum
1127 1713 1242 1746 Iudaeis
1253 1712 1381 1759 agebat,
1390 1716 1500 1752 docet,
1510 1714 1681 1750 Christum
1693 1714 1820 1766 semper
1838 1732 1874 1753 eu
1883 1733 1925 1754 n-

116 1774 167 1795 em
178 1763 401 1808 principatum
415 1757 550 1792 tenuisse
561 1770 661 1803 quem
675 1757 774 1791 hodie
784 1769 874 1792 tenet
887 1771 898 1789 .·
918 1770 955 1793 ac
966 1758 1091 1805 semper
1101 1758 1148 1793 sui
1158 1759 1228 1793 fore
1238 1760 1376 1795 similem
1390 1762 1490 1808 vsque
1507 1764 1546 1796 ad
1558 1761 1659 1798 finem
1671 1769 1799 1800 mundi.
1826 1770 1924 1806 Heri,

91 1811 214 1855 inquit,
226 1813 263 1848 (ῤ’
274 1806 373 1844 hodie,
387 1806 466 1839 idem
476 1810 567 1840 etiam
577 1806 728 1849 insecula.
740 1806 860 1852 quibus
872 1806 978 1840 verbis
991 1806 1150 1853 fignificat
1159 1831 1170 1845 ‚
1193 1808 1363 1842 Christum
1378 1836 1388 1849 ,
1398 1813 1454 1856 qui
1465 1823 1557 1846 nunc
1569 1813 1698 1847 mundo
1711 1813 1775 1850 fuit
1795 1816 1924 1851 exhibi-

90 1869 155 1897 tus,
167 1857 207 1890 ab
218 1858 317 1889 initio
332 1855 446 1889 mundi
458 1853 610 1901 regnaffe:
626 1866 685 1887 nec
695 1853 830 1888 vlterius
840 1853 885 1888 fas
897 1853 955 1888 else
966 1856 1130 1902 progredi,
1143 1857 1318 1903 postquam
1330 1859 1369 1891 ad
1383 1871 1458 1892 eum
1470 1871 1670 1906 peruentum
1681 1862 1735 1895 est.
1749 1864 1830 1898 Heri
1840 1877 1921 1912 ergo

88 1916 200 1940 totum
213 1906 338 1938 Veteris
349 1903 533 1937 testamenti
545 1914 675 1949 tempus
685 1903 931 1950 compleciitun
941 1915 978 1937 ac
989 1906 1106 1949 nequis
1126 1903 1267 1938 subitam
1282 1905 1382 1952 paulo
1394 1907 1466 1953 post
1478 1911 1703 1943 mutationem
1723 1914 1918 1958 expectaret,

89 1966 132 2001 qu
139 1956 167 1986 ia
177 1965 288 1987 recens
298 1952 404 1986 adhuc
415 1963 479 1985 erat
490 1950 662 1996 Euangelii
674 1950 910 1997 promulgatio,
923 1954 1131 1998 pronuntiat,
1143 1951 1184 1986 sic
1196 1966 1301 2001 nuper
1311 1955 1492 1990 reuelaturn
1505 1955 1565 1990 effe
1577 1957 1761 1999 Christum,
1774 1971 1809 1993 vt
1818 1972 1919 2009 perpe

88 2003 150 2036 ῑιιὸ
161 2002 252 2035 duret
265 2003 375 2033 eadem
389 2003 456 2033 cius
468 2001 631 2045 cognitio.
643 1999 734 2032 Hinc
746 2011 877 2045 apparet
890 2025 899 2038 ,
910 2012 979 2034 non
992 2000 1030 2032 de
1041 2011 1158 2035 aeterna
1169 2001 1293 2035 Christi
1306 2001 1436 2036 essentia
1453 2005 1653 2051 Apostolum
1666 2005 1828 2056 disputare
1837 2033 1847 2047 ,
1867 2012 1918 2045 led

86 2051 126 2083 de
137 2052 205 2083 eius
218 2051 348 2084 notitia,
361 2061 431 2093 quae
443 2049 602 2080 omnibus
612 2046 726 2080 seculis
739 2050 847 2095 viguit
859 2050 944 2080 inter
954 2050 1040 2094 pios,
1052 2060 1088 2081 ac
1098 2061 1294 2096 perpetuum
1306 2050 1451 2086 Ecclesia:
1473 2052 1729 2089 fundamentum
1741 2055 1814 2090 fuit.
1834 2058 1918 2091 Cer-

87 2109 160 2131 tum
173 2098 305 2143 quidem
319 2097 373 2132 est,
386 2098 474 2141 prius
484 2093 574 2128 fuiss‘e
586 2095 755 2128 Christum
768 2095 868 2141 quam
883 2097 1039 2129 virtutem
1051 2094 1139 2130 suam
1153 2110 1303 2132 exereret.
1318 2097 1367 2132 led
1381 2112 1471 2134 nunc
1483 2104 1639 2146 quaeritur
1651 2104 1732 2149 quid
1745 2108 1860 2140 tractet
1869 2108 1917 2140 A-

85 2146 246 2193 postolus.
261 2145 333 2177 ideo
344 2146 418 2177 dico
429 2145 467 2176 ad
479 2142 668 2189 qualitatem
684 2143 730 2183 (v't
741 2145 785 2175 ita
798 2142 928 2190 loquat)
940 2142 1049 2177 referri
1061 2145 1151 2179 hunc
1161 2143 1358 2183 sermonem,
1373 2161 1442 2182 non
1453 2150 1491 2182 ad
1506 2148 1684 2184 essentiam:
1696 2154 1774 2198 quia
1785 2166 1852 2187 non
1865 2155 1917 2188 di-

84 2193 233 2242 sputatur¹
243 2207 281 2226 an
294 2203 431 2226 :eternus
441 2190 537 2224 fuerit
548 2192 634 2236 apud
643 2192 782 2230 Patrem,
793 2190 842 2225 sed
854 2192 959 2237 qualis
973 2191 1070 2226 fuerit
1082 2197 1151 2227 eius
1162 2197 1281 2228 notitia
1293 2197 1377 2229 inter
1388 2195 1556 2231 homines.
1568 2195 1732 2234 Csaeteffim
1745 2201 1916 2237 manifesta

85 2246 135 2277 tio
147 2242 280 2276 Christi,
292 2253 454 2287 quantum
468 2240 506 2271 ad
518 2246 681 2272 externam
695 2237 832 2285 speciem
846 2245 878 2274 ὃς
896 2241 1047 2277 modum,
1058 2241 1181 2277 diueria
1190 2244 1324 2288 quidem
1335 2243 1397 2278 fuit
1409 2243 1466 2279 sub
1478 2247 1564 2292 Lege
1575 2273 1585 2286 ,
1604 2247 1644 2281 ab
1655 2261 1690 2281 ea
1700 2261 1799 2294 quam
1814 2251 1915 2285 hodie

85 2288 441 2324 iubemus21'edid11on
455 2287 558 2321 obstat
570 2289 752 2333 quominus
763 2289 837 2321 vere
850 2292 882 2322 ὅ(
894 2290 1027 2335 proprie
1041 2289 1127 2324 dicar
1138 2291 1318 2338 Apostolus
1328 2315 1337 2331 ‚
1359 2294 1502 2327 eundem
1529 2293 1654 2345 semper
1665 2296 1723 2330 efl'e
1741 2297 1913 2334 Christum

87 2341 122 2372 in
134 2350 232 2383 quem
246 2336 420 2385 respiciunt
432 2334 550 2369 fideles.
985 2369 990 2372 ,

134 2397 154 2428 9
204 2388 361 2419 Βοὲῖνιηιζσ
371 2385 493 2426 varus.)
544 2382 687 2430 Colligit
697 2396 768 2418 non
780 2382 839 2417 effe
851 2382 1091 2420 flue'tuandum:
1103 2389 1374 2434 quandoquidem
1389 2387 1449 2423 fixa
1463 2390 1506 2424 est
1516 2391 1642 2426 Christi
1654 2396 1770 2428 veritas
1779 2418 1789 2432 ‚
1801 2397 1835 2430 in
1849 2408 1914 2442 qua

84 2447 147 2468 nos
159 2432 329 2468 consistere
339 2443 482 2479 oportet.
516 2433 555 2465 Et
567 2434 650 2466 cette
661 2431 739 2466 hinc
749 2433 954 2479 opinionum
977 2436 1116 2469 varietas
1138 2462 1148 2476 ,
1167 2436 1248 2470 hinc
1271 2449 1373 2471 omne
1392 2433 1659 2485 superstitionum
1679 2454 1784 2488 genus
1803 2470 1813 2485 ,
1831 2444 1914 2480 hinc

91 2485 206 2516 omnia
226 2493 373 2516 errorum
400 2481 542 2514 monstra
551 2503 561 2517 ‚
587 2480 668 2515 hinc
695 2481 840 2526 denique
858 2493 976 2515 ornnes
994 2481 1166 2530 religionis
1185 2486 1379 2532 corruptela·
1393 2509 1403 2523 ‚
1424 2500 1529 2532 quum
1548 2491 1581 2522 in
1593 2489 1662 2523 solo
1681 2491 1816 2527 christo
1841 2506 1914 2529 non

88 2530 198 2564 statur.
243 2530 363 2575 Neque
374 2531 462 2562 enim
481 2527 594 2563 frustra
603 2529 698 2563 docet
717 2529 834 2562 Paulus
845 2552 854 2565 ‚
874 2528 980 2576 ipsum
992 2530 1090 2565 nobis
1102 2530 1160 2566 else
1170 2533 1282 2566 datum
1302 2535 1320 2567 a
1337 2535 1412 2568 Deo
1432 2538 1467 2568 in
1487 2532 1691 2583 sapientiam.
1739 2541 1829 2588 Ergo
1849 2540 1915 2576 hu-

81 2580 132 2612 ius
144 2577 209 2612 loci
222 2576 349 2612 summa
361 2577 404 2610 est
414 2601 423 2613 ‚
447 2587 482 2610 vt
494 2576 591 2610 nobis
603 2577 729 2610 constet
740 2575 833 2610 firma
846 2578 912 2610 Dei
924 2581 1040 2612 veritas
1051 2602 1061 2615 ‚
1081 2581 1114 2613 in
1127 2579 1196 2614 solo
1216 2582 1348 2616 Christo
1358 2582 1632 2628 acquiescendum
1644 2585 1712 2620 effe,
1739 2590 1833 2623 Vnde
1843 2589 1916 2623 col-

81 2621 218 2673 ligimus
237 2638 354 2660 omnes
367 2628 424 2671 qui
435 2625 604 2658 Christum
616 2627 772 2671 ignorant
784 2647 793 2661 ,
811 2625 970 2663 omnibus
981 2628 1103 2661 Satanae
1123 2626 1258 2663 fallaciis
1270 2628 1329 2669 effe
1347 2631 1526 2678 expositos:
1539 2635 1615 2680 quia
1628 2647 1714 2668 extra
1724 2649 1799 2670 eum
1820 2638 1914 2674 nulla

81 2678 125 2708 eii
134 2673 208 2708 fidei
222 2673 388 2713 stabilitas,
400 2675 451 2706 sed
462 2677 643 2706 innumera:
658 2675 864 2719 agitationes.
876 2676 1001 2708 Mirum
1013 2687 1092 2723 ergo
1102 2678 1300 2724 Papistarum
1312 2691 1464 2716 acumen,
1475 2683 1532 2726 qui
1542 2687 1749 2725 cont-ratium
1761 2688 1910 2720 remedia

60 2751 69 2758 .
81 2721 298 2770 profligandis
309 2722 472 2755 erroribus
483 2723 722 2768 excogitarunt,
735 2734 855 2767 nempe
867 2721 887 2755 1².
896 2725 1041 2757 extincta
1062 2723 1099 2758 sit
1111 2725 1161 2758 vel
1172 2724 1295 2774 sepulta
1306 2727 1429 2761 Christi
1440 2731 1603 2775 cognitio.
1625 2732 1747 2766 Verum
1759 2733 1827 2768 haec
1837 2737 1911 2782 Spi-

81 2773 164 2806 ritus
173 2771 274 2805 saneh
285 2771 475 2804 admonitio
486 2768 639 2803 cordibus
650 2770 768 2804 nostris
779 2769 923 2808 insideat,
935 2784 1003 2805 non
1014 2771 1107 2806 aliter
1116 2785 1203 2811 extra
1212 2776 1398 2822 periculum
1413 2789 1474 2810 nos
1486 2778 1567 2817 fore,
1579 2780 1678 2824 quam
1690 2780 1711 2814 fi
1726 2781 1859 2816 Christo
1869 2784 1910 2817 ad

80 2818 273 2853 haereamus.
284 2818 386 2852 Porro
398 2819 564 2851 doctrinas
579 2830 650 2862 quae
664 2819 682 2850 ὲ
693 2817 825 2851 Christo
838 2831 899 2852 nos
910 2818 1090 2857 abducunt,
1103 2824 1204 2856 varias
1215 2822 1358 2869 appellat
1372 2828 1550 2870 :quoniam
1563 2840 1634 2861 non
1646 2828 1708 2862 alia
1723 2830 1765 2862 est
1774 2829 1911 2878 simplex

79 2879 118 2902 ac
131 2866 249 2901 sincera
260 2869 387 2902 veritas,
398 2868 497 2912 quam
511 2866 634 2899 Christi
645 2867 808 2912 cognitio.
818 2867 1006 2913 Peregrinas
1018 2874 1270 2916 autem,quoni5
1280 2874 1439 2919 quicquid
1451 2885 1538 2907 extra
1548 2874 1679 2910 Cliristu
1692 2878 1836 2915 efl,Deus
1847 2891 1909 2925 pro

79 2913 140 2950 suo
152 2929 220 2948 non
234 2913 399 2961 agnoscet.
411 2927 479 2960 quo
491 2915 587 2946 etiam
601 2926 778 2947 monemur
788 2913 945 2959 quorsum
955 2917 1088 2950 tendere
1099 2930 1160 2951 nos
1170 2919 1292 2957 deceat,
1303 2920 1325 2953 si
1339 2920 1399 2954 rite
1411 2921 1567 2956 volumus
1581 2926 1614 2957 in
1627 2926 1791 2971 Scriptura
1805 2926 1908 2973 profi-

81 2974 163 2997 cere.
181 2965 409 3009 peregrinatur
421 2964 510 2996 enim
520 2961 667 3008 quisquis
679 2975 748 2995 non
759 2963 845 2996 recia
859 2965 892 2996 in
905 2963 1072 2998 Christum
1084 2965 1244 3003 collimat.
1256 2967 1427 3014 Significat
1439 2982 1588 3017 praeterea
1598 2973 1907 3020 Apostolus,Eccle-

81 3010 130 3045 sia:
141 3013 205 3044 Dei
216 3010 340 3057 semper
352 3009 420 3044 fore
430 3022 592 3045 certamen
603 3022 641 3043 cu
650 3023 679 3042 m
693 3013 871 3056 peregrinis
881 3012 1054 3046 dorsttinis:
1068 3026 1130 3048 nec
1139 3013 1228 3048 aliud
1239 3014 1298 3050 effe
1308 3019 1446 3052 cauendi
1457 3020 1652 3058 remedium,
1670 3023 1769 3066 quam
1780 3033 1815 3056 vt
1825 3035 1907 3070 pura

80 3059 204 3093 Christi
218 3061 414 3105 cognitione
427 3060 556 3092 munita
571 3057 616 3091 fit.
650 3059 772 3091 ‘Bonum
783 3064 982 3106 enimgratia.
1007 3054 1136 3096 Nunca
1155 3064 1298 3109 generali
1310 3068 1477 3113 principio
1490 3067 1528 3100 ad
1543 3066 1647 3114 specie
1655 3066 1829 3104 descendit.
1849 3075 1906 3105 ni-

81 3108 206 3140 mirum
217 3105 399 3143 familiaris,
411 3118 444 3139 vt
456 3118 575 3141 notum
589 3106 758 3143 est‚ludaeis
769 3107 951 3153 superstitio
962 3111 1073 3143 eratin
1085 3109 1236 3145 habendo
1249 3112 1365 3147 cibort‘i
1374 3114 1590 3161 deleehnquae
1601 3115 1714 3150 multis
1725 3119 1801 3152 rixis
1812 3132 1847 3152 ac
1858 3119 1915 3154 dis

79 3153 166 3188 fidiis
176 3153 382 3188 occasionem
394 3154 641 3202 praebebant-Lim
649 3165 758 3188 autem
770 3153 837 3188 haec
849 3168 912 3189 vna
923 3169 959 3190 ex
972 3160 1151 3204 peregrinis
1162 3161 1394 3207 do&rinis:qui
1406 3161 1570 3196 oriebatur
1583 3176 1619 3197 ex
1632 3166 1793 3210 ignoraria
1803 3167 1906 3203 Chri-

80 3203 129 3236 sti.
140 3204 225 3249 Ergo
239 3202 412 3248 postquam
425 3201 523 3236 fidem
533 3201 642 3237 nostra
653 3205 685 3236 in
697 3202 830 3236 Christo
841 3202 1005 3241 fundauit,
1015 3207 1168 3241 ciborum
1179 3206 1409 3243 obseruatione.
1418 3211 1456 3243 ad
1467 3208 1592 3244 summa
1603 3209 1713 3247 salutis
1726 3213 1906 3261 veta'lmque

80 3249 285 3285 sanctitatem
297 3252 457 3297 pertinere
467 3262 575 3297 negat.
587 3253 706 3297 Qum
717 3249 804 3283 Cibis
815 3255 960 3298 opponit
970 3256 1122 3300 gratiam,
1138 3269 1208 3290 non
1219 3256 1337 3291 dubito
1347 3261 1428 3302 quin
1441 3258 1642 3304 spiritualem
1653 3261 1717 3294 Dei
1728 3262 1855 3297 cultum
1869 3269 1906 3299 δε

78 3298 330 3345 regeneratione
351 3297 515 3344 intelligat
525 3299 588 3333 hoc
599 3300 749 3333 nomine.
781 3299 893 3332 Cordis
906 3301 1152 3344 confirmationem
1159 3306 1270 3351 ponit,
1278 3304 1426 3339 alludens
1436 3307 1474 3339 ad
1486 3306 1584 3341 verbu
1595 3310 1833 3354 Circunferendi:
1843 3311 1906 3346 acfi

78 3347 211 3384 diceret,
222 3345 405 3394 spiritualis
414 3348 478 3381 Dei
487 3349 590 3394 gratia
600 3347 673 3380 vere
687 3359 749 3382 nos
757 3346 909 3386 stabiliet,
922 3362 993 3385 non
1003 3349 1156 3386 ciborum
1167 3350 1364 3388 obseruatio.
1384 3355 1490 3400 Qod
1501 3352 1658 3403 sequitur,
1668 3357 1708 3391 N
1708 3354 1768 3392 ihil
1769 3360 1907 3408 profinffe
