2268 3705
568 122 574 129 '
605 104 617 151 l
654 140 662 145 -
1235 153 1237 155 ,
1894 132 1945 168 119

109 178 232 228 quibus
243 175 409 212 laborabat
420 171 702 209 eorum-Ecclefia.
712 173 802 224 Huic
815 172 905 208 malo
915 173 996 210 dum
1006 175 1130 210 mederi
1140 175 1223 217 vult,
1235 177 1253 210 a
1264 175 1345 212 fastu
1355 190 1412 214 eos
1422 181 1461 214 ad
1472 180 1699 222 humilitatem
1710 193 1946 229 reuocatNam

109 229 228 263 euertit
238 237 375 262 omnem
385 222 502 257 mundi
513 220 718 269 sapientiam,
730 232 765 255 vt
775 220 878 256 lolam
888 225 993 258 crucis
1003 224 1272 270 praedicationem
1282 227 1453 274 erigatzlim
1459 228 1492 263 ul
1503 233 1602 266 etiam
1613 234 1769 272 humiliat
1778 239 1930 286 personas

108 279 189 312 dum
199 271 434 320 circunspicere
444 268 530 318 ipsos
542 269 633 305 iubet
646 268 758 316 quales
768 268 976 317 potiffimum
989 273 1207 318 Dominusin
1219 286 1352 322 gregem
1364 274 1457 311 suum
1469 279 1646 326 adoptarit.
1934 266 1943 283 ⁵

155 325 276 371 Capite
284 319 426 356 secundo
435 319 705 366 praedicationem
714 316 804 352 suam
814 320 850 352 in
860 319 1050 367 exemplum
1062 321 1207 358 adducit,
1219 335 1290 369 qua.-
1301 323 1497 361 humanitus
1507 327 1634 363 abjecta
1646 333 1677 363 &
1690 331 1862 373 humilis,s
1858 350 1879 384 p
1884 341 1910 371 1'1-
1914 341 1941 372 ι’-

108 372 190 408 tuali
202 382 312 406 tamen
320 371 443 402 virtute
455 366 591 413 infignis
603 365 716 400 fuerat.
725 369 776 400 Ac
786 369 919 401 interim
933 367 1126 404 sententiam
1137 369 1230 405 illam
1242 370 1339 406 fusius
1351 372 1491 421 explicat
1501 401 1511 416 ,
1531 379 1697 412 contineri
1709 382 1744 413 in
1758 382 1941 430 Euangelio

106 419 265 456 caelestem
275 415 494 463 arcanamque
504 414 782 461 sapientiamzquae
794 426 856 449 nec
868 418 995 462 ingenii
1007 420 1160 452 acumine
1171 431 1227 453 aut
1236 417 1507 468 perspicaciamec
1520 436 1593 459 toto
1603 429 1711 460 carnis
1721 425 1810 463 sensu
1824 443 1941 479 appre-

104 469 278 507 hendatur,
288 477 348 500 nec
359 461 588 512 persuadeatur
598 462 782 496 rationibus
792 462 960 500 humanis,
976 478 1035 499 nec
1049 465 1225 500 verborum
1236 468 1409 505 lenocinio
1425 483 1480 505 aut
1492 476 1621 520 pictura
1632 476 1796 522 indigeat:
1816 476 1866 513 scd
1876 493 1941 515 vna

104 518 261 551 duntaxat
271 515 412 560 Spiritus
424 510 629 546 reuelatione
639 510 805 546 mentibus
816 512 997 547 hominum
1008 513 1204 553 innotescat,
1217 520 1249 550 δε
1263 517 1418 553 cordibus
1427 519 1628 568 obfignctur.
1637 524 1788 558 Tandem
1798 528 1939 562 conclu-

103 566 238 600 ditmon
250 560 378 596 tantum
389 562 407 594 a
418 562 523 594 carnis
535 559 708 607 prudentia
717 571 880 595 remotam
891 559 950 594 else
960 561 1132 609 Euangelii
1143 564 1427 610 pradicationem,
1441 572 1473 602 δι
1486 571 1522 604 in
1531 574 1637 605 crucis
1647 572 1838 608 humilitate
1848 576 1939 622 pofi..

104 625 183 649 tam,
196 609 246 645 sed
257 613 355 644 etiam
365 610 471 643 carnis
483 609 607 642 iudicio
619 620 690 641 non
702 606 790 655 poffc
800 611 951 644 testimari
968 609 1074 656 qualis
1084 609 1120 645 fit
1132 610 1251 657 :idque
1265 612 1347 648 facit>
1356 626 1391 648 vt
1399 617 1418 649 a
1428 617 1577 662 peruersa
1596 618 1800 656 confidentia
1809 627 1937 671 proprii

101 659 207 695 sensus
221 672 276 693 eos
286 657 506 703 abducat‚quo
517 667 687 704 perperam
698 658 814 690 omnia
824 657 1057 693 metiebantur.
1154 704 1157 706 η
1371 706 1374 707 ⁷

148 710 288 742 Initium
297 707 388 741 tertii
397 706 524 752 capitis,
533 704 631 738 huius
641 704 799 751 postremi
813 705 955 740 membri
971 706 1236 755 applicationem
1247 709 1286 743 ad
1296 722 1352 744 eos
1363 713 1526 747 continet.
1563 716 1728 760 Qritur
1738 720 1829 753 enim
1846 721 1932 755 Pau-

101 757 164 795 lus,
176 769 243 796 eos,
256 757 334 803 quia
343 753 486 789 carnales
497 750 663 790 elsent,vix
672 750 830 787 discendis
840 756 957 800 primis
967 756 1139 804 Euangelii
1148 758 1345 792 rudimentis
1357 758 1448 793 fuisse
1459 760 1609 797 idoneos.
1637 765 1715 800 Hoc
1727 768 1830 801 modo
1838 768 1933 803 verbi„

104 805 268 840 fastidium
281 816 351 850 quo
361 801 483 836 imbuti
491 811 582 835 erant
592 823 603 838 ,
611 812 682 836 non
693 807 733 834 ex'
741 799 834 835 verbi
846 801 944 849 ipsius
954 804 1038 838 vitio
1048 831 1059 845 ‚
1078 805 1132 839 sed
1141 818 1178 840 ex
1188 818 1306 840 eorum
1316 808 1506 853 ignorantia
1517 822 1648 845 manare
1659 811 1818 860 fignificat
1828 839 1838 853 ‚
1849 820 1882 850 δέ
1894 816 1936 851 fi-

101 853 174 889 mul
193 852 291 887 tacite
301 853 458 886 admonet
472 875 483 890 ,
507 860 598 885 noua
609 859 721 883 mente
732 861 818 896 opus
837 847 924 898 ipsos
936 850 1054 886 habete
1065 875 1075 890 ‚
1093 865 1128 887 vt
1138 853 1224 889 redte
1243 855 1386 889 iudicare
1398 858 1573 904 incipiant.
1601 861 1712 895 Postea
1733 864 1935 900 demonstrat

99 915 171 951 quo
181 900 258 936 loco
271 900 384 935 haberi
391 897 531 932 debeant
540 895 713 944 Euangelii
722 898 864 932 ministri
873 911 882 932 ε
892 911 1014 947 nempe
1023 912 1057 934 vt
1067 902 1195 950 nequid
1213 915 1270 952 per
1279 915 1396 938 eorum
1415 904 1580 940 honorem
1590 908 1654 942 Dei
1666 909 1780 956 gloriae
1796 912 1935 961 detege*

100 962 165 985 tur.
191 951 306 984 Vnum
317 949 406 982 enim
419 944 477 980 effe
486 947 674 980 Dominum
686 968 695 982 ‚
706 958 824 980 omnes
834 943 894 980 effe
905 946 994 982 illius
1005 946 1126 984 seruos:
1138 963 1256 985 omnes
1265 951 1399 986 nonnisi
1409 948 1532 1000 organa
1544 954 1603 989 effe
1614 982 1623 996 ,
1635 957 1741 1004 ipsum
1753 959 1860 995 solum
1875 963 1933 996 ad-

101 998 285 1034 ministrare
299 998 457 1031 virtutem
468 1020 478 1035 ,
491 998 526 1028 &
535 993 578 1028 ab
589 1006 629 1027 eo
639 990 781 1027 solidum
792 992 946 1030 effectum
959 1001 1147 1043 prouenire.
1176 998 1284 1034 Simul
1296 1003 1329 1034 δι’
1342 1001 1422 1046 quid
1434 1002 1499 1036 illis
1510 1003 1625 1038 debeat
1636 1003 1696 1040 else
1712 1008 1933 1055 propositum,

99 1046 260 1082 ostendit:
283 1055 404 1091 nempe
410 1041 572 1078 aedificare
591 1039 778 1076 Ecclesiam.
805 1044 884 1090 Q
893 1043 1065 1080 occasione
1085 1059 1195 1081 veram
1215 1047 1452 1096 propriamque
1466 1050 1551 1086 bene
1569 1052 1751 1089 :edificandi
1765 1059 1933 1093 rationem

99 1089 234 1130 definit:
245 1105 367 1141 nempe
377 1089 508 1126 vtvsolus
519 1089 670 1125 Christus
678 1088 716 1124 fit
729 1088 984 1127 fundamentum
994 1119 1005 1134 ,
1026 1098 1059 1129 3<
1071 1107 1143 1130 tota
1150 1093 1334 1144 superficies
1353 1096 1574 1135 fundamento
1586 1107 1777 1138 conueniat.
1820 1109 1934 1153 Atque

97 1143 155 1180 hic
173 1142 281 1177 obiter
289 1142 419 1176 testatus
429 1137 459 1174 se
479 1139 677 1187 prudentem
689 1136 781 1173 fuisse
804 1140 1025 1176 architectum
1043 1167 1054 1181 ,
1072 1143 1220 1190 reliquos
1240 1145 1397 1180 admonet
1407 1158 1442 1180 vt
1460 1146 1562 1183 finem
1586 1152 1689 1185 initio
1705 1153 1933 1189 conforment.

95 1191 301 1227 Corinthios
319 1191 417 1224 etiam
426 1188 577 1222 hortatur
585 1199 628 1221 ne
650 1189 818 1234 patiantur
827 1190 954 1224 animas
965 1188 1034 1225 suas
1057 1191 1226 1239 profanari
1235 1193 1361 1227 vitiosis
1377 1195 1558 1235 doctrinis,
1578 1211 1686 1244 quum
1695 1200 1756 1235 sint
1764 1205 1830 1237 Dei
1849 1214 1936 1238 tem—

95 1233 169 1291 pla}
188 1238 250 1273 'vbi
261 1236 432 1287 superbam
441 1238 548 1271 carnis
557 1232 751 1283 sapientiam
763 1237 884 1271 iterum
893 1240 930 1272 in
939 1237 1086 1274 nihilum
1099 1242 1219 1288 redigit
1230 1265 1240 1281 ‚
1253 1253 1286 1277 vt
1297 1240 1364 1276 sola
1372 1244 1495 1278 Christi
1506 1249 1660 1293 cognitio
1670 1251 1756 1283 inter
1777 1250 1886 1286 fideles
1901 1266 1935 1286 e-

99 1290 235 1325 mineat.

141 1339 246 1371 Initio
256 1337 365 1382 quarti
377 1334 494 1382 capitis
506 1332 613 1379 qualis
622 1331 660 1367 sit
667 1334 738 1367 veti
747 1333 902 1381 Apostoli
913 1332 1209 1373 officium,definit.
1220 1338 1259 1371 Et
1270 1341 1348 1384 quia
1358 1338 1506 1374 obstabat
1513 1354 1708 1391 corruptum
1718 1359 1835 1382 eorum
1847 1347 1936 1382 iudi-

94 1388 148 1422 εἰς,
157 1387 342 1432 quominus
351 1381 424 1417 talis
434 1380 475 1417 ab
485 1380 551 1415 iilis
559 1381 874 1429 agnosceretur,ipso
885 1382 1116 1431 i·epudiato‚ad
1125 1384 1213 1419 diem
1223 1386 1368 1420 Domini
1377 1392 1643 1434 prouocat-Tum
1655 1393 1773 1429 deinde
1784 1399 1862 1442 quia
1872 1407 1933 1443 pro

92 1446 166 1484 pter
177 1431 378 1468 humilitatis
388 1429 530 1478 speciem
539 1428 778 1478 cotemptibilis
791 1429 857 1465 illis
869 1442 935 1465 etat
943 1453 955 1468 2
965 1430 1032 1465 hoc
1042 1431 1149 1478 ipsum
1161 1433 1286 1468 honori
1295 1433 1356 1468 fibi
1367 1437 1472 1482 magis
1485 1434 1546 1471 else
1556 1438 1672 1474 debere
1708 1444 1783 1477 uam
1794 1444 1931 1491 probr05

92 1479 328 1518 <docem-Postea
336 1478 428 1526 figna
436 1477 560 1527 profert
568 1479 654 1513 vnde
662 1491 696 1512 re
705 1476 772 1525 ipsa
780 1489 1007 1526 appareatmec
1018 1478 1131 1526 gloriae
1142 1479 1279 1519 suae‚nec
1289 1485 1397 1517 ventri
1407 1481 1515 1531 ipsum
1525 1486 1740 1526 studuiffe‚1ed
1752 1490 1887 1526 fideliter
1899 1507 1934 1528 e-

96 1528 175 1579 gisse
184 1542 290 1565 vnum
301 1527 425 1562 Christi
436 1529 622 1561 neootium.
635 1527 785 1561 Tandem
794 1529 868 1573 quis
878 1525 937 1561 fibi
946 1527 1059 1561 honor
1075 1529 1093 1562 a
1103 1529 1295 1565 Corinthiis
1306 1531 1463 1566 debeatur
1471 1558 1481 1573 ,
1493 1534 1678 1570 concludit.
1689 1540 1727 1572 ln
1738 1537 1803 1573 fine
1812 1542 1936 1575 Timo·

90 1580 210 1614 theam
219 1556 553 1613 commendandd’nec
562 1573 629 1621 ipse
639 1575 858 1609 adueneritzac
868 1574 964 1610 simul
972 1576 1219 1615 denuntiat.suo
1226 1581 1374 1626 'aduentu
1386 1578 1496 1629 palam
1505 1580 1535 1617 se
1544 1581 1710 1619 facturum
1721 1589 1821 1634 quam
1831 1588 1934 1623 nihili

64 1669 65 1672 Ἴ
93 1628 191 1663 ducat
202 1629 316 1661 inanes
327 1624 403 1659 illos
413 1623 524 1658 fumos
533 1621 654 1668 quibus
664 1621 693 1656 se
704 1622 920 1658 venditabant
929 1622 1206 1679 pseudoapostoli.

142 1677 277 1723 Qnto
287 1686 323 1708 ca
348 1675 392 1706 ite
402 1683 458 1706 eos
468 1670 622 1717 obiurgat
635 1670 726 1717 quod
736 1670 961 1706 incestuosum
971 1675 1120 1720 priuigni
1133 1687 1209 1710 curn
1225 1687 1370 1711 nouerca
1378 1679 1579 1726 coniugium
1589 1684 1680 1716 taciti
1691 1680 1822 1718 ferrent.
1832 1694 1932 1732 atque·

91 1727 129 1760 in
140 1725 207 1759 hoc
215 1733 310 1757 tanto
318 1685 446 1767 flagitio
456 1717 529 1753 satis
543 1717 642 1755 causa:
651 1717 711 1753 effe
719 1720 877 1758 admonet
886 1733 944 1756 cur
954 1721 1082 1769 pudore
1091 1720 1290 1760 deiiciantur
1299 1727 1413 1772 potius
1423 1728 1526 1773 quarn
1535 1727 1814 1777 superbiant.1ndc
1824 1735 1864 1768 ad
1874 1746 1933 1781 ge*

91 1770 239 1812 neralern
251 1770 441 1810 doetrinam
449 1765 620 1802 transitum
630 1765 689 1802 fibi
699 1767 954 1806 facit‚eiusmodi
963 1768 1080 1804 scelera
1089 1775 1441 1809 excommunicatione
1451 1777 1651 1814 vindicanda
1662 1778 1806 1828 else‚qu<3
1816 1784 1932 1831 pecca.-

92 1822 128 1857 di
137 1819 272 1855 licentia
279 1816 537 1866 reprimatun&
543 1828 586 1851 ne
593 1819 754 1864 contagio
762 1815 866 1852 latius·
871 1817 912 1852 ab
920 1830 995 1853 vno·
1003 1820 1038 1853 in
1047 1817 1131 1854 alios
1142 1818 1257 1868 serpat.
1705 1829 1709 1832 “

138 1871 273 1904 Sextum
288 1876 387 1915 caput
398 1875 502 1913 partes
512 1865 590 1910 duas
601 1863 699 1901 habet
709 1868 1015 1914 praecipuas.Priote
1023 1869 1195 1904 inuehitur
1204 1872 1240 1904 in
1252 1868 1369 1909 forfises
1379 1875 1752 1923 contentionesjquibus
1765 1875 1795 1912 se
1807 1870 1928 1912 mutuo

91 1916 252 1953 vexabant
262 1915 320 1950 sub
331 1911 613 1962 infidelibus‚c{um
624 1926 748 1960 magno
756 1914 929 1962 Euangelii
938 1915 1222 1954 dedecore-Altera
1231 1919 1439 1966 reprehendit
1452 1920 1616 1957 scortandi
1626 1924 1878 1973 licentiam,un
1888 1924 1929 1960 e&

87 1964 192 2013 vsque
201 1963 365 2014 progress'a
375 1973 453 1999 erat,
467 1963 758 2010 vt-pdopemodum
769 1963 919 1997 instarirei
929 1963 1025 1998 licitae
1035 1963 1219 2000 haberetur.
1230 1968 1268 2001 Et
1279 1969 1398 2016 incipit
1409 1969 1545 2015 quidem
1556 1973 1573 2005 a
1583 1975 1677 2019 graui
1685 1977 1927 2009 comminatio-

88 2014 262 2050 nezdeinde
271 2012 574 2047 comminationem
586 2009 677 2044 illam
687 2010 872 2058 rationibus
883 2010 1070 2047 confirmat.

138 2062 250 2110 Caput
262 2056 440 2108 septimum
455 2055 713 2107 disputationem
724 2062 876 2107 continet
888 2061 1129 2116 devhginitate
1140 2057 1323 2111 ‚coniugio
1332 2088 1342 2102 ‚
1360 2059 1578 2103 &³coelibatu.
1597 2063 1774 2115 Quantum
1785 2083 1822 2103 ex
1830 2070 1926 2105 Pauli

89 2111 198 2146 verbis
209 2111 375 2145 coniicere
385 2106 668 2144 lieettinnaluetat
678 2107 765 2155 apud
776 2106 974 2143 Corinthloss
985 2109 1201 2157 superstitiosa
1210 2113 1330 2159 opinio
1342 2139 1352 2153 ‚
1374 2110 1602 2161 virginitatem
1613 2116 1840 2152 e‘ss'ervirtutem
1857 2122 1927 2153 exi—

90 2162 194 2195 miam
205 2185 214 2199 ‚
228 2161 261 2192 &
273 2155 361 2204 quasi
372 2155 568 2203 Angelicam
582 2167 636 2192 :„vt
645 2158 844 2203 coniugium
855 2168 1015 2204 tanquam
1024 2159 1222 2206 res-'profana
1230 2160 1296 2207 illis
1307 2160 1482 2207 vilesceret.
1496 2167 1540 2199 Vr
1554 2177 1697 2206 errorem
1709 2165 1800 2201 hunc
1810 2166 1905 2201 tollat
1914 2192 1925 2207 ‚

87 2209 185 2243 docet
194 2208 375 2251 vnicuique
388 2204 567 2238 videndum
577 2201 640 2238 esse
647 2205 729 2251 quid
739 2204 798 2239 fibi
809 2202 924 2240 datu'm
937 2201 1048 2242 fit,nec
1057 2203 1155 2241 vltra³
1159 2207 1351 2243 facultatem
1362 2213 1395 2246 in
1409 2210 1469 2250 hae
1477 2224 1568 2260 patre
1578 2215 1773 2248 enitendum
1787 2228 1795 2248 :
1807 2228 1878 2250 non
1890 2230 1925 2249 e-

88 2259 162 2292 nim
179 2268 280 2289 vnam
292 2252 351 2299 esse
360 2255 518 2287 omnium
528 2254 752 2287 vocationem.
780 2256 894 2300 Itaque
902 2256 960 2301 qui
972 2254 1131 2289 abstinere
1142 2257 1159 2290 ὲ
1171 2259 1335 2304 coniugio
1345 2257 1469 2306 poffint
1478 2283 1488 2298 ,
1502 2265 1536 2295 ὅ(
1547 2265 1622 2308 quis
1635 2265 1704 2296 eius
1721 2262 1924 2298 abstinentiae

86 2304 166 2340 finis
176 2301 235 2338 effe
244 2301 370 2340 debeat,
379 2301 531 2336 ostendit.
547 2304 581 2335 ὅ(
592 2299 721 2335 rursum
733 2303 791 2348 qui
801 2301 962 2351 suscipere
973 2302 1113 2352 debeant
1121 2307 1333 2353 coniugium,
1346 2311 1381 2342 ὅ(
1393 2320 1465 2354 quae
1474 2321 1547 2344 veta
1556 2310 1594 2344 fit
1605 2314 1813 2346 matrimonii
1823 2312 1925 2347 Chri·

87 2354 184 2388 stiani
194 2353 287 2386 ratio.
808 2364 812 2370 ⁴
923 2354 928 2367 ⁷
998 2364 1002 2370 ·

136 2402 256 2449 Capite
264 2401 385 2434 octauo
419 2397 550 2433 rohibet
560 2412 602 2433 ne
612 2394 641 2433 se
651 2400 791 2447 impuris
802 2398 1052 2434 idololatrarum
1064 2399 1230 2437 sacrificiis
1242 2401 1529 2450 permisceant2aut
1541 2405 1605 2441 tale
1614 2408 1757 2455 quicqua
1768 2408 1876 2457 defign
1882 2411 1924 2447 ἔτ,

85 2445 173 2485 (ωδε
184 2449 341 2483 laedantut
349 2410 489 2482 infirmae
499 2444 717 2482 conscientiae.
733 2449 773 2481 Er
783 2449 946 2494 quoniam
955 2448 1021 2483 hoc
1032 2461 1189 2496 praetextu
1200 2449 1230 2485 se
1239 2450 1537 2500 excusabantqubd
1556 2468 1766 2503 nequaquam
1780 2469 1881 2505 praua
1890 2471 1925 2491 a—

85 2496 178 2549 liqua
188 2499 351 2545 opinione
363 2494 392 2530 se
401 2497 618 2543 adiungerent
631 2495 938 2543 idololatris‚quum
948 2499 1064 2531 animo
1074 2497 1289 2545 agnoscerent
1303 2513 1407 2534 vnum
1417 2503 1634 2540 Deum,idola
1644 2517 1705 2552 pto
1717 2505 1872 2540 inanibus
1885 2505 1924 2540 fi—

85 2551 233 2594 gmentis
243 2543 500 2579 haberentzhanc
510 2541 754 2579 excusationem
764 2543 806 2579 fic
816 2544 926 2583 diluit,
934 2545 1026 2591 qubd
1035 2545 1174 2594 quisque
1184 2547 1322 2583 fratrum
1333 2552 1499 2585 rationein
1510 2551 1630 2586 habere
1639 2551 1763 2587 debeat:
1775 2552 1836 2588 esse
1848 2557 1926 2589 aute

86 2594 213 2636 multos
221 2592 374 2629 infirmos
383 2604 529 2640 quorum
541 2591 620 2626 fides
630 2591 687 2627 tali
697 2591 906 2633 simulatione
916 2592 1139 2630 labefactetur.

134 2644 255 2690 Capite
263 2638 403 2678 nono,se
416 2639 526 2675 nihilo
536 2639 611 2688 plus
624 2643 750 2688 exigere
759 2641 875 2676 abillis
884 2642 1201 2691 demonstranquam
1209 2647 1302 2692 quod
1314 2649 1322 2680 i
1327 2643 1379 2695 pse
1389 2646 1587 2694 praestiterit:
1608 2662 1651 2683 ne
1661 2651 1797 2696 iniquus
1814 2652 1926 2687 videa-

87 2690 226 2738 tut,lege
235 2689 308 2725 aliis
320 2689 456 2724 ferendo
466 2701 567 2736 qnam
577 2702 647 2724 non
659 2687 772 2724 seruet.
783 2691 925 2725 Reducit
936 2694 1028 2725 enim
1038 2690 1104 2727 illis
1116 2695 1152 2728 in
1162 2697 1324 2731 memoria
1333 2719 1343 2735 ‚
1355 2694 1496 2742 qualiter
1505 2694 1654 2732 libertate
1664 2699 1682 2732 a
1695 2699 1853 2737 Domino
1864 2700 1925 2736 fibi

87 2739 239 2789 permiss'a
250 2738 338 2773 vltro
350 2737 597 2774 abstinuerit‚ne
607 2750 708 2784 quem
718 2735 907 2773 offenderet:
936 2738 1051 2773 ualiter
1059 2741 1095 2774 in
1105 2741 1201 2777 rebus
1212 2743 1344 2781 mediis,
1355 2756 1423 2789 quo
1435 2741 1465 2776 se
1475 2744 1635 2780 omnibus
1645 2749 1923 2791 accommodaret,

87 2785 178 2836 quasi
188 2790 291 2823 varias
300 2786 423 2822 formas
434 2786 589 2820 induerit:
599 2796 634 2820 vt
644 2785 702 2821 suo
712 2786 866 2835 exemplo
875 2787 908 2822 di
922 2798 1084 2825 cant,non
1092 2789 1209 2826 debere
1219 2793 1266 2825 ita
1275 2804 1431 2838 quenque
1440 2789 1499 2825 sibi
1510 2790 1570 2827 esse
1580 2794 1728 2828 deditum
1742 2822 1751 2836 ,
1764 2799 1847 2842 quin
1859 2796 1922 2832 fra-

85 2836 192 2871 tribus
201 2834 278 2871 sein
288 2833 542 2870 aedificationem
549 2844 764 2882 attemperare
774 2836 907 2870 studeat.

91 2894 101 2899 ·
134 2887 204 2920 Iam
215 2887 294 2931 quia
303 2883 397 2918 valde
409 2882 467 2917 fibi
482 2881 655 2930 placebant
665 2883 837 2918 Corinthii
847 2905 858 2922 ,
876 2895 911 2919 vr
922 2887 1022 2920 initio
1033 2884 1188 2921 diximust
1203 2889 1304 2922 initio
1314 2890 1430 2936 capitis
1441 2889 1560 2923 decimi
1569 2889 1754 2926 Iudaeorum
1766 2891 1919 2939 exemplo

80 2933 245 2967 >admonet
255 2945 297 2967 ne
306 2943 406 2980 praua
414 2926 582 2966 securitate
593 2926 712 2978 seipsos
725 2932 794 2966 deci
822 2934 901 2967 iant.
921 2933 1011 2968 Nam
1024 2932 1047 2968 sr
1055 2932 1152 2968 rebus
1161 2939 1302 2970 externis
1311 2948 1348 2970 ac
1357 2938 1421 2970 Dei
1430 2937 1527 2971 donis
1537 2936 1714 2974 efferantur
1724 2963 1735 2978 ,
1745 2953 1830 2985 nequ
1837 2953 1852 2973 e
1862 2943 1918 2973 Iu-

89 2981 165 3014 'daeis'
173 2980 311 3015 fimilem
322 2978 488 3028 gloriandi
499 2981 669 3014 materiam
682 2944 1068 3016 defuissgostenditznihil
1079 2984 1168 3017 tame
1178 2982 1243 3018 illis
1254 2984 1320 3019 hoc
1331 2995 1440 3019 totum
1454 2984 1620 3033 profuisse,
1631 3000 1736 3033 quum
1748 2988 1809 3021 suis
1818 2987 1917 3021 bonis

88 3027 307 3064 abuterentur.
316 3028 564 3074 Postquam'hac
573 3027 826 3067 denuntiatione
835 3038 891 3063 eos
899 3032 1026 3068 terruit,
1038 3043 1116 3065 mox
1126 3031 1208 3066 redit
1220 3030 1260 3067 ad
1274 3032 1376 3081 ipsam
1389 3033 1518 3067 caulam
1530 3047 1630 3080 quam
1641 3039 1731 3083 prius
1743 3033 1871 3069 exorsus
1881 3048 1915 3068 e—

89 3086 186 3110 ratzac
195 3078 290 3111 docet
300 3080 343 3124 qu
349 3078 402 3111 am
413 3076 450 3110 sit
459 3073 646 3117 absurdum,
681 3079 833 3125 anticipes
841 3075 902 3111 effe
912 3076 1028 3112 mensae
1038 3079 1284 3116 daemoniorum
1294 3100 1295 3106 κ
1305 3094 1361 3116 eos
1374 3084 1433 3127 qui
1445 3083 1559 3116 Coenae
1568 3079 1710 3117 Domini
1721 3095 1832 3117 comm
1839 3085 1915 3116 uni-

88 3134 175 3158 cant:
189 3122 309 3159 foedam
321 3127 411 3159 enirn
425 3129 460 3159 &
470 3124 612 3159 minime
623 3088 827 3160 tolerandam
839 3123 1065 3172 pollutionem
1075 3125 1147 3161 effi:-
1158 3129 1309 3164 Tandem
1319 3128 1492 3164 concludit
1502 3154 1512 3168 ‚
1530 3129 1573 3165 fic
1581 3130 1841 3178 attemperandas
1854 3127 1914 3165 esic

87 3172 214 3206 nostras
223 3183 340 3207 omnes
350 3170 616 3217 atstionesmecui
626 3170 724 3207 fimus
735 3171 951 3208 offendiculo.
1353 3201 1356 3204 Δ
1701 3192 1704 3195 *

94 3239 98 3242 -
137 3221 257 3268 Capite
267 3221 645 3258 vndecimo‚conuentus
655 3219 808 3269 publicos
819 3222 837 3255 a
848 3221 1043 3268 quibusdam
1051 3223 1177 3261 vitiosis
1186 3225 1344 3261 institutis
1354 3238 1519 3275 repurgat,
1529 3238 1602 3272 quae
1611 3224 1802 3260 Christiano
1813 3227 1912 3261 deco*

88 3279 127 3303 ro
138 3272 170 3303 δε
183 3267 343 3302 honestati
354 3281 470 3315 parum
480 3267 719 3316 congruebant:
730 3282 767 3305 ac
777 3270 935 3304 admonet
944 3282 1068 3318 quanta
1080 3272 1150 3308 illic
1161 3277 1304 3321 grauitas
1314 3276 1542 3310 &moderatio
1554 3272 1706 3307 seruanda
1718 3273 1754 3307 fit
1763 3300 1773 3314 ,
1783 3274 1840 3308 vbi
1854 3276 1915 3309 sta-

88 3328 163 3351 mus
174 3319 210 3351 in
219 3313 398 3362 conspectu
407 3318 516 3352 Dei&
527 3316 747 3364 Angelorum.
763 3319 928 3366 Praecipue
938 3321 1020 3353 -verb
1029 3319 1075 3354 ob
1084 3321 1268 3369 peruersam
1280 3323 1395 3357 Coenae
1404 3322 1721 3356 administrationem
1734 3335 1789 3356 eos
1800 3321 1914 3356 obiur-

87 3376 154 3412 gat.
163 3366 309 3402 Modum
319 3374 429 3401 autem
438 3366 624 3413 corrigendi
633 3364 748 3403 abusus
758 3367 818 3414 qui
829 3365 1211 3418 obrepseransubiungit:
1228 3383 1284 3405 eos
1296 3367 1417 3405 scilicet
1427 3372 1465 3404 ad
1474 3371 1618 3418 primam
1629 3370 1773 3405 Domini
1785 3372 1922 3418 instituf
