2268 3705
321 107 383 143 ψ
795 51 1690 143 ÷iixiii-rpis‘r-inivit

319 180 358 204 ac
369 164 480 202 nescio
498 173 542 200 'an
553 166 659 200 menti
668 158 821 210 Paulinae,
833 166 953 201 melius
963 177 1127 215 congruat
1146 166 1201 201 hic
1211 163 1317 200 sensus
1333 178 1341 199 ε
1369 164 1422 200 sed
1432 166 1595 212 quoniam
1607 169 1643 202 in
1662 178 1701 200 eo
1714 169 1833 213 parum
1844 163 1889 200 est
1918 171 2085 204 momenti
2094 192 2104 207 ‚
2127 169 2175 205 ie*-

321 218 397 251 uins
409 226 575 264 praetereo.
1159 258 1163 261 ¹
2166 246 2167 249 η

382 266 402 302 8
459 267 642 320 Qoniam
651 264 711 319 etsi
718 261 909 313 contristanti
918 278 985 303 vos
992 268 1031 303 in
1046 263 1197 319 Epssola‚
1211 277 1283 302 non
1293 263 1850 320 m'epoenintaetiamfipoenituerit.
1867 262 1969 304 Video
1979 268 2072 304 enim
2081 266 2177 321 qubd

323 319 468 377 Epssola
479 321 551 365 illa,
573 319 633 374 effi
640 322 691 359 ad
696 331 825 374 tempus
836 333 902 358 vos
918 319 1135 372 contrtstauit,
2062 369 2069 375 ἱ

382 390 406 421 9
464 381 576 425 Ram·
579 375 716 430 gaudeo
729 388 818 412 :non
828 372 1007 430 quba'fitt's
1017 377 1123 414 contri
1149 376 1198 414 au·
1209 371 1292 427 ,fi‘d
1297 372 1472 430 qubdfitis
1482 373 1668 428 eoigtrg'stati
1677 377 1971 431 inpaenitentiam.
1990 379 2173 428 contristati

326 435 421 473 enim
433 431 702 485 estissecundum
714 439 839 474 Deum:
854 432 903 468 ita
913 441 958 467 vt
965 431 1060 469 nulla
1071 433 1110 469 in
1118 445 1154 471 re
1163 430 1291 471 damno
1302 430 1493 487 affi’ffifitis
1504 438 1551 470 ex
1563 429 1668 471 nobis.

384 503 424 527 10
480 495 583 536 Ram
595 484 858 539 quaefi’cundum
870 493 985 530 ficum
994 487 1183 540 esttristitia
1194 490 1450 543 :penitentiam
1460 486 1655 542 adsalutem
1664 488 1938 546 qonpoenitendc'i
1947 490 2169 546 efficit-muni

326 544 366 584 di
377 555 493 584 autem
503 546 548 580 tri
575 545 638 580 ma
649 553 791 580 mortem
843 544 911 581 ccit.
1452 591 1456 594 ι
1685 550 1689 551 ’
1782 582 1788 586 ⁴

383 597 413 639 11'
472 606 549 638 Ecce
567 600 661 635 em'm
686 595 748 636 hoc
755 601 788 655 ip
804 611 863 636 um
883 596 979 652 quud
997 596 1182 648 strandum
1199 606 1314 639 Deum
1330 598 1512 650 contristati
1532 599 1607 652 esti-s
1618 629 1628 646 ‚
1646 602 1815 655 quantun}
1825 600 1996 655 produxit
2012 604 2051 640 in
2068 600 2172 641 vobis·

312 655 471 710 studium
486 657 503 692 ?
519 651 588 692 imb
600 651 827 708 defenstonem
837 684 848 701 ‚
878 650 948 693 imb
957 653 1233 710 indignationem
1246 685 1257 702 ‚
1275 655 1344 697 imb
1354 661 1522 703 timorem,
1534 654 1604 696 imb
1615 656 1838 716 defiderium‚
1861 660 1931 697 imo
1940 657 2059 716 zelum
2068 688 2078 706 ,
2102 657 2172 698 im)

324 711 536 752 vina'mam.

375 791 394 824 8
443 790 698 837 Qoniam‚&c.)
740 790 844 825 Nunc
855 790 1046 826 Corinthiis
1057 789 1207 827 excusare
1218 795 1349 842 incipit,
1355 793 1445 841 quod
1456 793 1629 841 aliquanto
1639 789 1780 842 asperius
1791 806 1847 828 eos
1855 791 2020 841 superiore
2027 796 2172 844 Epistola

325 838 532 872 tractauetat.
549 838 601 872 Est
611 848 721 873 autem
733 837 975 874 obseruandum
986 841 1088 886 quam
1099 841 1187 876 varie
1200 854 1273 889 agat
1284 854 1361 876 cum
1373 842 1441 877 illis
1450 869 1460 883 ,
1480 854 1516 877 vt
1524 844 1671 877 videatur
1681 840 1822 877 diuersas
1841 841 1993 889 personas
2004 843 2167 880 sustinere.

325 889 412 920 ratio
425 887 481 924 est,
493 888 585 933 quod
595 887 634 920 ad
645 897 749 921 totam
761 886 936 922 Ecclesiam
947 888 1148 935 dirigebatur
1158 890 1276 924 sermo.
1288 890 1357 925 illic
1369 892 1505 937 quidam
1519 892 1558 925 de
1571 905 1610 925 eo
1621 888 2032 938 malignesenticbant‚alii
2043 905 2172 934 eum,vt

327 934 526 972 merebatur,
536 934 703 969 habebant
713 937 749 969 in
761 933 894 970 summo
903 939 1024 985 pretio:
1034 936 1091 971 alii
1099 949 1191 974 erant
1201 938 1365 977 dubii‚alii
1377 942 1467 974 certi:
1478 941 1535 974 alii
1544 939 1679 976 dociles,
1691 939 1748 973 alii
1759 951 1821 987 prae
1827 938 1931 974 fracti.
1943 942 1980 974 In
1991 939 2052 975 hac
2062 942 2173 977 diuer-

325 982 417 1018 sitate
427 981 551 1018 necesse
561 983 677 1017 habuit
688 986 875 1018 orationem
887 997 977 1020 nunc
989 986 1065 1022 huc,
1078 999 1169 1022 nunc
1181 986 1263 1022 illuc
1274 986 1441 1022 infleekete
1454 1014 1464 1029 ‚
1472 999 1507 1022 vt
1517 987 1545 1022 se
1555 988 1714 1022 omnibus
1725 987 2002 1022 accommodaret.
2012 989 2115 1026 Porto
2125 988 2174 1024 se-

325 1034 473 1066 ueritatis
485 1044 549 1078 qua
562 1030 633 1065 vsus
655 1030 991 1069 fuerat‚offenfionem
1003 1033 1152 1072 lenit‚vel
1161 1038 1274 1083 potius
1285 1035 1374 1070 tollit
1385 1036 1450 1071 hoc
1461 1038 1575 1074 modo,
1590 1036 1683 1083 quod
1695 1035 1761 1070 illis
1772 1034 1897 1070 cesserit
1908 1039 1942 1070 in
1954 1035 2171 1073 salutemffi-

325 1083 363 1118 ti,
391 1082 513 1127 inquit,
526 1079 611 1114 mihi
622 1080 665 1114 est
673 1080 774 1114 vestra
785 1079 867 1115 salus
879 1106 891 1122 ,
905 1092 940 1115 vt
950 1083 1042 1129 quod
1051 1082 1146 1117 vobis
1156 1082 1311 1131 profuiffe
1320 1085 1419 1118 video
1427 1108 1437 1122 ‚
1448 1085 1532 1119 mihi
1542 1084 1677 1132 placeat.
1689 1085 1781 1119 Huic
1793 1085 2016 1120 moderationi
2027 1097 2108 1121 tunc
2115 1087 2174 1122 de·-

326 1141 423 1164 mum
432 1128 476 1162 est
486 1127 701 1174 locus‚quurn
715 1128 1008 1176 obiurgationibus
1020 1130 1161 1177 profecit
1171 1132 1289 1167 doctor
1299 1143 1464 1179 quantum
1475 1131 1547 1167 stitis
1557 1144 1632 1167 erat.
1654 1145 1730 1167 narn
1741 1131 1764 1166 si
1776 1131 1959 1168 obstinatos
1972 1133 2082 1171 adhuc
2098 1135 2173 1170 Co-

325 1176 532 1212 rinthiorum
542 1179 675 1210 animos
691 1188 825 1211 manere
837 1176 1056 1226 comperisset,
1069 1192 1131 1214 nec
1148 1179 1252 1215 vlluiii
1265 1179 1402 1214 sensisset
1412 1180 1600 1229 profectum
1611 1192 1740 1216 tentatae
1750 1184 1979 1217 correctionis:
1989 1183 2076 1218 nihil
2086 1184 2175 1218 cert&

325 1225 365 1259 de
375 1224 434 1259 suo
446 1227 555 1272 rigore
566 1227 671 1272 priori
682 1223 822 1259 laxasset.
841 1227 1041 1261 Notandum
1052 1239 1162 1262 autem
1176 1229 1269 1276 quod
1279 1228 1308 1262 se
1325 1240 1477 1263 autorem
1488 1231 1623 1264 tristitiae
1642 1228 1733 1263 fuiffe
1742 1229 1860 1277 gaudet
1883 1231 1924 1264 iis
1933 1243 2018 1277 quos
2030 1231 2173 1267 amabat.

324 1270 471 1322 prodesse
485 1274 577 1307 enim
599 1272 665 1307 illis
677 1273 819 1308 malebat
828 1277 928 1321 quarn
939 1275 1077 1323 placere.
1088 1278 1149 1312 Sed
1158 1278 1239 1324 quid
1249 1277 1293 1311 est
1303 1279 1394 1324 quod
1404 1278 1492 1312 addit
1502 1301 1511 1315 ,
1524 1279 1650 1325 etiamst
1659 1290 1706 1310 me
1712 1279 1901 1325 poenituerit?
1936 1279 2029 1313 Nam
2041 1279 2064 1314 fi
2072 1279 2175 1315 fatea-

327 1334 403 1356 mur
414 1347 424 1361 ,
444 1320 550 1356 Paulo
560 1320 757 1369 displicuisse
776 1324 867 1369 quod
877 1321 935 1358 scri
963 1324 1041 1358 serat
1058 1335 1066 1356 ε
1083 1324 1233 1372 sequetur
1244 1339 1314 1360 non
1327 1325 1411 1360 leuis
1429 1325 1608 1361 absurditas
1616 1350 1627 1364 ‚
1648 1324 1890 1361 inconsiderato
1902 1329 2007 1373 magis
2026 1327 2175 1376 impulsu.

323 1368 478 1417 scriptam
502 1368 596 1404 fuisse
610 1369 812 1417 superiorem
823 1337 1004 1419 Epistolzim
1015 1396 1027 1410 ‚
1049 1374 1149 1420 quam
1160 1375 1301 1422 Spiritus
1312 1375 1506 1410 directione.
1523 1373 1721 1422 Respondeo
1729 1397 1738 1411 ,
1756 1373 1893 1410 verbum
1904 1376 2096 1411 Poenitendi
2106 1380 2175 1412 im-

324 1419 459 1467 proprie
470 1415 524 1452 hic
534 1417 679 1465 positum
690 1431 752 1466 pro
760 1419 924 1455 Dolorem
936 1433 1061 1469 capere.
1085 1421 1206 1457 Paulus
1216 1424 1307 1457 enim
1317 1435 1423 1469 quum
1436 1435 1578 1457 moerore
1589 1422 1730 1457 afficeret
1740 1422 1953 1461 Corinthios,
1962 1424 2088 1460 doloris
2098 1439 2176 1474 par-

323 1478 394 1502 tem
405 1466 556 1514 capiebat
576 1463 644 1513 ipse
654 1479 791 1514 quoque
810 1494 821 1509 ‚
839 1480 877 1503 ac
887 1467 946 1504 fibi
957 1471 1212 1516 quodammodo
1229 1471 1394 1505 tristitiam
1406 1471 1511 1506 simul'
1530 1470 1712 1520 infligebat.
1738 1471 1876 1505 Perinde
1897 1483 1976 1518 ergo
1987 1473 2031 1506 est
2039 1473 2101 1508 acsi
2121 1476 2184 1509 di·-

324 1526 412 1550 ceret
429 1538 440 1552 ‚
467 1514 611 1549 Tametli
623 1517 751 1550 inuitus
771 1529 830 1550 vos
841 1520 968 1565 pupugi
985 1543 996 1558 ‚
1015 1530 1052 1553 ac
1069 1519 1154 1553 inihi
1172 1518 1280 1554 doluit
1293 1521 1384 1566 quod
1402 1519 1499 1555 vobis
1509 1521 1608 1555 durus
1630 1517 1690 1554 effe
1705 1531 1839 1567 cogerer
1859 1531 1867 1552 :
1885 1531 1976 1554 nunc
1994 1520 2106 1556 dolere
2125 1522 2173 1557 ob

326 1563 414 1600 hanc
433 1561 564 1598 causam
575 1562 705 1598 deiino:
724 1565 806 1599 dum
818 1566 915 1600 video
926 1565 1007 1602 vtile
1017 1566 1113 1602 vobis
1122 1565 1226 1602 fuisse.
1253 1569 1430 1603 Sumamus
1441 1571 1544 1616 patris
1555 1567 1756 1616 exemplum.
1777 1569 1865 1615 capit
1875 1570 1967 1602 enim
1986 1568 2175 1607 molestiam

324 1623 417 1662 pater
436 1624 474 1645 ex
484 1610 537 1646 sua
551 1609 723 1647 seueritate
733 1638 742 1653 ‚
770 1612 931 1660 siquando
943 1613 1051 1650 filium
1062 1616 1213 1663 castiget:
1231 1615 1457 1651 nihilominus
1470 1616 1588 1665 probat
1603 1640 1615 1655 ‚
1635 1618 1716 1663 quia
1724 1616 1811 1650 videt
1823 1614 1895 1651 filio
1907 1614 1968 1652 esse
1986 1615 2171 1656 salutarem.

324 1666 372 1696 ita
382 1659 485 1695 Paulo
495 1672 543 1694 res
562 1672 627 1694 erat
638 1662 780 1696 minime
792 1663 955 1700 iucunda,
978 1664 1179 1699 Corinthios
1190 1663 1390 1712 exasperare:
1407 1664 1459 1700 sed
1470 1667 1548 1712 quia
1556 1664 1725 1700 constabat
1736 1663 1787 1698 illi
1806 1663 1886 1700 fasti
1896 1661 1945 1699 sui
1964 1668 2048 1702 ratio
2060 1690 2071 1704 ‚
2092 1666 2175 1703 offi-

323 1711 418 1745 cium
439 1706 533 1743 fuum
543 1735 554 1749 ,
573 1711 680 1743 animi
691 1721 774 1744 voto
793 1710 992 1758 praeferebat.
1041 1711 1145 1746 Video
1157 1714 1253 1751 enim,
1273 1716 1338 1748 &c.
1365 1714 1554 1748 Contextus
1563 1713 1741 1748 verborum
1753 1713 1798 1746 est
1811 1712 1970 1760 abruptus
1988 1727 1997 1748 ι
2018 1715 2105 1751 nihil
2123 1727 2174 1750 ta-

324 1770 405 1794 men
421 1758 455 1792 id
464 1757 503 1791 de
523 1755 629 1792 sensus
639 1757 785 1793 claritate
803 1759 954 1795 detrahit.
979 1760 1127 1796 Primum
1138 1759 1196 1796 fibi
1213 1763 1280 1796 iam
1290 1774 1328 1796 ex
1339 1760 1444 1810 reipsa
1465 1775 1678 1810 compertum
1690 1759 1750 1795 effe
1760 1762 1841 1795 dicit
1851 1784 1862 1799 .
1883 1761 2063 1809 Epistolam
2079 1766 2174 1811 prio-

323 1818 414 1844 rem,
430 1804 557 1840 tametsi
566 1807 606 1840 ad
616 1817 748 1855 teinpus
758 1809 888 1855 ingrata
896 1806 1000 1844 fuerat
1011 1831 1020 1846 ‚
1033 1809 1150 1845 vtilem
1161 1821 1275 1845 tamen
1285 1810 1422 1846 demum
1431 1809 1523 1846 fuisse
1538 1810 1746 1846 Corinthiis:
1772 1809 1890 1845 deinde
1899 1810 2001 1845 huius
2014 1811 2170 1848 Vtilitatis

321 1851 457 1890 causase
468 1855 618 1901 gaudere.
1018 1869 1020 1871 >
1558 1872 1563 1875 ·

370 1914 392 1946 9
443 1904 485 1936 N
487 1915 524 1936 on
534 1899 686 1949 qubdsttis
695 1904 883 1949 contristati.)
932 1904 1105 1954 Significat
1122 1906 1153 1943 se
1163 1907 1305 1943 minime
1315 1907 1470 1943 delectati
1481 1920 1598 1942 eorum
1608 1907 1756 1941 tristitiat
1786 1908 1870 1953 quin
1883 1905 2028 1954 potiussi
2041 1909 2172 1945 daretur

322 1953 420 1999 optio
434 1974 444 1988 ,
465 1948 495 1985 se
506 1948 740 1986 consulturum
757 1964 875 1988 eorum
885 1951 1024 1990 saluti&
1041 1957 1161 1992 laetitiae
1170 1956 1287 1997 simul,
1305 1957 1417 1992 eadem
1429 1969 1548 2004 opera:
1571 1955 1621 1990 sed
1633 1958 1711 2002 quia
1722 1953 1793 1989 fieri
1817 1954 1913 1989 aliter
1923 1967 1995 1989 non
2009 1962 2172 2004 potuerit,

321 2001 410 2035 tanti
418 1999 479 2034 sibi
497 2011 614 2034 eorum
626 1999 765 2035 salutern
782 1999 842 2036 effe
853 2025 864 2039 ‚
881 2013 916 2036 vt
927 2004 1067 2049 gaudeat
1075 2006 1286 2040 contristatos
1304 2004 1364 2039 effe
1374 2006 1414 2039 ad
1424 2007 1670 2053 poenitentiam.
1699 2004 1783 2038 Sunt
1797 2007 1888 2037 enim
1907 2006 2076 2039 interdum
2100 2020 2173 2042 me·

321 2048 412 2085 dici,
432 2047 516 2083 boni
528 2047 665 2095 quidem
683 2049 811 2096 alioqui
824 2053 856 2084 δι
870 2048 980 2086 fideles
992 2075 1003 2090 ,
1022 2052 1073 2087 sed
1083 2052 1300 2088 inclementes
1313 2077 1324 2091 ‚
1345 2058 1380 2088 &
1398 2056 1456 2100 qui
1468 2057 1598 2101 aegrotis
1617 2065 1688 2088 non
1700 2061 1859 2100 parcunt:
1873 2051 1972 2086 talem
1985 2049 2016 2088 se
2035 2052 2095 2090 effe
2112 2069 2174 2091 ne-

323 2109 380 2146 gat
389 2095 510 2132 Paulus
519 2119 529 2134 ‚
547 2098 604 2143 qui
614 2096 767 2133 adhibeat
775 2095 883 2147 aspera
893 2101 1038 2135 remedia
1047 2100 1107 2136 nisi
1117 2100 1303 2137 neceffitate
1312 2099 1516 2149 compulsus.
1542 2103 1634 2147 Qja
1643 2111 1753 2135 autem
1771 2100 1896 2134 Vtiliter
1905 2099 1956 2134 illi
1971 2099 2101 2137 cesserat
2112 2129 2122 2144 ,
2138 2104 2172 2139 id

322 2145 462 2181 remedii
473 2157 578 2192 genus
589 2143 732 2180 tentasse:
743 2146 782 2180 de
789 2144 932 2182 successu
944 2147 1003 2184 fibi
1014 2149 1206 2198 gratulatur.
1223 2150 1333 2186 Simili
1341 2149 1405 2184 fere
1415 2150 1577 2196 loquendi
1588 2149 1696 2183 forma
1703 2150 1794 2197 prius
1806 2148 1879 2183 vsus
1890 2149 1935 2184 est
1952 2160 2060 2198 capite
2068 2162 2169 2198 5.a.4‚

324 2195 505 2229 Geminius
516 2194 551 2228 in
562 2193 627 2228 hoc
637 2193 851 2229 tabernaculo
861 2199 1096 2245 grauati,quod
1106 2211 1178 2234 non
1190 2198 1498 2239 exuivolumus‚sed
1507 2196 1708 2246 superindui.
1866 2239 1870 2243 ⁸

375 2253 414 2277 10
452 2241 529 2292 Qu
537 2241 708 2291 secundum
720 2245 823 2277 Deum
833 2246 870 2287 est
877 2243 1023 2290 tristitia.)
1072 2245 1221 2283 Primum
1235 2271 1246 2285 ,
1264 2258 1300 2282 vt
1310 2258 1480 2282 teneamus
1499 2247 1581 2294 quid
1601 2246 1705 2280 valeat
1719 2246 1787 2280 haec
1797 2244 1958 2294 particula
1977 2247 2168 2283 Secundum

323 2290 601 2330 Deummotandfi
612 2291 655 2325 est
665 2290 843 2327 antithesis.
854 2306 931 2327 nam
940 2295 1107 2331 tristitiam
1117 2309 1190 2342 quae
1198 2295 1378 2331 secundum
1388 2298 1499 2330 Deum
1511 2296 1714 2342 est‚opponit
1724 2295 1840 2328 mundi
1851 2294 2102 2330 tristitiae.Nunc
2115 2295 2168 2330 su⁴

322 2351 458 2375 *mamus
471 2340 570 2373 etiam
580 2338 756 2375 antithesin
767 2341 910 2389 duplicis
919 2343 1040 2390 gaudii.
1051 2346 1209 2392 gaudium
1221 2344 1338 2379 mundi
1348 2345 1512 2391 est‚quum
1522 2343 1616 2378 stulte
1628 2348 1661 2378 δε
1672 2341 1792 2389 absque
1802 2344 1923 2376 timore
1936 2343 2082 2378 Domini
2094 2343 2170 2381 exul

324 2398 398 2423 tant
406 2387 562 2424 homines
572 2389 608 2423 in
620 2386 716 2423 rebus
727 2392 834 2430 vanis,
844 2389 908 2424 hoc
920 2391 963 2425 est
974 2393 1010 2426 in
1020 2393 1159 2428 mundo:
1175 2397 1209 2428 δε
1220 2394 1341 2428 caduca
1350 2391 1505 2427 felicitate
1515 2391 1753 2429 iiiebriati,n0n
1763 2389 1861 2424 altius
1873 2388 2052 2438 respiciunt
2065 2394 2168 2439 quam

322 2436 365 2470 ad
375 2447 507 2470 terrain.
518 2435 677 2483 gaudium
688 2434 868 2472 secundum
883 2439 1007 2477 Deum,
1018 2453 1124 2485 quum
1135 2452 1242 2476 totam
1251 2440 1443 2477 felicitatem
1454 2443 1490 2476 in
1500 2441 1573 2475 Deo
1584 2451 1753 2487 reponunt
1762 2465 1772 2479 ,
1783 2443 1817 2473 <Sc
1828 2440 2041 2486 acquiescunt
2051 2443 2087 2475 in
2097 2444 2168 2478 eius

323 2486 441 2532 gratia:
453 2495 552 2531 atqu-c
563 2484 596 2518 id
607 2486 725 2521 mundi
734 2497 933 2534 contemptu
947 2486 1112 2523 declarant
1121 2515 1131 2530 ‚
1143 2488 1185 2524 fic
1194 2500 1324 2525 vtentes
1334 2500 1461 2524 terrena
1469 2486 1684 2537 prosperitate
1693 2514 1704 2527 2
1715 2486 1803 2533 quasi
1813 2500 1884 2522 non
1899 2498 2051 2522 vtantur:
2064 2491 2098 2523 in
2109 2490 2167 2525 ad-

322 2530 426 2567 uersis
437 2543 548 2567 autem
558 2530 655 2567 ‘rebus
667 2532 795 2568 hilares.
805 2534 895 2582 Ergo
904 2536 1034 2570 tristitia
1045 2538 1163 2573 mundi
1175 2539 1219 2573 est
1229 2561 1238 2575 ‚
1251 2550 1357 2586 quum
1368 2548 1504 2586 propter
1512 2548 1653 2571 terrenas
1663 2534 1861 2572 affliffiones
1870 2537 2001 2577 animos
2024 2534 2169 2585 despon-

324 2581 416 2617 dent,
428 2583 462 2615 &
474 2580 567 2615 lustu
578 2583 827 2628 opprimuntur:
837 2584 966 2617 tristitia
976 2594 1088 2618 autem
1098 2583 1278 2620 secundum
1288 2588 1487 2632 Deum‚quae
1497 2587 1608 2619 Deum
1621 2582 1844 2632 respicit‚duin
1858 2585 1990 2619 vnicarn
2004 2585 2166 2623 miseriam

321 2629 464 2666 ducunt,
477 2629 624 2663 excidifle
633 2631 650 2663 ὲ
659 2631 724 2664 Dei
733 2633 954 2679 gratiatquum
965 2634 1086 2667 timore
1097 2634 1214 2668 iudicii
1224 2636 1295 2670 eius
1304 2633 1589 2682 perculsi,peccata
1598 2632 1651 2667 sua
1660 2633 1787 2682 lugent.
1799 2633 1896 2668 Hanc
1909 2632 2073 2675 tristitiam
2082 2635 2166 2670 Pau-

322 2675 377 2713 lus
389 2674 517 2712 causam
529 2676 605 2712 facit
617 2680 651 2712 &1
661 2681 828 2726 originem
865 2682 1057 2715 ceniteiitiae:
1068 2682 1160 2729 quod
1171 2683 1216 2716 est
1227 2681 1403 2729 diligenter
1413 2680 1478 2717 obs
1475 2679 1733 2717 erilandiim.nisi
1743 2682 1832 2714 enim
1841 2679 1900 2720 sibi
1910 2678 2077 2728 displiceat
2087 2694 2166 2730 pec·

321 2736 429 2762 carot,
442 2726 542 2759 vitam
551 2724 641 2761 suam
653 2728 770 2765 oderit,
780 2739 816 2762 ac
841 2727 909 2761 etio
919 2727 1029 2764 doleat
1040 2731 1215 2776 agnitione
1224 2733 1360 2777 peccati:
1373 2743 1549 2777 nunquam
1559 2731 1600 2765 ad
1610 2731 1801 2764 Dominum
1813 2730 2165 2768 conuertetur.rut1hm

323 2772 397 2810 fieri
407 2775 524 2819 nequit
534 2785 568 2807 vt
578 2773 651 2808 talis
663 2776 699 2810 in
721 2775 861 2811 homine
871 2774 909 2810 sit
919 2777 1058 2815 tristitia,
1070 2779 1154 2824 quin
1163 2790 1295 2812 nouum
1305 2781 1457 2814 animum
1473 2781 1586 2826 pariat.
1598 2780 1685 2825 Ergo
1695 2778 1713 2811 31
1723 2776 1838 2813 dolore
1848 2778 1966 2824 incipit
1976 2780 2164 2824 poenite'ti'a,

324 2833 460 2872 propter
471 2821 556 2855 hanc
567 2834 667 2867 quam
677 2823 745 2858 dixi
754 2826 931 2861 rationem,
943 2824 1033 2871 quod
1044 2838 1145 2860 nemo
1155 2827 1261 2874 potest
1271 2828 1306 2861 iii
1317 2829 1404 2862 viam
1415 2828 1528 2864 redire,
1539 2826 1598 2861 niti
1609 2829 1667 2873 qui
1676 2836 1847 2874 peccatum
1858 2826 1976 2859 oderit.
1987 2826 2041 2860 vbi
2051 2838 2164 2865 autem

303 2872 444 2908 ..odium
454 2872 595 2917 peccati,
605 2869 674 2906 illic
685 2869 733 2905 sui
744 2870 952 2919 displicentia
963 2876 997 2907 δε
1007 2873 1114 2908 dolor.
1143 2873 1285 2909 Pulchra
1297 2886 1406 2909 aurem
1419 2873 1534 2911 allusio
1549 2875 1592 2908 est
1604 2875 1642 2908 ad
1654 2874 1781 2910 nomen
1793 2875 1984 2912 Poenitentia,
1997 2886 2100 2921 quum
2110 2877 2164 2910 di-

290 2909 305 2970 ζ
320 2921 372 2953 cit
393 2918 435 2952 N
436 2929 471 2952 on
480 2916 703 2965 poenitendam:
715 2923 794 2965 quia
802 2923 946 2967 quanuis
954 2933 1003 2955 res
1014 2921 1051 2956 fit
1061 2924 1172 2969 prirno
1181 2923 1277 2969 gustu
1289 2951 1294 2958 ,
1305 2922 1419 2958 acerba
1427 2945 1436 2960 ‚
1448 2921 1589 2958 vtilitate
1598 2933 1709 2956 tamen
1721 2920 1790 2968 ipsa
1798 2919 1828 2955 se
1844 2922 2060 2968 expetendam
2071 2922 2159 2961 facit.

320 2969 533 3013 Qanquam
544 2963 648 3013 poss'et
658 2977 724 3000 tam
737 2965 849 3003 salutis
859 2966 919 3003 esse
929 2970 1031 3017 quam
1041 2972 1247 3018 poenitentiae
1256 2971 1453 3019 epithetum:
1464 2969 1518 3004 sed
1528 2970 1611 3004 mihi
1622 2970 1740 3004 melius
1751 2969 2072 3020 videtur'congruere
2081 2984 2160 3008 cum

228 3056 230 3058 v
276 3017 300 3052 εἰ
326 3015 494 3051 vocabulo
517 3015 742 3051 Poenitentiae:
762 3015 823 3051 acsi
833 3018 974 3056 diceret,
985 3030 1109 3053 euentu
1120 3017 1191 3066 ipso
1200 3031 1262 3054 nos
1271 3021 1382 3053 doceri
1396 3043 1406 3056 ,
1423 3032 1464 3053 ne
1475 3020 1584 3066 grauis
1599 3016 1698 3053 nobis
1710 3017 1825 3051 debeat
1836 3017 1913 3056 esic,
1935 3030 1992 3052 aut
2002 3019 2159 3056 molestus

323 3062 424 3099 dolor
436 3077 444 3097 :
455 3065 501 3097 ita
511 3064 654 3110 quamtis
662 3065 697 3098 in
715 3061 744 3098 se
753 3067 960 3112 poenitentiae
969 3065 1095 3113 aliquid
1105 3069 1208 3102 amari
1217 3069 1387 3103 contineat
1395 3090 1406 3106 ,
1431 3080 1502 3103 nou
1513 3067 1704 3118 poenitenda
1715 3064 1773 3101 effe
1791 3066 1912 3101 dicitur
1922 3065 1966 3101 ob
1976 3067 2159 3114 pretiosum

305 3115 363 3154 ff&
377 3111 510 3147 suaucm
524 3134 535 3150 ,
547 3124 647 3159 quem
658 3114 741 3159 parit
752 3135 762 3149 ‚
772 3111 930 3148 fructum.
978 3114 1040 3149 Ad
1040 3115 1181 3157 salusem,
1227 3116 1363 3150 Videtur
1372 3114 1490 3151 Paulus
1511 3115 1620 3149 salutis
1630 3112 1758 3150 causam
1767 3113 1890 3151 facere,
1910 3117 2155 3162 poenitentiam:

323 3161 418 3207 quod
430 3159 454 3195 [i
464 3172 581 3195 verum
595 3158 682 3201 effer,
692 3158 889 3207 sequeretur.
897 3162 1054 3208 operibus
1064 3175 1126 3197 nos
1136 3161 1313 3199 iustificari.
1324 3163 1523 3211 Respondet)
1536 3184 1546 3202 ,
1557 3160 1798 3200 obseruandum
1816 3161 1876 3198 effe
1887 3164 1967 3209 quid
1977 3163 2034 3198 hic
2042 3167 2157 3201 trastet

321 3208 454 3243 Paulus.
467 3209 827 3256 nequeenim-inquirit
837 3209 876 3244 de
884 3207 978 3244 causa
986 3208 1159 3246 salutiszsed
1171 3211 1299 3247 tanturn
1310 3213 1543 3259 poenirentiam
1553 3212 1570 3249 ὲ
1580 3209 1689 3248 fructu
1700 3223 1801 3257 quem
1812 3212 2157 3259 producit,cornmen.-

319 3257 413 3293 dans,
426 3258 524 3291 instat
534 3259 593 3291 viae
608 3256 669 3292 ess'e
680 3258 774 3298 dicit,
783 3269 850 3304 qua
857 3257 897 3292 ad
905 3255 1042 3293 salutern
1053 3263 1284 3306 peruenimusi
1297 3264 1332 3297 &
1342 3259 1474 3294 merito.
1484 3261 1629 3306 gratuito
1640 3262 1729 3293 enim
1741 3272 1804 3294 nos
1814 3259 1966 3294 Christus
1976 3271 2091 3299 vocat,
2102 3260 2155 3297 scd

314 3304 356 3338 ad
368 3307 613 3351 poenitentiam:
626 3308 770 3352 gratuito
780 3305 880 3340 nobis
888 3307 1029 3342 remittit
1038 3308 1128 3342 Deus
1138 3318 1282 3356 peccata,
1293 3305 1346 3345 sed
1355 3306 1490 3344 nonnisi
1497 3319 1604 3354 quum
1617 3306 1692 3355 ipsis
1702 3310 1944 3343 renuntiamus.
1954 3307 2027 3341 Inib
2037 3319 2154 3347 vttun·

315 3357 383 3398 ique
392 3350 489 3387 fiinul
499 3355 567 3401 agit
578 3356 614 3390 in
625 3353 723 3390 nobis
734 3354 825 3391 Deus
833 3372 845 3394 2
858 3364 961 3402 repet
969 3357 1204 3404 penitentiam
1221 3359 1397 3398 renouati,
1416 3355 1595 3394 liberemur
1603 3356 1622 3391 ὲ
1630 3367 1844 3405 peccatorum
1854 3354 2026 3395 seruitute:
2040 3359 2077 3390 &
2086 3355 2154 3441 gulfi:

545 3410 550 3414 “
2046 3415 2080 3440 lu
2111 3418 2120 3440 1
2150 3423 2163 3431 ⁴

1939 3460 2139 3492 *³²3³*1f‘aws

2122 3489 2134 3506 ι’
