2268 3705
0 648 11 912 mqu⁷
0 634 2 642 “

413 126 529 174 An
579 121 986 173 HEBRAEOS
1038 126 1216 176 cAr-
1267 122 1352 177 vt·
1461 114 1463 116 ’
1882 139 1944 188 -ςεε

92 202 158 238 Dei
171 199 389 237 misericordia
398 198 629 247 peccatoribus
638 198 776 233 offertut
787 197 986 250 simulatque
995 200 1234 247 ingemuerint.
1282 199 1355 235 lllic
1368 203 1458 237 enim
1469 204 1648 249 requiritur
1654 207 1935 257 poenirentia,qua

98 261 273 297 nunquam
283 247 355 282 vere
365 250 514 295 tangitur
523 250 581 294 qui
596 247 636 282 ab
648 246 831 294 Euangelio
843 249 973 294 prorius
985 245 1085 283 semel
1097 246 1227 283 defecit.
1264 249 1361 284 Tales
1372 252 1462 285 enim
1473 250 1539 285 Dei
1550 253 1674 300 Spiritu
1685 258 1806 302 priuati
1817 268 1852 292 νε
1863 271 1934 293 me·-

95 298 448 335 rentut‚coniiciuntur
457 298 492 330 in
502 293 632 329 sensum
642 296 873 342 reprobutmvt
884 295 1021 330 diabolo
1037 298 1219 344 mancipati
1229 308 1321 332 ruere
1332 300 1368 332 in
1378 297 1475 332 suum
1486 302 1626 336 exitium
1636 308 1833 351 pergant-Ita
1842 305 1933 342 fit-vt

97 360 167 382 non
178 343 324 380 desinant
333 343 423 378 aliud
433 356 470 378 ex
479 343 547 378 alio
557 355 701 391 peccare,
719 345 826 378 donec
840 342 1059 391 obstupefacti
1070 345 1182 379 Deum
1191 356 1422 383 contemnant,
1438 348 1489 382 vel
1500 347 1744 396 desperatorum
1755 356 1790 387 in
1802 366 1932 390 morem

94 391 215 430 furiose
224 394 363 428 oderint.
373 393 474 427 Hunc
485 391 607 426 habent
618 395 742 427 exitum
752 405 869 427 omnes
879 393 1083 440 apostatae,vt
1092 393 1145 427 vel
1154 394 1286 441 stupore
1297 392 1534 442 percuffi‚nihil
1546 400 1606 432 tim
1612 400 1724 435 eitzvel
1734 401 1846 437 Deum
1857 416 1932 438 exe·

94 441 228 477 crentur
236 440 473 487 iudicem,quia
483 438 594 487 fugere
603 452 787 488 nequeunt.
800 441 959 487 Denique
968 442 1126 476 admonet
1136 441 1329 488 Apostolus,
1334 446 1568 491 poenitcntiam
1580 459 1650 482 non
1660 447 1721 482 effe
1731 452 1765 483 in
1780 449 1930 487 hominis

94 487 298 526 arbitriozsed
311 491 351 523 iis
362 489 380 523 a
389 490 464 523 Deo
475 486 554 523 solis
567 489 635 522 dati
646 491 704 535 qui
715 502 785 524 non
797 487 926 536 prorsus
935 491 1115 524 exciderint
1129 491 1147 523 ὲ
1156 490 1230 524 fide.
1258 490 1344 544 Q
1357 493 1546 528 admonitio
1556 507 1715 543 perquam
1731 497 1830 533 nobis
1840 499 1930 536 vtilis

92 539 194 578 est,ne
203 539 238 572 in
250 538 427 572 crastinum
439 534 575 572 subinde
585 535 777 575 differendo,
786 540 890 585 magis
900 550 938 572 ac
949 540 1054 586 magis
1067 551 1129 573 nos
1139 539 1158 572 ἐι
1167 539 1242 572 Deo
1250 538 1444 575 alienemus.
1459 543 1520 576 His
1529 544 1663 589 quidem
1674 546 1860 593 prouerbiis
1871 547 1925 583 lu·

91 587 175 622 dunt
187 583 370 633 impiizsatis
381 585 451 620 fore
462 583 484 620 fi
493 587 578 619 inter
587 584 725 620 vltirnos
736 584 866 634 spiritus
877 583 963 634 ipsos
975 585 1132 621 sceleratae
1144 588 1218 621 vitae
1227 591 1400 634 poeniteat.
1414 588 1467 623 sed
1477 602 1584 637 quum
1596 592 1636 626 eb
1648 605 1786 629 ventum
1799 595 1843 630 est
1852 619 1863 636 ,
1879 597 1928 630 di-

89 637 134 671 ris
143 633 352 670 conscientia:
372 635 549 668 tormentis
559 636 758 674 excruciati,
778 634 985 668 documento
995 633 1070 669 sunt
1081 635 1181 681 quarn
1192 647 1264 669 non
1274 635 1409 684 vulgare
1419 636 1456 671 fit
1468 651 1564 686 opus,
1576 640 1727 677 hominis
1736 642 1922 679 conuerfio·

88 684 182 731 Ergo
193 695 299 730 quum
310 684 479 717 Dominus
491 681 592 716 nullis
606 685 701 717 veni5
710 684 885 730 promittat
896 681 957 717 nisi
967 686 1027 730 qui
1036 683 1076 718 ab
1092 684 1271 729 iniquitate
1281 684 1555 732 resipiscunttnon
1569 692 1692 724 mirum
1702 691 1747 725 est
1758 690 1780 726 si
1788 702 1927 745 pereant
1974 736 1975 740 Ἰ

91 735 153 779 qui
166 732 217 765 vel
227 729 286 765 des
305 733 462 769 eratione,
476 729 529 765 vel
545 741 746 779 contemptu
764 729 914 765 feruntur
925 730 1082 765 obstinati
1092 733 1128 766 in
1146 732 1242 766 suurn
1261 734 1446 767 interitum.
1466 735 1708 784 desiquisa
1722 738 1812 787 lapiu
1820 739 1925 775 resur·-

90 780 229 828 git,inde
237 791 279 815 co
295 779 465 827 ligendum
476 778 552 817 ciba
559 777 748 814 defetrione
756 777 1093 825 abfuiffe‚quamlibet
1103 782 1247 827 grauiter
1255 780 1333 815 alias
1341 785 1495 829 peccarit.
1507 783 1635 827 Rufiim
1643 787 1918 836 crucfigeneesssbr‘.
1946 800 1949 803 ’

87 829 167 864 Hoc
177 841 312 876 quoque
323 828 422 865 addit,
429 838 464 862 vt
475 827 541 862 Dei
549 824 755 862 seueritatem
765 828 912 862 vindicet
922 827 963 862 ab
970 827 1155 863 hominum
1165 827 1356 864 calumniis.
1393 831 1445 865 Est
1454 833 1544 866 enim
1555 835 1734 879 indignum
1746 847 1781 870 vt
1791 838 1882 872 Deus
1893 839 1925 872 i-

86 875 279 924 gnostcndo
296 875 517 911 defeekoribus
528 897 538 913 ,
548 874 665 910 Filium
676 873 770 910 suum
781 874 926 910 ludibrio
937 888 1090 924 exponat.
1100 877 1232 924 indigni
1243 889 1321 925 ergo
1331 876 1405 913 sunt
1414 882 1473 926 qui
1484 878 1742 918 misericordiam
1765 884 1923 933 cosequi·

88 936 152 960 tur.
178 925 280 960 Portb
292 924 360 959 haec
371 926 454 959 ratio
463 924 508 958 est
517 935 575 959 cur
585 926 704 958 iterum
715 924 800 958 dicat
813 924 984 959 Christum
998 923 1150 973 crucifigi
1160 929 1239 972 quia
1248 939 1311 964 nos
1321 927 1381 961 hac
1391 929 1589 964 conditione
1602 929 1652 964 illi
1662 937 1921 980 commorimur,

87 984 123 1008 vt
134 974 332 1009 meditemur
343 983 531 1021 perpetuam
543 974 616 1006 vitae
626 974 823 1007 nouitatem.
835 975 892 1019 qui
904 985 983 1021 ergo
994 975 1029 1008 in
1040 984 1183 1008 mortem
1194 976 1447 1023 recidunt,opus
1458 975 1582 1012 habent
1593 977 1736 1014 secundo
1749 980 1920 1018 sacrificio:

88 1032 123 1056 vt
132 1024 237 1072 capite
247 1022 379 1056 decimo
390 1020 564 1055 habebimu
570 1019 840 1068 s.Crucifigentes
854 1019 923 1058 fibi,
934 1021 1000 1057 hoc
1012 1023 1056 1057 est
1066 1034 1230 1069 quantum
1241 1025 1276 1057 in
1287 1023 1317 1057 se
1328 1024 1381 1057 est.
1405 1024 1493 1059 Nam
1508 1027 1574 1061 hoc
1585 1025 1676 1062 fieret
1688 1051 1699 1066 ,
1710 1029 1871 1078 quasique
1881 1033 1920 1067 in

85 1070 259 1119 triumpho
270 1070 490 1104 traduceretur
500 1067 652 1104 Christus
661 1092 672 1107 ‚
683 1067 704 1103 fi
715 1068 911 1104 hominibus
922 1068 1065 1105 liberum
1077 1069 1165 1109 effer,
1175 1072 1249 1119 post
1261 1070 1482 1108 defeetionem
1494 1076 1532 1108 ad
1543 1087 1620 1110 eum
1630 1077 1744 1111 redite.

138 1145 165 1182 7
219 1130 402 1186 Siquidem
410 1139 591 1187 terrasque
599 1129 745 1172 imbrem
752 1130 868 1183 sapius
876 1135 916 1172 in
914 1129 954 1184 fi
963 1136 1168 1173 venientem
1176 1131 1340 1175 combibit
1347 1162 1358 1180 ,
1372 1137 1604 1194 &progignit
1611 1138 1757 1181 herbam
1767 1154 1916 1183 commo-

83 1188 169 1231 dam
179 1193 221 1243 ᾖε
231 1199 331 1244 opera
341 1201 490 1242 quorum
500 1188 542 1235 ά·
551 1188 812 1243 colitumrecipit
818 1185 1093 1230 benediciionem
1103 1189 1122 1229 ei
1135 1198 1226 1230 Deo.

221 1251 265 1285 Ac
273 1259 346 1298 qua
354 1245 559 1299 produxerit
555 1243 676 1300 spinas
689 1244 728 1292 ἀ·
737 1243 1041 1300 tribulos‚reproba
1051 1246 1155 1299 esth&
1167 1245 1323 1288 obnoxia
1333 1249 1586 1299 malediaioni,
1602 1257 1698 1295 cuim
1708 1259 1823 1296 exime
1837 1266 1918 1296 ten*

81 1303 142 1345 dit
149 1300 476 1354 adcombusteonem.

141 1373 162 1408 9
218 1355 378 1397 Caret—dm
394 1355 617 1413 perfitaefimus
630 1355 726 1397 nobis
735 1357 781 1398 de
794 1357 896 1400 vobis
903 1357 1191 1418 diled't'i,quaefint
1197 1364 1239 1414 qs
1247 1361 1390 1403 meliora
1393 1361 1449 1409 ,ἀ-
1456 1362 1619 1415 casblnte
1628 1368 1790 1409 (manaa
1801 1385 1810 1409 :
1820 1378 1916 1423 tam.

87 1415 199 1470 etstfic
206 1416 403 1470 loquamur.

136 1485 177 1511 10
236 1477 330 1525 Qu
339 1474 435 1511 enim
443 1469 590 1518 iniustus
601 1469 648 1523 est
656 1478 812 1516 Dum-vt
819 1468 1044 1526 obliuiftatur
1051 1475 1160 1527 operis
1168 1471 1293 1527 vestri,
1299 1470 1339 1519 ά
1349 1470 1476 1514 laboris
1485 1479 1525 1517 in
1533 1476 1742 1520 charitatem
1751 1479 1904 1540 impensi}

78 1542 191 1586 quam
199 1527 386 1581 ostendistis
400 1542 485 1585 erga
493 1541 621 1579 nomen
632 1531 717 1573 eius,
725 1528 812 1569 dum
821 1529 1188 1584 ministraftisfimffis,
1194 1530 1233 1576 (ἐν
1245 1534 1466 1571 ministratis.

86 1623 89 1626 .
125 1609 149 1643 7
199 1595 358 1643 Siquidem
365 1600 471 1641 terra.)
511 1594 689 1645 Aptiffima
698 1596 881 1632 similitudo
891 1598 930 1632 ad
942 1599 1153 1634 excitandum
1164 1602 1292 1635 mature
1302 1599 1499 1648 proficiendi
1510 1602 1616 1640 studiu
1622 1618 1749 1642 m-nam
1759 1606 1840 1644 ficut
1850 1598 1917 1646 ter·-

19 1668 31 1687 ;
77 1659 114 1682 ra
123 1646 249 1681 bonam
260 1644 399 1694 segetem
410 1644 557 1694 proferre
568 1648 604 1680 in
613 1645 711 1680 meffe
719 1648 848 1694 nequit,
861 1645 919 1681 nifi
932 1660 1011 1681 mox
1020 1645 1050 1682 se
1061 1659 1174 1683 mente
1183 1648 1268 1684 facta
1279 1651 1575 1696 germinaueritzita
1585 1652 1607 1688 fi
1617 1658 1790 1702 peruenire
1799 1659 1838 1691 ad
1851 1656 1916 1693 bo-

76 1707 157 1732 nam
169 1693 298 1743 frugem
313 1692 679 1741 volumus‚fimulatque
687 1693 825 1730 verbum
834 1693 928 1730 suum
939 1694 1014 1732 serit
1024 1697 1336 1738 Dominus,radices
1348 1700 1383 1732 in
1393 1699 1493 1734 nobis
1503 1713 1598 1749 agere
1607 1702 1702 1738 debet
1720 1716 1793 1752 quae
1803 1706 1914 1743 statim

77 1754 260 1791 emergant.
268 1742 388 1790 Neque
397 1744 488 1777 enim
497 1739 694 1790 sperandum
711 1743 755 1778 est
764 1754 799 1778 vt
808 1742 996 1782 fruitificet,
1011 1743 1034 1779 fi
1044 1743 1096 1779 vel
1107 1741 1282 1780 suffocatur
1290 1745 1342 1779 vel
1354 1747 1538 1793 degenerat.
1555 1752 1618 1785 Sed
1628 1754 1915 1798 quemadmodum

74 1791 172 1828 valde
180 1803 242 1840 pro
267 1793 314 1825 ria
323 1791 367 1827 est
377 1789 568 1827 similitudo:
579 1793 624 1828 ita
634 1791 811 1839 prudenter
820 1792 859 1826 ad
869 1793 1058 1828 institutum
1069 1793 1223 1840 Apostoli
1232 1796 1516 1831 accommodanda
1525 1799 1582 1832 est.
1590 1801 1785 1849 Terra‚inqu
1792 1805 1828 1844 it,
1838 1814 1913 1851 quae

74 1839 228 1889 pluuiam
243 1804 402 1888 sugendo,
414 1839 519 1874 statim
530 1839 549 1874 a
559 1839 684 1875 satione
694 1853 764 1875 non
775 1841 968 1888 degenerem
978 1840 1112 1876 herbam
1123 1841 1247 1890 profert
1257 1865 1268 1880 ‚
1278 1843 1342 1876 Dei
1352 1841 1587 1882 benediffione
1597 1848 1728 1884 tandem
1739 1853 1779 1886 ad
1795 1851 1912 1899 segetis

73 1890 299 1924 maturitatem
309 1888 510 1936 perducitur.
519 1890 564 1922 ita
574 1889 633 1935 qui
643 1890 842 1936 concipiunt
852 1888 1026 1937 Euangelii
1034 1887 1145 1925 semen
1155 1893 1189 1925 in
1200 1890 1357 1926 cordibus
1367 1889 1478 1930 suis‚&
1491 1898 1672 1941 genuinam
1686 1901 1762 1933 inde
1771 1901 1909 1937 herbam

72 1935 387 1985 proferunt‚semper
394 1935 568 1984 augescent
579 1938 615 1971 in
627 1935 867 1976 melius,donec
878 1949 1046 1972 maturum
1062 1937 1209 1973 fructum
1220 1940 1612 1981 edannssxaduersoaerra
1625 1958 1698 1992 quae
1707 1948 1778 1994 post
1789 1949 1903 1984 cultu-

71 1996 144 2020 ram
154 1986 424 2033 &irrigationem
435 1983 521 2020 nihil
530 1982 623 2019 affert
632 1995 745 2033 praeter
754 1981 964 2033 spinas,spem
977 1986 1104 2021 nullam
1117 1983 1223 2021 meffis
1232 1986 1479 2034 relinquitzimo
1490 2004 1559 2037 quo
1571 1998 1675 2040 magis
1687 1994 1800 2030 crescit
1809 1998 1903 2044 quod

70 2032 142 2068 illic
153 2044 269 2068 natum
279 2033 376 2074 est‚eo
388 2035 493 2081 magis
505 2033 549 2068 est
559 2030 730 2081 desperata.
743 2035 819 2068 ideo
830 2036 968 2068 vnicum
979 2035 1164 2069 remedium
1177 2035 1222 2069 est
1230 2057 1241 2073 ‚
1253 2046 1290 2070 vt
1302 2037 1425 2072 vitiofis
1434 2049 1471 2072 ac
1483 2040 1660 2076 inutilibus
1672 2041 1782 2078 herbis
1794 2044 1905 2081 cultor

69 2083 185 2130 ignem
197 2079 356 2116 subiiciat.
368 2084 413 2116 ita
426 2084 485 2128 qui
496 2080 668 2129 Euangelii
678 2081 788 2116 semen
799 2093 1021 2129 corrumpunt
1032 2081 1084 2116 vel
1094 2091 1229 2131 torpore
1238 2081 1308 2121 suo,
1325 2083 1375 2118 vel
1386 2089 1494 2133 prauis
1507 2085 1678 2125 affectibus
1690 2115 1700 2128 ‚
1719 2103 1754 2126 vt
1763 2092 1900 2129 nullum

67 2129 152 2165 boni
160 2128 327 2178 proselitus
339 2128 469 2177 signum
480 2132 516 2164 in
526 2131 592 2163 vita
601 2127 655 2164 sua
665 2128 805 2164 edantzse
814 2129 973 2177 reprobos
982 2127 1041 2165 else
1051 2131 1278 2172 ostendunt,vt
1288 2131 1381 2167 nulla
1391 2135 1469 2168 inde
1479 2134 1586 2172 meffis
1598 2135 1752 2186 speranda
1762 2139 1901 2179 iit-Non

69 2191 150 2226 ergo
160 2178 216 2213 hic
241 2179 281 2212 de
291 2176 361 2213 solo
372 2176 548 2225 Euangelii
559 2176 668 2213 stut‘ltu
677 2176 858 2225 Apostolus
870 2176 1011 2226 disputat
1030 2191 1039 2212 ε
1058 2178 1110 2213 sed
1122 2180 1389 2215 exhortationem
1401 2177 1490 2216 suam
1511 2181 1722 2233 prosequitur
1733 2200 1768 2223 vt
1781 2202 1900 2236 prom·

68 2238 129 2275 pto
148 2225 313 2272 alacrique
323 2228 438 2261 animo
457 2225 698 2274 amplectamur
709 2224 939 2273 Euangelium.
958 2226 1078 2262 deinde
1098 2239 1133 2262 vt
1145 2241 1223 2263 mox
1247 2230 1318 2276 post
1340 2229 1520 2266 sementem
1542 2231 1661 2269 factam
1674 2235 1776 2271 herba
1794 2251 1898 2286 appa-

67 2286 146 2310 reat.
158 2274 257 2310 tettio
265 2298 276 2313 ,
301 2285 334 2309 vt
345 2274 556 2322 quotidianas
566 2275 775 2326 irrigationes
785 2272 936 2322 sequatur
946 2276 1203 2311 incrementum.
1220 2275 1344 2314 βοτοίνίω
1354 2277 1459 2311 eriere-:ov
1476 2302 1486 2318 ,
1498 2279 1555 2314 alii
1566 2283 1807 2330 Opportunam
1827 2299 1902 2322 ver-

68 2333 149 2358 tunt
158 2346 168 2361 ,
178 2322 234 2357 alii
244 2323 471 2358 commodam.
482 2334 620 2370 vtraque
630 2321 825 2370 significatio
844 2326 1007 2358 conuenit
1026 2337 1035 2358 τ
1054 2321 1105 2358 sed
1116 2327 1207 2372 prior
1225 2327 1266 2361 ad
1283 2337 1415 2375 tempus
1431 2350 1441 2365 ,
1457 2329 1618 2376 posterior
1642 2332 1682 2366 ad
1703 2333 1898 2380 qualitatem

65 2370 232 2409 referenda
241 2374 312 2406 erit.
348 2369 464 2408 Sensus
472 2369 671 2419 allegoricos
688 2394 699 2409 ‚
714 2370 837 2418 quibus
854 2369 909 2406 hic
921 2370 1042 2407 ludunt
1059 2375 1254 2420 Interpretes
1273 2400 1286 2415 ,
1303 2379 1428 2411 omitto
1438 2396 1450 2415 ,
1466 2379 1545 2424 quia'
1554 2379 1572 2412 a
1588 2392 1701 2416 mente
1721 2383 1901 2430 Scriptoris

68 2418 193 2468 procul
204 2417 332 2454 absunt.
1005 2432 1007 2434 '
1112 2443 1121 2452 -

114 2479 137 2512 9
186 2467 322 2515 Peficaesi
325 2477 430 2502 autem
433 2469 564 2513 fiamus.)
614 2466 705 2515 Qa
713 2465 893 2516 superiores
905 2467 1071 2505 sententiae
1082 2469 1170 2518 quasi
1181 2469 1323 2507 fulmina
1333 2469 1467 2509 fuerunt
1478 2499 1489 2512 ‚
1507 2474 1630 2522 quibus
1641 2479 1821 2513 exanimari
1833 2492 1899 2528 po-

62 2526 173 2553 terant
181 2518 337 2551 Lectores
346 2541 358 2556 ,
370 2517 583 2565 temperanda
593 2515 655 2552 fuit
665 2515 720 2550 illa
729 2515 971 2568 asperitaszideo
981 2530 1072 2554 nunc
1083 2520 1164 2554 dicit
1172 2531 1244 2556 non
1255 2522 1279 2555 it
1287 2532 1304 2554 a
1315 2518 1345 2554 se
1366 2519 1549 2567 loquutum
1564 2524 1654 2570 quasi
1665 2525 1763 2560 talem
1774 2527 1813 2560 de
1821 2527 1899 2576 ipsis

64 2566 267 2612 opinionem
288 2567 490 2613 conceperit.
524 2567 564 2600 Et
592 2564 679 2601 certe
697 2565 846 2611 quisquis
862 2565 1014 2601 docendo
1030 2565 1176 2614 prode-ise
1186 2571 1279 2616 cupit
1296 2594 1307 2610 ,
1327 2567 1369 2604 sic
1387 2572 1524 2605 tractare
1543 2572 1639 2607 debet
1659 2571 1733 2608 suos
1750 2573 1897 2624 discipu*

65 2610 137 2654 los,
150 2624 186 2647 vt
194 2615 348 2649 animum
357 2612 424 2649 illis
434 2612 560 2662 semper
569 2614 665 2648 addat
673 2614 787 2660 potius
798 2614 899 2660 quam
908 2614 1086 2650 diminuat.
1097 2615 1184 2651 nihil
1197 2619 1288 2652 enim
1300 2616 1343 2651 est
1352 2619 1443 2664 quod
1454 2632 1517 2654 nos
1531 2633 1560 2654 m
1566 2624 1636 2668 agis
1649 2617 1770 2656 alienet
1785 2622 1826 2658 ab
1837 2637 1897 2659 au-

63 2660 186 2695 dienda
206 2661 359 2696 doettim
368 2687 378 2699 ,
391 2663 493 2711 quam
502 2663 582 2697 dum
593 2663 744 2697 videmus
753 2673 817 2696 nos
825 2660 937 2697 haberi
949 2675 1009 2710 pro
1019 2659 1203 2712 desperatis.
1251 2666 1399 2700 Testatur
1409 2678 1488 2714 ergo
1502 2669 1681 2715 Apostolus
1692 2668 1721 2704 se
1731 2671 1807 2706 ideo
1822 2686 1896 2707 mo-

64 2720 142 2744 nete
153 2709 278 2745 Iudaeos
292 2735 303 2750 ‚
315 2711 440 2756 quiade
450 2709 516 2745 illis
526 2709 611 2746 bene
620 2709 724 2758 speret
732 2735 743 2750 ,
753 2719 853 2756 atque
861 2711 902 2745 ad
911 2709 1046 2746 salutem
1057 2712 1215 2748 adducere
1223 2716 1345 2763 cupiat.
1374 2714 1464 2749 Hinc
1473 2716 1668 2764 colligimus
1677 2743 1688 2760 ‚
1699 2732 1770 2754 non
1781 2733 1896 2769 repro—

63 2755 127 2792 bos
136 2757 267 2798 tantum
277 2756 385 2805 aspere
400 2761 435 2794 δι
446 2760 513 2795 aeti
531 2758 744 2794 vehementia
751 2756 978 2807 obiurgandos
994 2757 1055 2794 effe
1064 2786 1075 2801 ,
1086 2760 1138 2797 sed
1157 2761 1281 2798 eleetos
1302 2774 1440 2809 quoque
1461 2763 1549 2813 ipsos
1571 2787 1583 2802 ,
1609 2770 1644 2801 &
1665 2780 1751 2814 quos
1774 2772 1809 2804 in
1819 2768 1899 2804 filiis

63 2805 132 2841 Dei
139 2805 322 2841 censemus.
1211 2830 1213 2833 ·

113 2863 151 2888 10
189 2855 230 2888 N
231 2867 268 2888 on
279 2857 358 2888 em'm
368 2851 519 2898 iniustus.)
559 2853 640 2889 Haec
649 2852 746 2889 verba
754 2854 950 2890 tantundem
961 2855 1074 2891 valent
1091 2855 1151 2891 acfi
1162 2857 1301 2898 diceret,
1311 2871 1348 2892 ex
1359 2858 1459 2895 bonis
1476 2862 1653 2910 principiis
1674 2859 1704 2896 se
1715 2860 1845 2899 bonum
1856 2863 1897 2899 fi-

63 2913 142 2937 nem
155 2900 290 2949 sperare.
312 2903 373 2937 Sed
382 2903 462 2938 hinc
472 2899 615 2937 nascitur
624 2901 801 2938 difficultas
810 2927 821 2941 ‚
830 2903 922 2951 qubd
935 2904 1063 2940 videtur
1074 2904 1255 2941 hominum
1266 2904 1387 2942 officiis
1397 2909 1507 2943 Deum
1520 2909 1643 2944 obsttin
1648 2923 1733 2958 gere.
1744 2913 1826 2958 Ego²
1840 2915 1894 2947 in⁴

63 2951 194 2999 quit‚de
204 2948 306 2985 salute
315 2951 417 2986 vestra
434 2949 506 2986 sum
517 2946 775 2998 persuasus‚quia
784 2952 876 2987 Deus
887 2964 1027 2999 operum
1037 2954 1218 2988 vestrorum
1231 2964 1300 2988 non
1311 2956 1417 3002 potest
1429 2956 1668 2993 obliuiscizhoc
1682 2960 1786 2994 modo
1802 2961 1895 2995 videa

60 3007 117 3033 ωε
134 3011 250 3034 eorum
267 2997 405 3034 salutem
425 3001 461 3034 in
482 2997 640 3046 operibus
658 2997 795 3034 fundare
803 3022 814 3038 ‚
836 3002 873 3035 &
882 3001 994 3035 Deum
1006 2999 1142 3036 statuere
1160 3001 1226 3037 illis
1237 3001 1435 3039 debitorem.
1459 3006 1610 3054 Sophiste
1621 3009 1719 3040 etiam
1734 3011 1792 3053 qui
1811 3021 1894 3056 ope-

62 3057 140 3080 rum
151 3048 268 3081 merita
277 3058 458 3094 opponunt
466 3048 529 3082 Dei
538 3048 660 3095 gratiae,
671 3049 835 3093 exagitant
845 3048 931 3082 hanc
942 3059 1066 3096 partem
1077 3069 1088 3088 2
1099 3049 1181 3084 Non
1194 3051 1238 3085 est
1248 3051 1385 3087 iniustus
1396 3054 1498 3088 Deus.
1531 3054 1621 3088 Nam
1633 3055 1709 3088 inde
1724 3054 1892 3102 colligunt

63 3094 224 3128 iniustum
237 3093 306 3129 fore
317 3093 377 3129 nifi
386 3097 552 3142 premium
564 3106 690 3130 aeternae
701 3093 810 3130 salutis
825 3095 981 3144 operibus
992 3098 1158 3145 rependat.
1195 3100 1266 3146 Ego
1277 3098 1420 3135 breuiter
1430 3101 1624 3149 respondeo,
1636 3100 1836 3149 Apostolum
1847 3106 1894 3139 no

63 3141 121 3177 hic
132 3154 169 3175 ex
179 3140 318 3189 profeffo
352 3142 516 3190 disputare
524 3155 675 3190 quaenam
687 3142 724 3178 fit
733 3141 843 3178 salutis
854 3144 963 3187 nostre
973 3143 1075 3180 causa.
1094 3145 1170 3180 ideo
1179 3159 1252 3182 non
1263 3147 1379 3183 debere
1389 3162 1426 3183 ex
1437 3149 1590 3184 hocloco
1602 3150 1763 3184 iudicium
1775 3150 1844 3186 fieri
1853 3153 1895 3187 de

62 3201 205 3237 opetum
217 3191 355 3228 meritis,
366 3204 475 3238 neque
485 3191 565 3226 hinc
576 3189 665 3240 posse
675 3192 770 3225 statui
781 3192 864 3239 quid
874 3192 1030 3240 operibus
1039 3193 1207 3229 debeatur.
1216 3196 1283 3230 Scri
1312 3207 1382 3231 tura
1392 3191 1516 3244 vbique
1525 3210 1596 3232 non
1606 3196 1709 3232 alium
1720 3197 1829 3234 salutis
1839 3200 1895 3234 f6-

62 3248 134 3273 tem
152 3237 310 3275 ostendit,
321 3239 421 3284 quam
444 3241 621 3286 gratuitam
633 3240 697 3274 Dei
708 3237 975 3276 misericordiam.
994 3242 1098 3292 Qd
1107 3253 1216 3278 autern
1231 3208 1344 3291 paifim
1355 3246 1444 3280 Deus
1455 3246 1636 3279 mercedem
1648 3246 1802 3292 operibus
1812 3261 1892 3296 pro*

64 3288 171 3321 mittit
183 3311 193 3326 ,
198 3286 318 3333 pendet
327 3286 360 3320 id
369 3287 387 3320 a
396 3290 537 3333 gratuita
548 3285 766 3335 promiffione
779 3301 844 3335 qua
855 3301 918 3323 nos
928 3289 1062 3337 adoptat
1074 3292 1109 3325 in
1121 3289 1207 3326 filios
1219 3315 1229 3328 ‚
1241 3291 1367 3340 nosque
1377 3292 1436 3327 fibi
1448 3292 1640 3327 reconciliat
1648 3316 1658 3331 ‚
1679 3306 1810 3341 peccata
1821 3309 1894 3332 non

64 3334 277 3381 imputando.
295 3335 423 3369 Merces
432 3346 511 3382 ergo
522 3334 660 3383 reposita
671 3337 715 3370 est
726 3335 894 3384 operibus,
904 3350 976 3372 non
988 3350 1026 3373 ex
1037 3341 1170 3377 merito,
1181 3338 1234 3374 sed
1244 3352 1333 3375 mera
1343 3342 1408 3375 Dei
1417 3340 1622 3375 liberalitate.
1645 3352 1839 3390 quanquam
1850 3357 1895 3380 ne

55 3381 134 3420 ⁷‚lucc
145 3382 280 3430 quidem
290 3380 436 3419 liberalis
445 3395 585 3432 operum
593 3383 768 3421 retributio
777 3383 893 3423 locum
903 3384 1004 3422 habet
1013 3385 1076 3424 nisi
1087 3387 1265 3438 postquam
1285 3387 1409 3424 Christi
1427 3386 1592 3473 benefiecip
1601 3392 1723 3447 recepti
1733 3389 1845 3428 sumus
1855 3395 1894 3427 in

1549 3482 1560 3486 -
1584 3449 1614 3472 c.
1665 3449 1727 3486 m).

159 3524 165 3539 Κ

1960 292 2154 338 Ez‘d’tssfiv.
