2268 3705
320 140 372 188 538
856 125 1640 179 ¹INEPIST·PAVLl

332 207 526 243 dolfrinam?
541 219 662 255 nempe
673 207 731 253 qui
743 207 778 239 in
787 202 934 239 Ecclesiae
945 201 1201 237 aedificationem
1214 198 1249 234 sit
1259 198 1359 233 vtilis.
1370 199 1544 245 Qjcquid
1555 201 1646 232 enim
1660 194 1755 233 nullo
1766 209 1845 234 cum
1854 201 1986 248 pietatis
1997 200 2106 239 fluctu
2117 204 2170 240 ds.

334 257 434 292 scitur
446 268 481 292 ac
494 255 604 297 scitur,
617 256 789 292 Doctrina:
801 255 941 287 nomine
952 251 1079 285 censere
1088 248 1209 283 Paulus
1220 260 1290 282 non
1302 244 1393 282 solet:
1404 250 1487 294 quin
1502 248 1613 294 potitis
1623 245 1862 294 speculationes
1873 261 1991 285 omnes
2001 264 2072 297 quae
2083 253 2170 289 nihi-'k

335 306 491 340 vtilitatis
501 305 654 343 afferunt,
669 302 853 350 quamlibet
865 300 997 344 alioqui
1007 299 1067 332 sint
1078 309 1191 334 acutae‚
1205 298 1358 330 vanitatis
1375 297 1520 329 damuat-
1539 297 1590 329 Sic
1601 298 1640 329 ad
1652 297 1827 331 Romanos
1846 298 2066 345 capitc12.b.7
2077 324 2087 339 ‚
2137 305 2171 336 ui

337 355 446 392 docet,
459 356 490 388 id
502 353 597 388 faciat
610 357 643 387 in
655 354 817 386 doctriua.
830 351 895 383 hoc
908 349 962 386 est,
974 344 1118 394 prodcll'e
1130 344 1338 379 auditoribus
1349 345 1480 378 studeat.
1515 346 1552 377 In
1564 342 1633 378 sum
1640 356 1692 377 ma
1703 368 1712 383 ,
1725 343 1790 379 hoc
1802 348 1948 393 primum
1966 348 2009 381 est
2019 371 2029 386 ‚
2045 361 2080 383 vt
2091 349 2173 386 san'ae

340 403 499 437 dosttinae
513 400 646 445 scientia
658 401 835 434 instructus
850 396 884 430 sit
894 396 1016 430 Pastor:
1027 394 1167 428 alterum
1180 394 1308 430 vero‚vt
1321 391 1415 426 firma
1428 394 1533 426 animi
1545 393 1729 426 constantia
1739 395 1807 428 eius
1819 393 2058 430 confeffionem
2070 399 2109 432 ad
2119 411 2175 433 ex-

336 462 485 495 (tremum
499 448 599 497 vsque
611 452 768 484 retineat:
795 447 930 480 tertium
944 467 953 481 ,
965 456 1000 478 vt
1012 441 1100 477 suam
1113 443 1258 477 docendi
1270 444 1434 475 rationem
1447 438 1643 474 aedificando
1653 442 1906 476 accommodet:
1924 456 1985 478 nec
1996 445 2176 482 ambitiose
2201 447 2203 450 ’
2218 464 2220 467 ·
2255 438 2257 445 ¹

339 500 458 534 volitet
472 512 528 547 pei·
540 501 683 546 argntias
696 493 822 529 friuolae
834 491 1044 531 curiositatis,
1055 490 1106 525 sed
1117 489 1259 525 solidum
1272 491 1428 524 duntaxat
1438 487 1584 522 Ecclesiae
1596 489 1783 536 profectum
1796 502 1927 536 quaerat.
1953 493 2168 542 thotensfit.

337 549 475 596 Duplex
486 546 544 581 effe
556 560 619 580 vox
633 545 770 580 Pastoris
780 541 886 576 debet:
903 541 1003 575 altera
1014 539 1135 574 ouibus
1146 537 1343 585 colligendis
1358 560 1367 574 ‚
1379 537 1478 570 altera
1491 538 1640 575 arcendis
1652 536 1869 585 fugandisque
1879 538 1966 587 lupis
1979 544 2012 574 δε
2032 540 2173 578 fui-ibus.

340 601 512 643 Vtranque
525 595 715 629 facultatem
726 593 895 638 Soriptura
906 588 1102 637 suppeditat.
1116 600 1191 621 nam
1205 588 1264 633 qui
1276 585 1379 633 probe
1390 588 1424 619 in
1434 598 1470 619 ea
1481 584 1578 619 fuerit
1591 589 1796 624 exercitatus,
1811 597 1877 620 tam
1889 590 1929 622 ad
1942 592 2104 636 regendos
2117 592 2178 627 do·
2216 608 2218 610 ’

342 645 423 681 ciles
438 642 589 680 sufficiet,
602 644 701 679 Quam
718 641 756 674 ad
769 640 877 674 hostes
894 639 1041 672 veritatis
1053 635 1258 670 refellendos.
1274 636 1374 668 Hunc
1384 633 1551 681 duplicem
1562 635 1734 682 Scriptura:
1748 633 1840 669 vsum
1852 635 1969 670 Paulus
1983 650 2089 676 notat,
2099 642 2179 686 ‘qufi

342 696 433 731 dicit,
447 694 489 726 Vt
500 682 667 739 percussit
682 688 840 723 exhortam
852 690 889 725 ὠ·
898 685 1087 728 aduershrios
1095 687 1280 720 comunem,
1331 685 1443 728 Atque
1455 682 1533 716 hinc
1545 681 1663 716 discam
1670 695 1717 722 us,
1738 683 1883 731 primum
1896 697 2046 730 qua-nam
2059 699 2132 721 vera
2142 688 2180 723 fit
2211 700 2213 702 ·
2262 718 2263 728 ,

342 739 496 789 Episcopi
510 739 654 775 scientia,
668 738 787 772 deiude
798 738 832 770 in
845 748 947 782 quem
958 733 1013 768 vsu
1021 746 1051 767 m
1065 731 1264 767 conferenda
1275 730 1321 765 lit.
1331 732 1414 765 Vere
1425 730 1505 777 sapit
1522 728 1701 778 Episcopus
1712 734 1770 778 qui
1785 733 1907 766 rec‘tam
1920 731 2016 767 fidem
2030 739 2180 770 tenenti—

342 801 374 824 tc
385 788 519 824 scientia
530 791 583 823 iua
594 791 708 824 vritur,
719 787 798 820 dum
809 785 846 818 ad
858 783 977 832 populi
988 781 1243 817 aedificationem
1255 793 1325 813 eam
1338 780 1581 813 accommodat.
1595 781 1632 812 Et
1645 779 1698 813 liic
1708 780 1751 813 est
1764 779 1891 831 insigne
1902 781 1990 815 verbi
2004 784 2068 816 Dei
2078 797 2180 819 cneo-

344 841 465 874 mium‚
478 837 556 871 dum
571 849 641 871 non
656 836 694 870 ad
706 833 867 881 regendos
879 831 980 866 modo
992 829 1127 868 dociles,
1138 827 1192 863 sed
1203 827 1417 876 frangendam
1428 828 1572 862 hostium
1587 830 1805 874 peruicaciam
1816 826 1962 863 iufficere
1977 832 2180 880 praedicatur.
2228 852 2236 864 ¹·

343 889 383 923 Et
397 886 483 920 certe
497 899 533 920 ea
543 886 586 919 est
598 883 765 933 patefactae
776 884 793 916 a
803 883 957 915 Domino
978 881 1122 913 veritatis
1134 879 1297 925 potentia,
1307 888 1340 910 vt
1352 875 1446 911 facile
1457 874 1608 910 aduersus
1619 877 1789 915 mendacia
1800 879 1916 923 omnia
1929 879 2110 926 praeualeat.
2125 884 2182 917 Εὲἱε
2222 896 2223 899 ’

345 947 437 970 nunc
448 933 582 981 Papales
593 931 758 980 Episcopi,
773 935 806 965 ὃς
819 927 1022 976 Apostoloti]
1043 924 1241 961 succeffione
1252 925 1447 972 glorientur:
1459 936 1603 971 quorum
1616 924 1704 959 bona
1714 938 1786 971 pars
1797 925 1880 959 adeo
1894 939 2005 974 expers
2017 929 2060 962 est
2071 927 2185 966 omriis
2219 931 2239 968 'l

344 985 517 1024 doetrinae,
529 995 562 1017 vr
576 979 926 1025 inscitiam,digiiitatis
939 974 999 1010 sua:
1011 989 1081 1010 non
1094 977 1271 1008 minimam
1285 984 1410 1021 partem
1422 971 1480 1007 esse
1491 974 1624 1007 ducant.
2215 969 2244 1123 ἓ

405 1074 418 1097 1
430 1072 451 1094 o
511 1065 592 1096 Sunt
615 1057 707 1093 enim
719 1051 819 1091 multi
829 1051 1045 1105 immorigeri
1059 1069 1071 1094 9
1086 1048 1125 1095 ά
1136 1045 1322 1100 vaniloqui
1333 1075 1343 1091 ‚
1356 1045 1394 1093 ὦ·
1405 1049 1571 1086 mentium
1572 1044 1772 1100 fidue‘i‘ores
1784 1078 1794 1096 ,
1805 1047 1962 1088 maxime
1976 1055 2037 1106 qui
2035 1050 2123 1106 fimt
2138 1069 2187 1095 ex
2206 1095 2208 1101 y

347 1121 377 1152 C
378 1113 594 1166 ircuncistone
604 1141 612 1155 ‚
1387 1121 1394 1124 ·
1506 1147 1515 1155 ,
1689 1129 1702 1160 .-
2221 1116 2244 1170 r«

406 1184 437 1208 11
494 1167 633 1224 ‘Qubus
644 1175 771 1222 oportet
780 1161 995 1206 ObthurarQ
1009 1176 1058 1200 os:
1072 1163 1135 1216 qui
1142 1170 1230 1199 totas
1240 1156 1568 1212 domosfitbuertunt
1577 1190 1588 1206 ,
1601 1158 1758 1199 docentes
1768 1174 1839 1215 quae
1850 1175 1920 1201 non
1934 1174 2082 1218 oportet,
2113 1168 2190 1206 tur-¹.
2224 1153 2245 1225 ἶ

340 1230 397 1282 pis
409 1227 490 1264 lucri
494 1235 617 1279 grana.
2224 1227 2239 1252 ν

407 1297 441 1321 xz
503 1284 611 1319 Dixti*
620 1278 763 1337 quidam
773 1292 819 1317 ex
830 1275 905 1336 ipfis
917 1275 1086 1332 ,proprius
1097 1286 1212 1315 eorum
1218 1271 1380 1330 propheta
1393 1303 1402 1320 ,
1415 1269 1585 1325 Cretenses
1596 1268 1920 1330 ftmpermena'aces
1933 1305 1944 1322 ,
1964 1275 2061 1315 malae
2071 1275 2190 1333 bestia,

348 1349 490 1377 ventrer
494 1339 586 1391 pigri
590 1368 597 1375 .
1861 1342 1866 1345 ·

408 1408 438 1445 13
497 1394 750 1433 Testimonium
762 1390 825 1431 hoc
834 1388 878 1440 est
887 1402 1022 1429 verum.

395 1477 432 1499 10
485 1465 560 1497 Sunt
571 1461 694 1501 amem.)
747 1461 924 1506 Postquam
938 1467 1158 1491 communem
1171 1454 1318 1503 regulam
1333 1451 1533 1503 praescripsit,
1551 1467 1622 1501 quae
1637 1453 1761 1502 vbique
1776 1454 1977 1491 obseruanda
1987 1458 2042 1498 est,
2056 1459 2125 1505 qub
2136 1470 2186 1494 ta„
2228 1452 2233 1462 *
2248 1462 2251 1472 i

350 1527 426 1548 men
440 1514 476 1546 ad
491 1525 560 1546 eam
573 1511 761 1546 seruandam
774 1510 878 1554 magis
891 1509 1038 1540 intentus
1051 1504 1087 1538 sit
1097 1503 1408 1551 Titus,peculiarem
1421 1501 1640 1537 iiecellitatem
1657 1503 1706 1537 illi
1720 1507 1894 1551 proponit,
1912 1519 1984 1552 (με
1996 1519 2109 1553 Vrgere
2119 1507 2188 1555 jpffi

351 1576 415 1610 prae
427 1562 497 1596 aliis
512 1560 635 1595 debeat.
652 1561 820 1593 Admonet
833 1553 987 1592 eiiirri‚illi
999 1555 1176 1599 negotium
1187 1552 1247 1586 elle
1256 1565 1333 1586 cum
1347 1550 1459 1585 multis
1469 1550 1660 1586 refractariis
1672 1553 1894 1587 &indomitis
1905 1553 2067 1602 capitibus
2077 1582 2087 1596 ,
2101 1555 2192 1591 mul·
2226 1552 2230 1570 ³

350 1623 402 1645 tos
415 1610 474 1644 else
487 1607 639 1645 ventosus
652 1612 685 1642 &
697 1619 779 1640 vana
791 1603 980 1653 garrulitate
991 1603 1138 1641 inflatos,
1150 1599 1274 1635 multos
1285 1600 1492 1648 impostores:
1503 1599 1695 1647 deligendos
1708 1603 1848 1648 proinde
1859 1614 1896 1635 ex
1907 1602 2062 1650 opposito
2073 1602 2134 1638 effi:
2145 1605 2191 1641 cl'u.
2220 1611 2221 1615 ’

352 1671 404 1694 ces
415 1662 472 1706 qui
484 1661 520 1692 ad
536 1649 745 1693 relisten‘d‘um
759 1654 872 1688 idonei
882 1651 945 1686 sint
956 1663 993 1685 ac
1006 1650 1092 1685 bene
1105 1650 1265 1684 instructi.
1277 1649 1366 1683 Nam
1377 1647 1398 1682 si
1410 1646 1486 1681 filiis
1500 1648 1600 1682 liuius
1612 1646 1709 1683 seculi
1721 1648 1866 1696 peticula
1875 1662 1987 1685 curam
2000 1662 2036 1686 ae
2049 1653 2190 1700 vigilan-

352 1711 433 1742 tiam
447 1720 581 1754 augent:
592 1718 688 1752 turpe
697 1701 784 1740 estet,
797 1703 877 1736 dum
887 1699 1005 1734 omnia
1016 1697 1155 1732 molitur
1166 1700 1274 1735 Satan,
1287 1709 1349 1731 nos
1364 1696 1453 1743 quasi
1466 1696 1561 1731 rebus
1572 1700 1694 1744 pacatis
1726 1696 1854 1732 securos
1865 1710 2004 1747 torpere.
2049 1703 2193 1736 Immori-

347 1770 411 1805 gein
454 1758 516 1790 Dio
534 1769 602 1802 quo
615 1756 716 1788 Vetus
729 1754 889 1798 interpres
903 1747 1043 1783 reddidit
1054 1745 1287 1781 inobedientes
1297 1771 1307 1786 ,
1317 1745 1481 1782 Erasmus,
1495 1745 1732 1780 Intrastabiles.
1753 1745 1926 1793 Significat
1936 1760 2048 1783 autem
2063 1763 2119 1784 eos
2129 1753 2190 1797 qui

354 1808 389 1839 in
403 1807 553 1839 ordinem
569 1802 598 1838 se
607 1804 684 1849 cogi
696 1813 766 1837 non
776 1798 945 1835 sustinent,
957 1807 994 1830 ac
1004 1793 1221 1829 subiectionis
1235 1797 1355 1842 iugum
1367 1796 1548 1828 excutiunt.
1585 1796 1618 1828 V
1622 1796 1783 1840 aniloqms
1792 1795 2020 1842 appellat,non
2034 1795 2191 1834 falsorum

355 1855 553 1901 dogmatum
565 1863 708 1886 autores,
719 1847 770 1883 sed
779 1849 838 1894 qui
848 1841 1030 1880 ambitiosae
1040 1843 1256 1877 ostentationi
1267 1842 1367 1877 dediti
1378 1868 1389 1882 ‚
1416 1845 1530 1876 inanes
1543 1841 1672 1877 tantum
1687 1846 1829 1890 argutias
1842 1842 2016 1880 sectantur.
2034 1860 2191 1887 ματαιολο-

353 1901 407 1942 γία.
417 1905 506 1936 enim
519 1899 593 1935 vtili
604 1911 640 1933 ac
653 1897 763 1933 solidae
774 1897 934 1930 doetrinae
945 1893 1140 1940 opponitur.
1149 1894 1262 1938 Itaque
1272 1890 1406 1938 frigidas
1418 1903 1534 1924 omnes
1546 1890 1786 1938 speculationes
1802 1897 2039 1939 &nugatorias
2050 1907 2190 1944 compre
2238 1890 2239 1899 ¹

355 1952 482 1987 heudst,
497 1963 568 1996 quae
580 1949 678 1982 meris
688 1945 817 1979 tantum
832 1940 992 1989 ampullis
1003 1951 1147 1986 turgent,
1157 1952 1263 1986 quum
1273 1940 1312 1973 ad
1323 1941 1477 1987 pietatem
1489 1938 1715 1985 timoremque
1734 1941 1797 1973 Dei
1808 1939 1892 1974 nihil
1906 1943 2192 1990 conducant.qua—

356 2000 395 2033 με
408 2001 448 2032 cst
463 1999 562 2032 hodie
575 2000 608 2031 in
618 1997 741 2042 papatu
754 2004 825 2027 tota
837 1989 1038 2025 Scholastica
1047 1988 1230 2035 theologia.
1240 1987 1380 2021 Eosdem
1393 1998 1505 2021 tamen
1516 1985 1613 2021 simul
1624 1999 1720 2021 vocat
1742 1989 2099 2031 Mentinmsbduffores:
2128 1993 2190 2028 nisi

356 2048 450 2081 malis
464 2048 500 2086 de
510 2043 641 2080 diuersis
655 2044 814 2090 accipere:
828 2038 879 2073 sed
890 2051 951 2085 ego
965 2035 1094 2071 eosdem
1108 2048 1191 2084 puto
1203 2034 1362 2083 designari
1378 2059 1387 2073 ,
1400 2037 1478 2082 quia
1489 2035 1651 2070 eiusmodi
1663 2048 1827 2083 nugarum
1839 2038 1981 2084 magistri
1996 2037 2058 2073 suis
2076 2039 2188 2076 illece-

356 2097 422 2132 bris
441 2107 566 2128 mentes
582 2094 763 2127 hominum
775 2087 1009 2123 demulcent&
1024 2084 1112 2130 quasi
1124 2095 1307 2121 incantant,
1319 2097 1360 2118 ne
1372 2083 1513 2131 amplius
1525 2084 1702 2117 admittant
1713 2083 1873 2119 salubrem
1888 2088 2086 2122 doitriuam.
2096 2090 2190 2125 Dicit

358 2159 414 2179 eos
428 2142 571 2178 maxime
583 2140 642 2175 else
655 2153 691 2174 cx
703 2139 828 2174 ludaeis:
844 2138 922 2183 quia
934 2136 1047 2182 magni
1058 2134 1202 2173 interest,
1219 2132 1259 2166 ab
1269 2132 1429 2167 omnibus
1442 2131 1519 2166 tales
1531 2133 1632 2179 pestes
1644 2129 1813 2179 cognosci.
1825 2133 1944 2180 Neque
1956 2137 2046 2170 enim
2059 2139 2192 2173 audjgdi

357 2192 430 2227 sunt
443 2195 500 2239 qui
512 2191 712 2240 parcendum
727 2197 908 2236 paucorum
920 2183 1012 2217 famae
1022 2180 1262 2220 causantur‚vbi
1272 2183 1380 2228 agitur
1391 2192 1549 2229 magnum
1560 2182 1663 2214 totius
1674 2179 1812 2223 Ecclesie
1822 2183 2018 2230 periculum.
2029 2188 2063 2220 ὅ(
2076 2198 2115 2219 eo
2125 2199 2191 2220 no-

360 2255 489 2276 centior
499 2252 563 2274 erat
575 2252 654 2287 gens
666 2237 722 2271 illa
734 2249 806 2282 quae
818 2234 845 2268 se
857 2233 930 2267 aliis
942 2242 1077 2281 propter
1087 2232 1215 2278 generis
1225 2231 1431 2265 sanctitatem
1442 2228 1641 2278 praeferebat.
1662 2230 1734 2272 Hec
1746 2231 1846 2277 igitur
1857 2235 1941 2266 ratio
1953 2233 1997 2267 est
2015 2244 2072 2266 cur
2083 2235 2190 2271 acrius

359 2294 480 2333 Iud-eos
493 2287 612 2322 Paulus
625 2296 728 2323 vexet,
739 2296 774 2318 vt
784 2282 849 2318 illis
859 2282 981 2316 adimat
992 2280 1136 2314 nocendi
1145 2278 1346 2313 facultatem.
1636 2297 1640 2300 -

416 2352 441 2374 11
493 2335 618 2386 Qbus
628 2344 740 2384 oportet
751 2330 912 2366 obthurare
923 2329 989 2369 os.)
1040 2329 1127 2375 Ergo
1138 2329 1172 2362 in
1185 2326 1330 2361 excubiis
1342 2324 1402 2361 esse
1411 2327 1502 2361 decet
1511 2324 1641 2360 bonurn
1652 2325 1816 2360 Pastorem
1827 2353 1837 2367 ‚
1848 2340 1889 2360 ne
1900 2339 2015 2374 prauas
2025 2342 2062 2364 ac
2072 2334 2193 2368 noxiae

363 2390 530 2422 dosstsinas
544 2385 666 2432 serpere
677 2384 794 2417 tacitus
808 2379 899 2414 sinat:
909 2376 993 2412 ne‘ue
1005 2376 1168 2424 improbis
1181 2388 1309 2410 moram
1320 2375 1479 2410 concedat
1490 2388 1541 2408 eas
1552 2373 1795 2422 spargendi.Sed
1807 2378 1956 2423 queritur
1965 2377 2024 2423 qui
2035 2377 2103 2413 fieri
2115 2381 2192 2428 pos-—

365 2437 401 2471 sit
415 2449 447 2470 vt
460 2435 644 2470 obstinatos
656 2436 687 2466 ot
699 2428 886 2479 praefraCtos
896 2438 1001 2461 tacere
1010 2436 1107 2472 cogat
1116 2423 1310 2472 Episcopus.
1321 2423 1430 2471 neque
1439 2425 1529 2458 enim
1540 2422 1630 2460 tales,
1641 2432 1811 2469 vtcunque
1823 2425 1951 2458 ratione
1962 2428 2039 2460 vieti
2057 2426 2129 2465 sint,
2141 2440 2193 2464 ta-

365 2498 442 2519 men
454 2480 692 2518 conticescunt:
704 2479 775 2513 imo
788 2475 861 2525 sepe
871 2486 940 2522 quo
951 2475 1092 2522 apertius
1115 2475 1266 2507 conuicti
1279 2472 1352 2507 sunt
1362 2484 1398 2506 ac
1409 2470 1514 2509 fraCti,
1530 2471 1967 2552 reddunturspetulantiores.
1978 2475 2192 2523 Preterquarn

365 2535 456 2568 enim
469 2532 561 2578 quod
573 2528 686 2565 crescit
699 2532 732 2562 δι
744 2526 933 2561 accenditur
946 2522 1082 2559 malitia,
1091 2523 1129 2555 ad
1141 2521 1381 2569 impudentiam
1394 2519 1424 2554 se
1434 2521 1648 2567 prostituunt.
1657 2521 1707 2554 Re
1724 2519 1929 2567 pondeo,vbi
1940 2522 2029 2557 verbi
2042 2527 2105 2559 Dei
2119 2526 2193 2573 gla-

365 2582 422 2615 dio
436 2581 597 2628 prostrati,
614 2580 650 2611 :ic
661 2579 693 2611 vi
704 2576 846 2609 veritatis
858 2571 986 2607 confusi
997 2570 1131 2607 fuerint,
1143 2568 1230 2617 posse
1243 2568 1307 2603 illis
1318 2569 1358 2603 ab
1368 2568 1511 2603 Ecclesia
1521 2567 1674 2616 imperari
1685 2566 1869 2602 silentium:
1896 2570 1987 2614 quod
2006 2569 2026 2604 si
2037 2585 2189 2620 pergant,

366 2629 478 2665 saltem
491 2630 508 2662 a
520 2626 667 2662 fidelium
681 2622 1030 2659 consuetudinearceti
1042 2617 1141 2668 poffe,
1153 2631 1194 2652 ne
1205 2620 1279 2664 quis
1291 2616 1356 2652 illis
1368 2617 1408 2651 ad
1440 2618 1630 2652 nocendum
1641 2617 1747 2650 aditus
1759 2627 1876 2663 pateat.
1911 2619 2116 2666 Qanquam
2128 2622 2194 2657 ob-

368 2679 486 2713 struere
500 2690 548 2713 os,
564 2674 754 2722 simpliciter
766 2672 887 2718 accipit
898 2669 1017 2703 Paulus
1029 2679 1088 2715 pro
1098 2666 1243 2700 refellere
1253 2665 1399 2715 ipsorum
1412 2665 1716 2712 vaniloquentiam:
1743 2675 1912 2711 vtcunquc
1923 2666 2055 2701 nullum
2068 2668 2194 2705 obstre-

368 2726 468 2776 pendi
482 2723 582 2759 finem
594 2723 726 2757 faciant.
752 2720 842 2755 Nam
856 2720 914 2765 qui
925 2715 1028 2751 verbo
1038 2717 1102 2750 Dei
1113 2716 1292 2749 conuictus
1302 2715 1364 2751 est,
1387 2715 1548 2762 quicquid
1558 2712 1760 2759 obloquatur
1775 2737 1784 2749 ,
1794 2726 1863 2747 non
1876 2713 1974 2748 habet
1985 2717 2075 2762 quod
2092 2719 2194 2754 dicat,

365 2776 471 2810 ‘T'otas
481 2763 772 2815 domosfitbitertnnt.
822 2769 855 2802 Si
865 2768 962 2801 vnius
972 2765 1123 2799 hominis
1141 2762 1219 2797 fides
1229 2761 1481 2800 subuerteretur‚
1490 2762 1568 2808 quia
1577 2763 1684 2808 agitur
1695 2762 1733 2795 de
1745 2763 1845 2795 exitio
1855 2764 1966 2806 anime
1979 2766 2075 2799 vnius
2091 2767 2194 2802 Chri—

369 2824 413 2860 ste
424 2817 581 2869 sanguine
594 2820 773 2865 redempte,
784 2828 861 2850 mox
872 2814 902 2848 se
914 2817 1085 2860 accingere
1094 2811 1225 2846 deberet
1234 2811 1344 2844 Pastor
1354 2811 1392 2844 ad
1404 2809 1611 2845 resistendum
1624 2823 1631 2843 :
1641 2810 1768 2856 quanto
1777 2813 1889 2857 itaque
1901 2812 2010 2846 minus
2020 2812 2193 2851 tolerabile

369 2873 426 2909 est,
436 2872 545 2905 videre
557 2880 640 2903 totas
651 2868 770 2901 domos
781 2864 924 2898 subuerti
939 2871 946 2896 Ξ
959 2862 1102 2896 Modum
1114 2858 1331 2894 subuerlionis
1342 2857 1496 2907 designat,
1514 2861 1592 2905 quia
1601 2857 1733 2892 doceant
1741 2871 1801 2902 quie
1810 2870 1869 2890 non
1879 2869 1998 2906 opor-tet.
2025 2862 2110 2896 vnde
2118 2864 2192 2898 col—

369 2920 472 2956 liaete
482 2918 558 2952 licet
569 2915 669 2963 quam
683 2912 865 2962 periculosa
875 2924 922 2945 res
934 2909 969 2944 fit
986 2934 995 2948 ,
1005 2908 1056 2944 vel
1070 2911 1248 2944 minimum
1261 2908 1278 2941 a
1289 2905 1361 2941 sana
1370 2907 1522 2941 dodrrina
1531 2905 1711 2940 deflectere.
1730 2907 1850 2952 Neque
1860 2909 1949 2940 enim
1960 2906 2068 2955 palam
2088 2913 2193 2959 impia

369 2949 462 3005 futill'e
489 2968 644 3013 dogmata
659 2963 872 3011 pronuntiat,
891 2959 1013 3005 quibus
1022 2957 1208 2992 multotum
1230 2954 1326 2990 fidem
1339 2953 1637 2990 subuerterintzscd
1648 2954 1777 3000 quasuis
1788 2955 1988 3001 corruptelas
2007 2957 2195 3005 intelligere*

369 3014 554 3068 possumus,
567 3025 671 3060 quum
685 3012 702 3045 a
714 3011 820 3044 studio
831 3007 1058 3043 :edificationis
1071 3006 1240 3040 receditur.
1264 3006 1310 3037 Ita
1321 3004 1364 3038 est
1374 3003 1446 3039 {ane
1459 3005 1510 3036 :in
1523 3003 1583 3036 hac
1593 3013 1682 3036 tanta
1693 3004 1798 3036 carnis
1808 3000 1999 3039 infirmitate
2017 3005 2194 3053 plusquam

366 3064 520 3112 procliue
531 3064 573 3096 est
584 3061 648 3096 labi
661 3076 671 3094 .·
687 3059 772 3093 vnde
783 3056 817 3090 fit
828 3067 862 3089 vt
873 3056 940 3089 cito
950 3067 986 3089 ac
997 3054 1090 3088 facile
1101 3052 1241 3087 destruat
1251 3053 1348 3086 Satan
1359 3064 1415 3098 per
1428 3050 1501 3086 suos
1514 3052 1680 3085 ministros
1691 3052 1782 3097 quod
1793 3063 1917 3097 magno
1928 3056 1961 3086 &
1973 3053 2133 3089 diuturno
2143 3055 2191 3091 la,

366 3113 449 3150 bore
460 3116 506 3160 pii
519 3114 683 3146 Doctores
692 3116 865 3142 erexerant.
877 3105 1017 3138 Fontem
1030 3105 1127 3136 etiam
1140 3101 1219 3137 mali
1230 3101 1353 3135 indicat
1369 3099 1487 3147 ‘Turpis
1497 3101 1572 3132 lucri
1583 3099 1796 3146 cupiditatem
1806 3124 1813 3132 .
1834 3111 1903 3145 quo
1914 3101 2071 3136 admo'iiet
2087 3105 2190 3149 quain

369 3160 504 3196 exitiosa
515 3159 550 3194 sit
562 3160 657 3207 pestis
668 3160 703 3191 in
716 3152 921 3189 dodroribus.
939 3150 1047 3185 Simul
1058 3153 1148 3185 enim
1160 3161 1258 3196 atque
1271 3147 1299 3183 se
1310 3149 1348 3182 ad
1360 3149 1510 3194 questum
1524 3145 1728 3194 prostituunt
1746 3169 1754 3183 ‚
1769 3146 1892 3181 necess'e
1909 3149 1951 3181 cst
1962 3161 1996 3183 vr
2007 3149 2035 3183 se
2052 3162 2195 3199 compo-

370 3220 452 3246 nant
462 3210 500 3243 ad
510 3208 692 3242 hominum
711 3205 848 3251 gratiam
859 3205 892 3235 Se
904 3198 1114 3244 obsequium.
1126 3199 1204 3232 hinc
1216 3199 1368 3244 protinus
1378 3194 1522 3242 sequitur
1533 3207 1613 3243 pure
1623 3196 1774 3237 doctrine
1784 3195 1989 3230 adulteratio
2157 3196 2159 3198 ’

419 3269 450 3290 12
491 3260 632 3304 Proprius
642 3266 746 3288 eornm
756 3249 930 3298 Propheta.)
980 3247 1063 3281 Non
1075 3245 1194 3281 dubito
1205 3248 1288 3292 quin
1297 3246 1354 3279 'hic
1368 3243 1403 3278 sit
1412 3245 1635 3291 Epimenides,
1646 3247 1703 3288 qui
1716 3243 1879 3277 Cretensis
1892 3257 1967 3280 erat.
1980 3246 2069 3280 Nam
2082 3261 2191 3294 quum

369 3318 407 3339 ex
423 3303 496 3352 ipsis
508 3303 598 3338 fuisle
608 3305 698 3341 dicit,
712 3306 746 3335 <Sc
759 3300 931 3346 proprium
942 3308 1059 3329 eorum
1069 3291 1444 3341 Prophetam,figiiificat
1455 3291 1676 3339 proculdubio
1693 3289 1784 3325 fuisse
1795 3291 1954 3339 gentilem
1971 3295 2191 3333 Cretenfium.

371 3355 443 3389 Cur
451 3354 650 3398 Prophetam
663 3348 804 3397 appellet
816 3345 1007 3392 ambigitur.
1022 3343 1172 3389 Qidam
1184 3343 1348 3376 rationem
1360 3339 1521 3374 afferunt:
1540 3341 1618 3385 quia
1627 3338 1709 3373 liber
1718 3341 1803 3374 vnde
1813 3340 1947 3388 sumpsit
1956 3341 2022 3376 hoc
2039 3341 2193 3378 testimo-

369 3407 468 3440 nium
479 3400 609 3438 Paulus,
620 3398 795 3445 inscriptus
806 3394 843 3433 sit
852 3395 903 3429 rufe)
912 3392 1046 3439 χρησμῶν.
1078 3389 1149 3426 Alii
1160 3388 1287 3427 ironice
1297 3388 1439 3426 Paulum
1449 3388 1545 3438 loqui
1565 3398 1683 3437 putant
1692 3410 1703 3430 ,
1721 3390 1781 3438 qui
1791 3388 1888 3425 talem
1901 3389 1975 3439 ipfis
1992 3390 2192 3438 prophetam

2010 3495 2014 3498 ἡ
2042 3436 2191 3491 affigriet,

1856 3473 1873 3488 4.
