2268 3705
331 119 374 155 54
755 86 760 88 ’
903 93 995 143 IN
1045 80 1635 141 EpisT-pAth

350 170 555 210 vocabulum
563 163 708 209 ἐσθενάαὲ,
719 179 790 203 non
797 165 928 202 tantum
940 178 1002 214 pro
1012 166 1144 200 modica
1153 162 1392 202 imbecillitate,
1402 160 1516 197 verum
1528 173 1589 210 pto
1599 159 1817 208 impotentiae
1826 169 1862 194 νε
1871 153 2031 207 fignificet
2049 160 2173 207 Legem

349 220 435 258 nihil
446 216 575 268 prorsus
597 217 715 253 habere
725 218 890 251 momenti
898 216 937 248 ad
946 213 1182 260 conserendam
1191 215 1361 248 iustitiam.
1370 212 1469 245 Vides
1479 223 1557 258 ergo
1568 222 1630 244 nos
1640 210 1772 256 penitus
1783 205 1910 242 excludi
1919 207 1959 242 ab
1971 220 2111 256 operum
2122 212 2173 244 iu-

348 267 588 316 stitia,ide6que
597 267 637 302 ad
645 266 769 301 Christi
780 264 935 298 iustitiam
946 275 1009 297 nos
1019 260 1200 309 confugere
1209 283 1220 298 ,
1230 262 1309 306 quia
1330 262 1365 294 in
1378 258 1476 294 nobis
1486 258 1578 293 nulla
1588 255 1648 292 effe
1657 255 1772 304 potest.
1798 256 1901 302 Qd
1911 255 1991 290 scitu
2003 258 2038 290 in
2056 253 2174 305 primis

348 314 561 357 necell'arium
576 316 630 350 est:
646 316 724 362 quia
732 312 857 347 Christi
866 312 988 346 iustitia
997 322 1173 356 nunquam
1182 309 1357 343 vestiemur
1368 331 1378 346 ‚
1388 306 1449 342 nisi
1461 308 1553 355 ptius
1563 305 1652 340 certo
1670 306 1864 339 nouerimus
1874 328 1885 344 ,
1895 306 2035 352 propria:
2043 304 2175 341 iustitiae

348 366 437 401 nihil
445 378 507 401 nos
518 363 646 399 habere.
671 362 776 398 Carnis
785 372 913 395 nomen
922 361 957 393 in
967 358 1085 392 eodem
1096 355 1221 405 semper
1228 354 1411 404 significatu
1418 358 1691 404 ponitur‚nempe
1700 363 1761 401 pro
1771 351 1868 386 nobis
1881 350 1966 400 ipsis.
1976 353 2101 401 Legem
2109 355 2176 391 Dei

350 427 429 463 ergo
439 412 595 449 inutilem
613 410 711 446 nobis
721 409 798 444 facit
805 419 928 442 naturae
938 404 1055 441 nostrat
1064 407 1247 453 corruptio:
1258 407 1337 451 quia
1348 416 1454 451 quum
1464 405 1537 437 vitae
1545 402 1692 436 ostendat
1700 403 1801 437 viam,
1814 403 1850 434 in
1862 411 2004 436 mortem
2015 413 2147 437 ruentes
2155 404 2176 438 a

347 464 535 511 vpraecipitio
545 473 608 495 nos
620 473 689 494 non
701 458 839 492 reducit.
874 456 922 489 M
924 454 972 500 ‘ffl’
981 457 1067 488 Deus
1078 455 1225 497 Fulmfiuo.
1242 454 1346 487 Nunc
1361 453 1500 486 modum
1509 450 1653 485 ostendit
1662 461 1730 496 quo
1742 447 1864 482 iustitia
1872 447 2003 483 caelestis
2011 446 2103 484 Pater
2110 464 2176 486 no·

349 512 401 546 bis
411 512 550 545 restituit
560 521 615 557 per
625 504 880 552 Filiumtnempe
890 504 969 550 quia
977 507 1149 550 peccatum
1159 502 1331 535 damnauit
1344 502 1379 534 in
1389 497 1456 548 ipsa
1465 511 1561 534 carne
1571 498 1704 534 Christi:
1713 497 1780 531 hoc
1789 496 1936 544 est‚quasi
1945 495 2056 533 deleto
2065 499 2176 535 chiro-

351 559 479 608 grapho
489 557 622 606 culpam
631 553 791 591 aboleuit,
800 564 872 599 quae
882 564 944 586 nos
953 562 1065 585 coram
1073 551 1149 584 Deo
1158 549 1289 584 tenebat
1299 548 1483 584 obstrictos.
1495 549 1681 582 Damnatio
1692 546 1782 580 enim
1801 546 1924 593 peccati
1935 557 1998 580 nos
2009 546 2045 580 in
2056 546 2176 583 iustitii

350 606 490 644 affer-uit,
503 609 581 653 quia
590 603 698 638 deleto
707 612 797 636 reatu
807 598 1023 640 absumimus,
1034 609 1069 632 νε
1081 611 1143 633 nos
1155 599 1247 632 Deus
1257 597 1356 631 iustos
1366 607 1503 645 reputet.
1512 596 1574 630 Sed
1584 597 1734 642 primum
1744 595 1898 642 exprimit
1915 592 2085 629 Christum
2094 593 2172 629 fuis·

351 655 382 691 se
392 654 572 694 milsumm
582 653 757 687 admoneat
768 649 926 684 iustitiam
936 650 972 682 in
985 646 1083 682 nobis
1093 645 1234 681 minime
1246 643 1392 686 residere,
1405 657 1510 692 quum
1521 643 1561 678 ab
1572 643 1631 677 illo
1642 643 1782 691 petenda
1792 640 1838 676 sit:
1854 653 1890 676 ac
1900 640 2013 676 frustra
2020 642 2176 679 homines

323 715 329 721 ’
351 703 416 740 suis
431 705 555 738 meritis
567 699 744 737 confidere,
755 700 813 745 qui
822 695 958 732 nonnisi
967 699 1114 744 precario
1124 695 1200 729 iusti
1209 692 1292 727 sunt:
1305 693 1356 727 vel
1368 694 1525 728 iustitiam
1536 691 1576 726 ab
1585 704 1623 725 ex
1629 693 1777 739 piatione
1786 702 1993 727 mutuantur,
2001 702 2102 737 quam
2111 694 2176 726 im—

348 752 453 801 pleuit
460 750 609 787 Christus
620 752 656 783 in
666 751 762 782 carne
771 745 835 781 sua.
847 747 932 780 Eum
943 744 1020 778 verb
1028 747 1067 778 In
1077 742 1290 778 similitudine
1300 754 1374 776 carn
1380 744 1406 776 is
1415 743 1541 789 peccati
1549 739 1668 774 venilse
1677 740 1848 785 dicitzquia
1859 737 1985 773 tametsi
1992 738 2095 774 nullis
2105 753 2177 774 ma?

346 800 429 835 culis
439 800 613 846 inquinata
622 796 685 832 fuit
694 795 818 830 Christi
827 795 1080 841 caro,peccatrix
1089 802 1202 825 tamen
1213 793 1248 824 in
1258 789 1397 838 speciem
1406 788 1472 824 visa
1482 790 1526 824 est
1534 815 1544 829 ,
1553 798 1716 835 quatenus
1723 787 1867 822 debitam
1877 785 2050 822 sceleribus
2058 789 2179 825 nostris

346 862 485 897 poenam
495 846 656 882 sustinuit.
680 847 720 880 Et
729 846 815 879 certe
825 845 864 876 in>
872 852 944 875 eam
955 840 1047 875 velut
1055 839 1115 875 fibi
1128 838 1323 879 obnoxiam,
1335 851 1424 873 mors
1435 839 1558 872 exeruit
1575 849 1694 871 omnes
1709 837 1840 870 virtutis
1851 833 1912 870 sua:
1922 846 2038 883 partes.
2047 838 2088 871 Et
2099 838 2179 886 quia

346 896 545 932 Pontificem
556 893 706 930 nostrum
717 890 771 926 sua
782 892 981 941 experientia
989 888 1111 923 discere
1118 890 1269 936 oportuit
1279 888 1361 934 quid
1371 886 1408 920 sit
1418 883 1558 920 infirmis
1568 883 1768 919 succurrere:
1784 881 1889 918 subire
1906 883 2016 919 voluit
2025 884 2178 922 Christus

346 944 558 980 infirmitates
569 943 704 979 nostras,
715 951 750 975 vt
761 940 837 975 effer
844 939 883 973 ad
893 937 1111 985 sympathiam
1120 934 1323 984 propensior:
1331 948 1396 983 qua
1404 937 1503 969 etiam
1514 936 1549 968 in
1561 944 1650 981 parte
1660 933 1811 980 apparuit
1821 932 1970 978 quaedam
1979 936 2174 981 peccatricis

345 1006 470 1030 naturae
480 996 604 1040 imago.
645 992 749 1024 Etiam
759 988 796 1022 de
801 997 937 1037 peccato.
956 988 1035 1020 Dixi
1046 986 1181 1033 nuperv‘a
1188 982 1382 1031 quibusdam
1394 984 1458 1018 hoc
1468 993 1588 1030 exponi
1600 981 1640 1015 de
1649 978 1743 1016 causa
1752 979 1807 1016 vel
1815 979 1880 1014 fine
1887 992 1946 1015 cur
1955 982 2047 1015 Deus
2057 981 2178 1017 Filium

345 1040 442 1078 suum
455 1041 590 1081 miserit,
606 1051 727 1086 nempe
735 1048 771 1072 νε
781 1048 842 1085 pro
852 1045 989 1084 peccato
1009 1033 1212 1069 satisfaceret.
1246 1030 1500 1078 Chrysostomus
1511 1034 1545 1066 &
1556 1029 1704 1078 plerique
1721 1029 1794 1077 post
1803 1042 1880 1063 eum
1888 1028 1990 1077 paulo
1998 1030 2112 1071 durius
2121 1033 2178 1066 in-

343 1090 712 1139 telligunr‚damnatum
721 1082 813 1121 fuiss'e
822 1094 995 1132 peccatum
1004 1083 1044 1116 de
1051 1083 1200 1131 peccato,
1209 1082 1287 1127 quia
1299 1080 1414 1127 inique
1436 1083 1469 1114 &
1480 1089 1592 1127 praeter
1602 1079 1759 1112 meritum
1776 1079 1846 1111 vim
1863 1076 2000 1113 Christo
2018 1077 2178 1114 attulerit.

346 1141 460 1174 Fateor
469 1139 606 1186 quidem
615 1138 693 1183 quia
703 1135 803 1169 iustus
814 1136 850 1167 &
861 1129 974 1167 insons
984 1143 1044 1178 pro
1054 1130 1282 1178 peccatoribus
1300 1140 1436 1176 poenam
1445 1126 1543 1162 subiit
1554 1151 1563 1164 ,
1573 1127 1637 1161 hoc
1661 1125 1764 1160 modo
1782 1123 1927 1160 solutum
1946 1124 2038 1161 fuilse
2047 1127 2178 1163 redem-

346 1190 474 1236 ptionis
482 1189 638 1235 pretium:
647 1182 698 1218 sed
710 1195 772 1230 ego
781 1181 900 1215 adduci
910 1191 1041 1225 nequeo
1050 1188 1088 1212 vt
1094 1189 1222 1213 nomen
1231 1178 1360 1211 Peccati
1374 1175 1441 1210 alio
1461 1173 1553 1209 sensu
1571 1174 1626 1209 hic
1637 1172 1782 1221 positum
1793 1171 1851 1208 effe
1861 1174 2043 1209 existimem
2053 1201 2064 1216 ,
2074 1167 2178 1224 quam

341 1249 409 1286 vpro
420 1237 594 1284 expiatrice
602 1233 752 1268 victima,
763 1242 835 1276 quae
842 1238 917 1264 mou
926 1228 1046 1261 dicitur
1055 1224 1311 1266 Hebraeis‚{icuti
1322 1226 1427 1258 Graeci
1436 1226 1567 1266 κώοίρμοι
1584 1234 1707 1257 vocant
1716 1220 1910 1257 sacrificium
1917 1225 1973 1258 cui
1985 1222 2179 1260 maledictio

347 1287 544 1332 iniungitur.
557 1284 609 1316 Sic
619 1281 706 1315 idem
715 1277 877 1318 Paulum..
883 1277 922 1310 ad
930 1273 1151 1319 Corinth-5.d.
1160 1270 1206 1314 ¹21,
1216 1274 1297 1317 dicit
1314 1272 1486 1308 Christum
1497 1275 1556 1319 qui
1565 1281 1739 1320 peccatum
1758 1283 1829 1305 non
1837 1282 1988 1313 nouerat,
2001 1283 2180 1320 peccatum

344 1345 407 1382 pro
417 1332 514 1366 nobis
525 1327 583 1365 ess'e
591 1328 729 1368 fastum,
739 1337 775 1360 νε
784 1323 989 1361 efficeremur
997 1323 1119 1357 iustitia
1128 1321 1193 1356 Dei
1204 1323 1240 1356 in
1250 1319 1322 1356 illo.
1333 1319 1523 1369 Praepositio
1531 1332 1643 1355 autem
1652 1317 1878 1361 &causaliter
1886 1317 1942 1359 hic
1952 1317 2105 1363 sumitur,
2114 1321 2178 1357 acii

343 1378 585 1428 dixiss'et,Super
594 1377 655 1412 illo
667 1373 839 1413 sacrificio,
850 1371 902 1408 vel
912 1382 1047 1420 propter
1056 1378 1142 1405 onus
1153 1371 1280 1418 peccati
1292 1367 1426 1405 Christo
1436 1368 1632 1417 impositum
1640 1391 1652 1406 ‚
1672 1369 1743 1403 iure
1752 1365 1812 1402 suo
1820 1367 1986 1404 deiectum
1995 1367 2089 1405 fuiffe
2100 1382 2180 1420 pec-

344 1441 512 1466 catum‚ne
522 1431 587 1463 iarn
599 1438 662 1461 nos
671 1423 730 1460 sibi
740 1422 857 1458 habeat
866 1420 1043 1455 obnoxios.
1052 1421 1259 1454 Damnatum
1269 1420 1358 1452 enim
1370 1417 1595 1466 metaphorice
1605 1415 1697 1457 dicit,
1707 1427 1744 1451 vt
1752 1418 1810 1464 qui
1821 1416 1977 1453 excidunt
1985 1415 2089 1454 caula:
2100 1421 2181 1468 quia

344 1479 440 1513 Deus
450 1480 485 1512 in
496 1489 567 1510 reos
578 1471 722 1522 amplius
736 1484 807 1506 non
816 1470 973 1506 admittit,
984 1467 1106 1515 quibus
1115 1463 1279 1502 absolutio
1289 1472 1347 1515 pe'r
1358 1465 1480 1501 Christi
1492 1464 1688 1501 sacrificium
1694 1475 1790 1513 parta
1798 1464 1853 1498 est.
1871 1465 1906 1499 Si
1915 1465 2064 1502 dicamus
2072 1459 2180 1515 regnu

345 1528 555 1575 peccati,quo
567 1535 628 1557 nos
639 1515 914 1569 premebar‚fuiffe
923 1516 1223 1564 abrogatum‚idem
1233 1514 1356 1550 valebit
1363 1525 1433 1549 orat
1438 1517 1480 1549 io.
1490 1517 1605 1561 ltaque
1615 1513 1708 1560 quod
1715 1513 1869 1548 nostrum
1877 1524 1956 1552 erat,
1965 1514 2004 1548 ad
2015 1513 2046 1549 se
2055 1519 2179 1564 recepit

346 1575 498 1610 Christus
508 1587 516 1607 ε
527 1584 562 1607 νε
571 1571 662 1619 quod
671 1567 765 1608 suum
776 1578 844 1602 erat
852 1591 861 1606 ‚
878 1568 914 1600 in
925 1577 986 1600 nos
997 1562 1249 1600 transfunderet.
1261 1560 1404 1611 suscepta
1413 1564 1505 1599 enim·
1513 1563 1622 1598 nostra
1631 1560 1870 1607 maledictione
1879 1586 1891 1601 ,
1899 1557 1954 1596 sua
1963 1575 2028 1597 nos
2037 1561 2181 1605 benedi—

346 1625 460 1659 aione
474 1622 624 1656 donauit.
635 1618 738 1653 Addit
746 1616 802 1652 hic
810 1614 930 1650 Paulus
940 1616 977 1648 In
989 1624 1090 1651 carne,
1100 1624 1171 1659 quo
1180 1614 1302 1647 certior
1311 1611 1349 1647 fit
1359 1611 1468 1646 nostra
1479 1608 1598 1647 fiducia
1605 1633 1616 1648 ,
1627 1607 1709 1644 dum
1718 1609 1871 1644 videmus
1880 1621 2054 1657 peccatum
2063 1613 2100 1647 in
2111 1611 2179 1662 ipsit

346 1682 463 1708 natura
473 1669 582 1705 nostra
591 1664 681 1702 fuiffc
690 1667 862 1701 deuie‘tum
873 1667 907 1699 δε
917 1661 1093 1704 abolitum.
1101 1661 1145 1697 sic
1153 1662 1245 1696 enim
1253 1659 1410 1709 sequitur>
1419 1658 1571 1695 naturam
1583 1655 1730 1698 nostram
1739 1656 1813 1692 vere
1824 1655 1894 1692 fieri
1904 1661 2100 1709 participem
2109 1664 2180 1697 eius

345 1722 505 1756 victoriae:
515 1717 608 1765 quod
619 1717 719 1750 etiarn
729 1726 809 1749 mox
819 1710 968 1748 declarat.
1516 1723 1518 1727 >
1556 1720 1559 1732 1
1576 1720 1579 1727 Δ
1763 1718 1766 1722 >
2165 1735 2170 1739 ,

395 1780 421 1814 4
468 1768 503 1802 V
505 1778 517 1801 t
525 1763 689 1812 iustificam
701 1765 791 1811 Legis
799 1762 1005 1811 impleretur.)
1044 1759 1120 1811 Qi
1126 1757 1322 1807 intelligunt
1331 1759 1454 1808 Spiritu
1466 1757 1591 1793 Christi
1600 1763 1780 1792 renouatos
1789 1755 1915 1802 Legem
1925 1754 2179 1805 implerebcom·

347 1827 501 1855 mentum
515 1816 533 1849 a
543 1810 634 1848 sensu
645 1811 737 1847 Pauli
747 1812 880 1860 penitus
888 1807 1036 1844 alienum
1046 1808 1197 1843 afferunt:
1205 1819 1314 1855 neque
1323 1809 1415 1842 enim
1423 1804 1568 1853 eousque
1587 1802 1770 1853 proficiunt
1778 1801 1888 1838 fideles
1897 1805 2022 1850 quadiu
2030 1810 2179 1856 peregri-

347 1876 471 1903 nantur
484 1865 519 1899 in
530 1861 643 1902 mfido,
653 1871 690 1895 vt
701 1857 889 1896 iustificatio
900 1858 997 1905 Legis
1007 1858 1043 1891 in
1053 1855 1119 1891 illis
1129 1854 1229 1904 plena
1237 1854 1276 1890 sit
1283 1854 1336 1890 vel
1345 1857 1483 1903 integra.
1501 1856 1589 1901 Ergo
1598 1852 1664 1888 hoc
1673 1853 1712 1886 ad
1722 1853 1854 1887 veniam
1863 1851 1980 1888 referre
1989 1851 2114 1890 necesse
2124 1857 2179 1892 esti

349 1917 428 1963 quia
439 1914 518 1947 dum
533 1926 552 1946 n
558 1909 631 1945 obis
643 1920 773 1957 accepta
784 1907 883 1942 fertur
893 1905 1016 1942 Christi
1026 1902 1519 1953 obedientia,Legisatisfactum
1529 1902 1620 1940 est,vt
1631 1913 1692 1950 pro
1702 1900 1791 1935 iustis
1803 1898 2000 1936 censeamur.
2015 1901 2179 1940 perfectio

351 1965 442 1998 enim
454 1973 555 2008 quam
573 1961 639 1993 Lex
649 1957 843 2004 exigit,ideo
853 1957 888 1990 in
899 1958 995 1989 carne
1005 1952 1069 1988 fuit
1077 1952 1279 1990 exhibitam
1288 1952 1431 2002 amplius
1439 1953 1479 1986 ad
1488 1963 1550 1987 nos
1559 1949 1769 1988 damnandos
1778 1950 1885 1996 vigeat
1896 1951 1966 1985 eius
1976 1952 2077 1999 rigor.
2116 1954 2180 1990 Sed

351 2014 430 2060 quia
441 2010 530 2044 suam
541 2008 699 2041 iustitiam
709 2004 811 2040 nullis
819 2003 1050 2039 communicat
1061 2001 1212 2037 Christus
1222 2024 1232 2038 ,
1244 2000 1305 2036 nisi
1314 2014 1399 2048 quos
1415 2002 1557 2049 Spiritus
1565 1997 1614 2033 sui
1623 1997 1763 2033 vinculo
1775 1996 1832 2032 fibi
1845 2000 2038 2047 coniungit,
2049 2000 2180 2038 additur

351 2064 472 2095 iterum
487 2057 749 2104 regeneratiome
760 2063 894 2102 putetur
903 2050 1052 2085 Christus
1062 2051 1188 2098 peccati
1199 2047 1259 2084 ess'e
1268 2050 1426 2084 minister.
1438 2048 1530 2084 ticuti
1543 2045 1692 2095 procliue
1702 2046 1746 2083 est
1757 2045 1871 2080 multis
1881 2046 1920 2080 ad
1931 2050 2038 2082 carnis
2047 2047 2179 2086 lasciuia

352 2118 462 2157 rapere
476 2104 637 2152 quicquid
646 2104 683 2136 de
694 2113 828 2151 paterna
835 2102 900 2135 Dei
910 2097 1118 2146 indulgentia
1127 2097 1329 2145 traditumlij
1341 2109 1453 2132 autem
1465 2095 1612 2144 maligne
1623 2094 1869 2129 calumniantur
1877 2093 1963 2130 hauc
1973 2096 2177 2138 doctrinam

352 2155 413 2192 acfi
423 2157 509 2190 redte
522 2152 656 2187 viucndi
667 2150 809 2185 studium
821 2150 1034 2196 extingueret.
1509 2150 1512 2152 ·

406 2218 423 2256 5
485 2207 563 2257 oqui
573 2199 855 2254 enimftcundum
862 2193 1102 2251 carnemfimt,
1112 2209 1153 2236 ea
1161 2209 1233 2252 quae
1240 2193 1444 2249 carmi-fient
1449 2199 1601 2252 cogitant
1609 2208 1618 2231 z
1638 2196 1701 2249 qui
1709 2189 1992 2247 verbsbcundum
2000 2196 2176 2254 spiritum,

353 2278 392 2302 ea
407 2276 480 2316 quae
480 2258 513 2314 s
504 2270 568 2298 unt
577 2262 723 2312 spiritus.

411 2327 433 2358 ό
489 2318 657 2370 Cogitatio
663 2312 751 2353 cert}
757 2325 974 2358 carnffimors·
984 2309 1045 2363 cst:
1054 2312 1215 2365 cogitatio
1225 2319 1341 2349 autem
1352 2310 1587 2365 Spiritus,vita
1599 2309 1640 2353 ά·
1647 2318 1733 2363 pax.

410 2389 434 2426 7
492 2370 791 2427 ‘Quandoquidem
798 2372 960 2425 cogitatio
969 2381 1095 2413 carme,
1112 2370 1299 2412 inimicitia
1309 2363 1526 2420 tstaduegsus
1536 2372 1669 2405 Deum.
1687 2377 1772 2403 nam
1782 2366 1873 2419 Legi
1888 2365 1956 2405 Dei
1964 2361 2179 2417 nonfhbit’ci‘·

353 2441 425 2470 tur:
435 2445 496 2470 nec
505 2441 599 2468 emm
605 2427 720 2482 potest.
2173 2415 2177 2419 ’

417 2495 439 2526 8
494 2488 571 2539 Q
584 2497 664 2539 ergo
674 2487 714 2523 in
722 2477 1139 2536 sdrnCfilnssDCOplAC'ere
1148 2476 1373 2535 nonpoffilnt·

417 2551 432 2586 5
493 2542 558 2586 Qus
567 2534 810 2582 enimficundum
819 2539 971 2578 carnem.)
992 2535 1180 2571 Discrimen
1191 2535 1257 2571 hoc
1267 2537 1372 2570 carnis
1384 2537 1416 2568 &
1427 2534 1566 2580 Spiritus
1576 2529 1678 2569 affert,
1685 2545 1756 2566 non
1767 2529 1872 2566 solum
1882 2542 1918 2567 vt
1926 2535 2053 2568 tatione
2063 2532 2082 2568 a
2091 2545 2177 2569 con·

351 2592 454 2624 trario
466 2587 593 2636 sumpta
604 2584 779 2622 confirmet
788 2596 831 2631 qu
837 2585 879 2619 od
889 2587 978 2632 prius
989 2585 1155 2623 dixit,non
1166 2594 1354 2632 competere
1363 2581 1486 2617 Christi
1496 2583 1634 2629 gratiam
1645 2579 1705 2614 nisi
1715 2582 1750 2614 in
1759 2578 1834 2615 illos
1844 2582 1903 2626 qui
1912 2583 2036 2630 Spiritu
2045 2585 2176 2628 regeni-

351 2639 592 2676 ti‚innocentiae
605 2636 733 2669 student
743 2647 751 2667 ε
761 2631 813 2683 sed
823 2635 922 2667 etiam
933 2644 970 2667 vt
979 2631 1090 2667 fideles
1099 2631 1291 2681 opportuna
1298 2628 1526 2666 consolatione
1537 2627 1684 2664 subleuet
1693 2651 1704 2666 ‚
1721 2641 1762 2662 ne
1772 2627 1830 2663 fibi
1842 2627 2022 2664 multarum
2032 2629 2178 2665 infirmi-

350 2697 457 2721 tatum
475 2681 742 2730 conscij,auimos
751 2682 980 2729 delpondeant.
1000 2682 1092 2727 Qa
1100 2684 1190 2715 enim
1202 2693 1272 2715 non
1281 2678 1364 2714 alios
1373 2679 1391 2713 a
1403 2677 1636 2714 maledictione
1646 2687 1807 2711 exemerat
1814 2699 1826 2715 ‚
1836 2676 1897 2711 nifi
1906 2680 1965 2724 qui
1975 2673 2176 2726 spiritualem

347 2738 452 2776 vitam
461 2732 681 2781 agunt,videri
689 2740 817 2779 poterat
827 2731 956 2764 cunetis
967 2727 1162 2763 mortalibus
1177 2726 1267 2777 spem
1278 2726 1388 2762 salutis
1399 2726 1580 2774 praecidere.
1616 2726 1704 2772 Qis
1715 2727 1806 2760 enim
1815 2728 1992 2773 reperietur
2001 2728 2036 2761 in
2047 2726 2176 2762 mundo

350 2781 509 2830 Angelica
517 2782 656 2828 puritate
665 2790 811 2816 ornatus,
821 2789 856 2811 vt
867 2776 952 2811 nihil
964 2779 991 2811 ei
1001 2790 1078 2812 cum
1089 2789 1184 2812 carne
1196 2776 1234 2811 sit
1243 2777 1392 2824 negotij?
1413 2771 1599 2810 Necessario
1609 2775 1720 2820 itaque
1730 2773 1850 2818 addida
1860 2773 1922 2808 fuit
1933 2773 2177 2812 haeedefinitio,

348 2833 430 2879 quid
440 2828 476 2864 sit
485 2828 551 2863 Effe
562 2831 597 2862 in
607 2831 754 2865 πως-,ἒξ
767 2825 932 2860 ambulare
944 2823 1083 2860 secundi]
1092 2837 1236 2859 carnem.
1259 2827 1306 2858 Ac
1316 2825 1483 2872 principio
1493 2823 1715 2869 quidem,non
1729 2833 1795 2855 tam
1806 2822 1921 2869 argute
1930 2821 2049 2858 Paulus
2059 2823 2177 2858 distin-

349 2882 432 2927 guit:
442 2877 493 2912 sed
503 2888 613 2911 tamen
624 2877 670 2917 (vt
682 2876 716 2909 in
727 2872 892 2926 progressu
902 2873 1101 2918 videbimus)
1117 2871 1293 2907 consilium
1305 2875 1374 2906 eius
1384 2872 1426 2905 est
1435 2870 1525 2919 spem
1535 2869 1662 2905 bonam
1670 2868 1774 2904 facere
1784 2868 1934 2904 fidelibus
1943 2893 1953 2908 ,
1965 2873 2111 2918 quanuis
2121 2871 2179 2906 ad-

349 2928 416 2963 huc
428 2925 545 2973 illigati
557 2923 617 2958 sint
627 2925 717 2958 carni
728 2926 798 2957 luae:
810 2922 910 2956 modo
922 2934 963 2955 ne
973 2920 1111 2956 fraenum
1121 2920 1230 2956 laxent
1240 2923 1310 2955 eius
1320 2918 1556 2968 cupiditatibus
1565 2944 1576 2959 ,
1590 2916 1641 2952 sed
1649 2919 1786 2965 Spiritui
1795 2916 1908 2953 sancto
1919 2916 1947 2952 se
1957 2920 2091 2967 regidos
2101 2931 2177 2968 per-

351 2978 495 3011 mittant.
507 2975 624 3019 Qum
635 2972 714 3006 dicit
725 2971 871 3003 carnales
881 2969 1047 3007 curamve!
1061 2969 1210 3004 meditari
1222 2993 1232 3007 ‚
1244 2968 1395 3018 Qaefimt
1402 2968 1510 3005 carnis,
1523 2965 1552 3000 se
1562 2978 1623 3015 pro
1632 2964 1817 3000 carnalibus
1827 2979 1898 3000 non
1908 2966 2025 3001 habere
2043 2968 2175 3002 testatur

350 3026 409 3071 qui
419 3023 458 3058 ad
467 3021 623 3057 caelestem
635 3021 790 3054 iustitiam
802 3016 1005 3071 aspiranustd
1015 3020 1072 3064 qui
1083 3018 1209 3052 mundo
1219 3016 1348 3065 prorsus
1358 3014 1433 3050 sunt
1440 3016 1572 3050 addiffi.
1580 3057 1584 3061 ,
1593 3014 1670 3049 Ideo
1680 3014 1861 3061 cogitandi
1876 3014 2013 3049 verbum
2024 3015 2115 3062 quod
2129 3014 2176 3049 la-

350 3076 416 3107 tius
427 3070 556 3120 patebat
566 3093 575 3106 ‚
588 3068 709 3102 reddidi
719 3066 796 3101 loco
806 3079 838 3098 ‘ns
847 3066 1020 3112 apartibqub
1031 3065 1253 3113 intelligerent
1261 3064 1399 3100 lectores
1410 3090 1420 3105 ,
1444 3077 1499 3098 eos
1510 3064 1645 3098 demum
1655 3061 1782 3096 excludi
1793 3061 1809 3094 Ξ
1819 3061 1894 3096 tiliis
1904 3063 1986 3100 Dei,
1999 3065 2058 3109 qui
2076 3064 2177 3098 dediti

350 3123 456 3155 carnis
467 3116 640 3154 illecebris,
653 3126 778 3150 mentes
789 3113 855 3149 suas
869 3118 903 3150 δε
916 3114 1016 3148 studia
1025 3114 1063 3147 ad
1074 3126 1188 3161 prauas
1198 3114 1391 3162 cupiditates
1401 3112 1578 3160 applicant.
1620 3112 1689 3144 lam
1700 3107 1842 3144 secundo
1851 3110 2002 3145 membro
2013 3109 2122 3146 fideles
2132 3112 2176 3146 ad

350 3168 434 3202 bene
445 3166 637 3215 sperandum
650 3161 833 3200 hortatur‚fi
844 3161 965 3197 sursum
977 3162 1015 3195 ad
1026 3163 1275 3196 meditationem
1286 3161 1414 3196 iustitiae
1423 3163 1547 3208 Spiritu
1557 3156 1587 3194 se
1596 3156 1705 3193 attolli
1714 3157 1862 3192 sentiant.
1873 3158 2072 3206 Vbicunque
2083 3162 2176 3195 enim

351 3227 465 3262 regnat
475 3217 614 3262 Spiritus
625 3237 632 3250 ‚
644 3212 773 3260 signum
784 3212 828 3246 est
837 3209 986 3244 saluificae
998 3210 1063 3243 Dei
1074 3213 1193 3257 gratiae:
1205 3208 1295 3244 sicuti
1306 3208 1438 3244 nullum
1449 3207 1547 3244 habet
1559 3207 1672 3242 locum
1683 3207 1747 3240 Dei
1759 3205 1929 3252 gratia,vbi
1941 3209 2089 3242 extincto
2100 3209 2176 3256 Spi-

351 3267 415 3298 ritu
426 3265 514 3309 viget
526 3264 629 3297 carnis
640 3273 740 3308 regnu
747 3273 790 3294 m.
802 3256 966 3294 Caeterum
978 3258 1067 3304 quod
1079 3258 1153 3292 ante
1165 3258 1324 3292 admonui
1333 3257 1476 3292 breuiter
1486 3255 1541 3291 hic
1549 3267 1582 3289 re
1609 3267 1674 3293 cto,
1689 3256 1726 3288 In
1737 3265 1833 3288 carne
1843 3253 1894 3288 vel
1904 3256 2091 3290 Secundum
2102 3267 2175 3291 car-

352 3311 578 3358 ncm‚perinde
589 3309 671 3344 valet
681 3320 779 3354 atque
787 3305 858 3341 Ess'e
867 3307 958 3341 dono
969 3308 1225 3353 regenerationis
1235 3317 1366 3341 vacuos.
1386 3305 1482 3341 Tales
1490 3303 1577 3339 vero
1592 3313 1653 3339 unt
1663 3304 1855 3350 quicunque
1866 3305 1900 3337 in
1910 3306 2000 3353 puris
2011 3307 2058 3346 (vt
2069 3302 2172 3351 vulgo

357 3360 561 3406 loquuntur)
579 3356 781 3392 naturalibus
797 3366 943 3390 manent.
1817 3368 1819 3370 ·

1932 3423 1933 3427 =
1967 3403 1991 3434 6
2028 3401 2175 3448 Cogitatio
