2268 3705
130 3382 219 3411 [ἥκῃ.
228 3376 298 3412 day.

127 3422 277 3455 cle.48.r.15.

309 132 368 180 588
931 121 1027 168 IN
1074 117 1668 169 EPISTOLAM‘

335 201 449 240 Noah.
460 198 551 234 Nam
563 197 584 233 si
595 198 634 233 ad
646 197 824 233 hominem
834 202 962 229 certum
971 206 1008 228 ac
1018 205 1139 228 notum
1151 194 1252 227 ventri
1266 191 1376 232 fuerit,
1385 204 1455 225 non
1467 190 1560 225 stabit
1571 190 1640 228 haec
1652 190 1747 224 tertia
1757 187 1942 224 similitudo
1955 188 2174 226 Melchisedec

338 255 374 285 ὗε
387 247 524 285 Christi.
547 249 753 292 Aſsimilatus.
781 245 915 291 Nempe
926 243 1037 289 quoad
1046 241 1168 277 ferebat
1178 239 1385 288 significandi
1395 242 1479 273 ratio
1489 253 1497 273 ι
1509 237 1634 286 semper
1645 241 1734 273 enim
1752 237 1906 285 analogia
1917 241 2001 272 inter
2010 237 2078 274 rem
2092 244 2124 275 ὃς
2137 240 2173 274 ii-

339 311 446 345 gnum
457 299 598 331 tenenda
609 298 662 330 est.
688 294 778 329 Nam
789 291 921 326 ridiculi
931 296 1006 326 lunt
1018 293 1077 336 qui
1092 291 1109 324 ὲ
1119 288 1200 324 caelo
1210 288 1379 337 delapsum
1391 290 1706 325 comminiscuntur,
1717 296 1751 320 vt
1765 287 1866 333 reipsa
1877 285 2063 322 assimilent.
2090 291 2174 323 Satis

339 347 387 380 est
400 347 493 393 quod
503 345 705 380 lineamenta
721 342 847 377 Christi
859 343 894 374 in
905 352 945 372 eo
957 339 1185 387 conspicimus
1195 336 1301 371 :sicuti
1312 338 1540 371 viuihominis
1552 334 1675 383 effigies
1688 339 1722 369 in
1734 334 1844 369 tabula
1857 339 1947 369 cerni
1959 338 2114 382 potest,&
2126 349 2176 372 ta-

342 407 422 430 men
432 393 553 442 procul
563 395 658 427 distat
670 393 776 425 homo
787 391 804 423 ii
816 387 871 422 sua
883 388 1022 435 pitirum.
1057 385 1214 421 Refutare
1226 398 1342 420 eorum
1355 387 1467 418 deliria
1479 387 1537 430 qui
1557 386 1607 418 vel
1622 384 1793 418 Christum
1812 386 1972 418 tuncjam
1992 386 2176 432 apparuisse

339 443 578 483 soiiiniaiit‚vel
591 444 752 489 Spiritum
767 435 986 471 sanctiiunvel
997 434 1230 482 Angelum,n6
1242 435 1369 468 videtur
1383 435 1636 480 operaepretium
1648 432 1719 467 ess'e.
1742 430 1812 466 Nisi
1823 430 1907 466 forte
1920 435 1993 478 quis
2004 434 2103 468 sobrii
2114 434 2178 470 ho-

343 494 445 526 minis
457 489 516 525 else
527 491 687 524 existimet
697 511 707 525 ,
728 498 807 521 cum
819 483 960 519 Postello
973 488 1006 518 δέ
1019 483 1181 518 similibus
1194 483 1394 530 phreneticis
1404 478 1577 528 disputare.
1598 494 1708 527 neque
1717 483 1808 515 enim
1821 483 1952 515 minore
1962 481 2137 528 supercilio
2146 481 2178 518 se

341 539 468 576 nebulo
488 538 543 573 ille
568 535 785 573 Melchisedec
800 531 859 566 esse
869 531 973 566 ass'erit
992 555 1002 570 ‚
1022 530 1219 579 qussamplifm
1239 529 1346 566 vesani
1358 529 1409 564 illi
1428 528 1559 576 spiritus
1577 534 1746 576 (quorum
1759 531 1913 563 meminit
1930 531 2173 578 Hieronymus)

340 589 514 624 Christum
526 586 553 621 se
569 584 628 620 else
642 583 823 630 fingebant.

336 717 504 759 triarcha.

407 787 424 824 5
498 777 682 827 (Atque)
697 775 725 812 ii
734 769 877 824 quidem
887 772 950 823 qui
959 768 1189 810 Sacerdotium
1198 771 1388 823 accipiunt,
1405 770 1468 820 qui
1467 763 1599 818 scilicet
1600 763 1688 820 fimt
1698 765 1845 816 exfiliis
1857 769 1965 811 Leui,
1978 751 2181 822 praeceptum
2214 772 2230 790 “’

338 828 502 871 Ιααόεηιᾶ
518 831 644 886 populo
654 829 805 869 decimas
815 825 985 881 sitmendi
995 830 1099 867 iuxta
1116 833 1249 881 Legem
1269 854 1280 871 ,,
1304 824 1366 864 hoc
1377 821 1451 878 esth
1460 821 1637 877 fratribus
1645 823 1724 876 suls
1734 823 1814 862 hcet
1835 824 1971 877 egraejss'cr
1982 837 2026 862 ex
2049 824 2186 867 lumbis,
2222 851 2228 874 ¹.

343 886 530 927 eAbrahae.
2004 908 2006 910 ,

395 951 419 981 6
478 946 593 983 Cuius
604 952 721 982 autem
725 954 844 996 genas
855 954 928 979 non
938 935 1128 992 recenfttur
1140 953 1185 978 ex
1195 937 1282 997 ipfis,
1293 934 1590 996 decinJaessurnpfit
1599 936 1642 976 ab
1656 934 1890 982 Abraham‚&
1902 933 2087 979 habentem
2095 951 2182 995 pro-
2226 921 2232 980 i,

339 1004 393 1042 mi
402 1013 514 1040 stanes
525 998 722 1039 benedixit.

399 1071 425 1106 7
481 1053 663 1109 Porrbfine
674 1052 902 1108 controuersia
912 1051 1134 1108 quodminus
1145 1051 1193 1105 est
1200 1050 1220 1091 ἆ
1226 1055 1357 1107 potiore
1368 1048 1594 1092 benedicitur.

398 1116 419 1152 8
467 1118 583 1167 Atque
594 1113 651 1153 hic
657 1111 802 1169 quidem
814 1110 971 1153 homines
982 1114 1044 1164 qui
1058 1113 1266 1155 moriuntur,
1276 1108 1426 1148 decimas
1437 1113 1623 1175 agapium:
1634 1107 1707 1148 illic
1715 1117 1831 1148 autem
1842 1111 1873 1149 is
1882 1108 1926 1148 dc
1944 1122 2012 1164 quo
2020 1109 2182 1165 testatum

343 1185 364 1211 e
425 1169 500 1211 abd
507 1175 615 1210 vtuat
624 1186 637 1207 .-

353 1171 422 1276 βξ
478 1233 523 1266 Et
529 1237 573 1265 vt
586 1231 634 1267 ita
644 1226 779 1283 loquar,
797 1230 836 1266 in
847 1223 1028 1265 Abraham
1039 1224 1231 1264 decimatus
1240 1222 1286 1277 cst
1296 1221 1362 1278 φρ
1378 1226 1467 1263 Leui
1480 1224 1540 1276 qui
1551 1221 1702 1263 decimas
1717 1221 1809 1276 sblet
1817 1227 1974 1277 accipere.

397 1299 435 1323 10
498 1291 607 1333 Ram
622 1287 651 1324 is
665 1283 782 1322 adhuc
790 1288 830 1324 in
838 1281 966 1323 lumbes
971 1285 1085 1337 patris
1097 1291 1172 1321 erat
1179 1295 1288 1336 quum
1299 1290 1486 1320 occurreret
1498 1278 1643 1318 Abrahae
1653 1279 1915 1333 Melchisedec.

464 1363 662 1412 Considerate
673 1364 810 1404 amem.)
838 1365 965 1409 Qrta
976 1364 1107 1397 notatio
1117 1364 1152 1396 in
1164 1364 1416 1408 comparatione
1436 1360 1560 1394 Chi-isti
1574 1363 1606 1394 Sc
1619 1359 1844 1394 Melchisedec
1854 1384 1865 1398 ,
1876 1359 1969 1407 quod
1981 1358 2030 1394 illi
2042 1360 2186 1396 decimas
2224 1382 2230 1388 =

343 1414 503 1449 obtulerit
529 1412 706 1447 Abraham.
718 1413 820 1446 Pon-b
833 1425 939 1459 quum
951 1410 1103 1459 pluribus
1117 1412 1156 1444 de
1166 1409 1267 1444 causis
1281 1410 1433 1444 instituta:
1448 1408 1571 1443 fuerint
1580 1409 1785 1449 decimae,hic
1798 1422 1868 1442 eam
1888 1411 2044 1443 duntaxat
2054 1408 2186 1458 respicit
2218 1415 2220 1421 ’

342 1463 528 1511 Apostolus
539 1474 610 1508 quae
622 1459 769 1508 preest-nti
780 1459 880 1495 causae
892 1459 1001 1494 seruit.
1038 1461 1112 1493 Vna
1123 1458 1178 1492 illa
1189 1457 1281 1492 causa
1291 1457 1353 1492 fuit
1363 1470 1421 1492 cur
1431 1459 1565 1491 dccimae
1576 1457 1781 1491 soluerentur
1792 1459 2013 1504 Leuitis‚quia
2026 1462 2059 1492 δε
2074 1458 2132 1507 ipfi
2144 1457 2184 1492 fi-

343 1512 382 1546 lii
395 1512 532 1546 Abrahae
543 1521 646 1548 erant,
657 1512 751 1543 cuius
764 1509 881 1543 semini
892 1505 1048 1557 promill'a
1057 1519 1122 1541 erat
1134 1518 1226 1541 terra.
1254 1509 1340 1554 Ergo
1352 1510 1421 1540 iure
1432 1507 1650 1544 haereditatio,
1665 1517 1753 1541 terrae
1765 1509 1877 1553 portio
1890 1505 1956 1540 illis
1973 1507 2185 1543 attribuenda

343 1563 587 1607 erat.qu0niam
598 1570 687 1592 terra:
697 1556 892 1605 poiseffione
903 1555 1129 1605 priuanttir,fit
1139 1557 1174 1590 in
1186 1557 1325 1589 decimis
1337 1553 1578 1602 compensatio.
1591 1555 1701 1588 Altera
1712 1557 1809 1588 etiam
1821 1553 1890 1589 haec
1902 1565 1966 1588 erat
1978 1554 2080 1594 causa,
2093 1557 2186 1603 quod

342 1623 451 1656 quum
464 1612 498 1642 in
510 1610 573 1642 Dei
593 1607 685 1642 cultu
699 1611 732 1641 ὃς
745 1606 883 1654 publico
904 1604 1051 1640 Ecclesiae
1064 1605 1248 1638 ministerio
1259 1615 1521 1651 occuparentur,
1542 1616 1674 1649 aequum
1697 1602 1759 1637 suit
1770 1601 1858 1650 ipsos
1867 1607 2044 1637 communi
2065 1606 2186 1653 populi
2215 1632 2218 1634 ,

342 1658 477 1706 sumptu
490 1656 543 1690 ali.
565 1659 721 1691 Decimas
733 1668 811 1707 ergo
823 1653 889 1688 illis
909 1652 1190 1701 reliquilsraelirae
1200 1652 1375 1692 debebant,
1387 1654 1512 1698 tanqu}
1523 1655 1602 1686 iusta
1616 1653 1762 1686 muneris
1772 1652 1942 1700 stipendia.
1962 1653 2023 1686 Sed
2033 1653 2097 1688 illae
2107 1666 2187 1688 cau·
2219 1678 2221 1682 ι

342 1706 381 1742 sae
391 1705 479 1740 nihil
489 1707 528 1739 ad
543 1703 735 1753 praeseutem
746 1705 1006 1751 disputationem
1020 1716 1027 1736 :
1050 1703 1125 1736 ideo
1140 1701 1211 1735 illas
1222 1703 1364 1748 praeterit
1376 1700 1565 1748 Apostolus.
1587 1703 1660 1735 Vna
1669 1700 1739 1734 haec
1750 1703 1785 1734 in
1796 1702 1959 1734 rationem
1971 1714 2062 1736 nunc
2071 1705 2186 1738 venire

342 1755 453 1793 debet,
472 1755 564 1801 quod
576 1766 680 1800 quum
691 1754 834 1786 decimas
857 1751 1004 1799 populus
1017 1749 1106 1797 quasi
1119 1749 1245 1784 sactum
1255 1749 1398 1795 vecrigal
1418 1746 1548 1784 offerret
1558 1751 1633 1783 De'o
1643 1773 1653 1790 ,
1664 1761 1715 1783 eas
1727 1749 1852 1784 Leuitae
1869 1747 2084 1797 recipiebant.
2111 1754 2187 1786 Vn-

342 1806 383 1839 de
394 1814 527 1851 apparet
538 1827 547 1840 ,
559 1815 629 1837 non
641 1813 782 1849 paruum
793 1799 885 1834 fuiffi:
897 1800 1158 1844 honorem‚quia
1169 1800 1204 1832 in
1215 1797 1330 1832 locum
1341 1798 1436 1832 suum
1445 1799 1536 1832 Deus
1547 1810 1603 1832 eos
1613 1798 1865 1845 quodammodo
1875 1796 2081 1846 subrogabat.
2093 1800 2186 1848 Ergo

343 1854 436 1901 quod
445 1850 666 1886 Melchisedec
685 1851 850 1884 Sacerdoti
861 1850 1036 1895 primarius
1047 1848 1113 1880 Dei
1123 1846 1232 1880 seruus
1246 1850 1280 1880 &
1290 1846 1456 1893 Propheta
1466 1845 1633 1881 Abraham
1647 1845 1773 1880 obtulit
1784 1846 1928 1881 decimas
1937 1870 1948 1884 ‚
1970 1860 2010 1881 eo
2021 1847 2186 1885 confessus

345 1904 403 1939 est,
414 1902 554 1936 honoris
571 1896 671 1946 graidu
683 1896 778 1946 supra
787 1895 816 1931 se
827 1896 995 1930 excellere.
1032 1895 1138 1940 Qd
1147 1894 1168 1929 si
1180 1907 1244 1943 prae
1254 1894 1314 1928 illo
1326 1897 1361 1928 in
1372 1895 1526 1939 ordinem
1536 1897 1669 1942 cogitur
1686 1893 1853 1929 Abraham
1863 1896 2045 1930 Patriarcha
2054 1921 2064 1935 ,
2076 1910 2183 1933 raram

344 1955 378 1986 δι
391 1953 546 1984 eximiam
574 1947 666 1982 illius
676 1948 876 1994 dignitatem
887 1942 945 1978 effe
956 1955 1100 1991 oportet.
1132 1940 1326 1990 Epitlietum
1336 1943 1529 1977 Patriarchae
1546 1945 1584 1976 ad
1596 1941 1896 1990 amplificationem
1907 1943 2051 1992 positum
2074 1948 2128 1981 est.
2139 1948 2185 1982 est

343 2002 435 2034 enim
453 1998 567 2032 hocin
581 1998 697 2044 primis
709 1992 938 2029 honorificum
951 2019 961 2032 ,
973 1993 1064 2038 quod
1075 1990 1241 2025 Abraham
1255 1995 1287 2025 in
1298 1989 1436 2025 Ecclesia
1444 1993 1509 2024 Dei
1530 2002 1620 2039 pater
1630 1992 1837 2026 nominatur.
1876 1991 1957 2025 Tale
1968 1994 2068 2039 igitur
2079 1996 2121 2038 est
2131 2008 2184 2030 ar-

346 2058 547 2095 gumentum
560 2068 570 2081 ,
581 2044 748 2078 Abraham
761 2045 819 2089 qui
832 2041 978 2087 reliquos
989 2053 1107 2074 omnes
1119 2039 1288 2074 antecellit
1300 2064 1310 2077 ,
1346 2038 1417 2087 ipso
1428 2051 1539 2074 tamen
1550 2038 1769 2074 Melchisedec
1787 2041 1830 2074 est
1841 2039 1988 2076 inferior.
2006 2055 2084 2090 ergo
2094 2043 2183 2087 Mel-
2212 2062 2215 2064 v

345 2094 493 2130 chisedec
505 2092 670 2128 summum
684 2094 851 2126 honorem
863 2090 1006 2126 obtinet,
1017 2101 1052 2123 :tc
1064 2089 1190 2122 Leuitis
1202 2088 1362 2121 omnibus
1374 2086 1593 2135 ptaeferendus
1604 2089 1657 2122 est.
1684 2088 1891 2122 Antecedens
1910 2089 2076 2137 probatur.
2102 2105 2182 2127 nain

324 2145 436 2192 ,quod
447 2142 583 2177 debebat
597 2141 764 2175 Abraham
775 2142 849 2174 Deo
861 2162 871 2177 ‚
901 2138 1000 2173 soluit
1014 2140 1049 2172 in
1061 2150 1200 2172 manum
1211 2136 1439 2172 Melchisedec.
1462 2137 1666 2171 decimarum
1687 2149 1766 2185 ergo
1778 2134 1946 2172 solutione
1965 2137 1994 2172 se
2012 2143 2182 2176 minorem

345 2190 506 2241 professus
521 2192 574 2225 est.

394 2243 415 2274 6
464 2237 761 2287 chtli'cetfimt.)
811 2238 888 2271 Hoc
898 2234 1005 2284 aptius
1017 2236 1059 2270 est
1070 2236 1170 2282 quirm
1183 2237 1227 2269 ita
1236 2237 1419 2273 vcrtcrcffio
1430 2234 1521 2282 quod
1531 2233 1592 2269 [int
1602 2247 1639 2269 ex
1649 2247 1789 2269 numero
1799 2233 2082 2283 filiorum-Neque
2090 2240 2182 2274 enim

345 2288 473 2324 causam
486 2289 589 2322 reddit
600 2285 853 2334 Apostolus‚acfi
864 2287 1003 2319 decimas
1015 2285 1091 2318 ideo
1102 2285 1289 2318 Sacerdotes
1301 2286 1477 2332 accipiant,
1487 2283 1580 2329 qubd
1590 2282 1650 2317 sint
1663 2296 1699 2317 cx
1710 2282 1786 2316 filiis
1796 2284 1879 2318 Leui
1890 2295 1897 2315 ε
1910 2280 1961 2317 sed
1971 2296 2077 2320 totam
2088 2286 2182 2324 illam

348 2339 473 2372 tribum
484 2336 612 2371 confert
624 2349 701 2370 cum
714 2333 943 2370 Melchisedec,
956 2335 990 2367 in
1003 2333 1093 2367 hunc
1104 2333 1256 2370 modum=
1267 2334 1386 2378 Qum
1397 2333 1524 2366 Leuiris
1534 2333 1625 2366 Deus
1633 2330 1789 2366 couceffit
1799 2333 1850 2365 ius
1861 2333 2011 2378 exigendi
2022 2335 2039 2367 ὲ
2049 2327 2181 2384 populo

347 2387 551 2422 decitiias‚ita
562 2383 711 2419 Israelitis
723 2383 882 2418 omnibus
894 2395 949 2416 eos
961 2379 1241 2428 praefecit,tamets1
1253 2394 1290 2415 cx
1301 2382 1381 2414 code
1392 2392 1524 2428 parente
1541 2377 1638 2418 client
1650 2392 1768 2414 omnes
1780 2378 1873 2414 simul
1887 2386 2067 2428 progeniti.
2088 2389 2183 2433 atqui

348 2435 514 2469 Abraham
529 2436 587 2480 qui
610 2435 765 2467 omnium
780 2443 869 2479 patet
883 2431 945 2471 est,
961 2431 1127 2464 Sacerdoti
1141 2429 1334 2477 alienigenae
1347 2429 1445 2463 soluit
1456 2430 1610 2463 decimas.
1622 2438 1701 2475 ‘ergo
1712 2429 1791 2462 huic
1808 2429 1978 2464 Sacerdoti
1988 2443 2106 2468 omnes
2117 2447 2182 2482 po-

348 2485 420 2517 steri
433 2484 571 2517 Abrahae
583 2479 721 2516 subiecti
738 2479 822 2514 sunt.
834 2483 881 2514 Ita
893 2482 943 2513 ius
954 2479 1080 2512 Leuitis
1090 2478 1235 2512 delatum
1259 2476 1452 2525 particulare
1463 2476 1524 2511 fuit
1535 2479 1570 2511 in
1589 2476 1736 2523 reli-quos
1748 2476 1858 2510 fratres
1874 2476 1944 2511 :sed
1958 2478 2181 2517 Melchisedec

348 2532 416 2566 sine
427 2533 622 2577 exceptione
632 2529 699 2564 sum
708 2542 763 2563 mo
775 2528 850 2563 loco
864 2529 1010 2562 statuitur
1021 2538 1055 2560 vt
1067 2525 1123 2560 fibi
1133 2538 1250 2561 omnes
1266 2526 1428 2561 subiiciat,
1438 2526 1587 2572 Qidam
1600 2525 1799 2573 Apostolum
1811 2525 1906 2570 loqui
1917 2537 2034 2572 putant
2043 2530 2082 2564 de
2092 2530 2182 2565 deci-

350 2583 413 2614 mis
433 2582 635 2614 decimarum
646 2604 656 2618 ,
668 2591 747 2625 quas
760 2575 941 2611 maioribus
953 2574 1182 2609 Sacerdotibus
1194 2576 1318 2608 Leuitae
1329 2573 1499 2608 soluebant
1513 2588 1520 2608 ι
1535 2572 1587 2608 scd
1596 2574 1687 2608 nulla
1700 2574 1740 2608 est
1752 2576 1836 2608 ratio
1847 2586 1905 2608 cur
1922 2577 2108 2621 generalem
2118 2570 2183 2614 ser-

351 2641 489 2662 monem
500 2630 544 2661 ita
555 2629 798 2673 restringamus.
810 2638 888 2673 ergo
898 2623 1103 2672 probabilius
1114 2624 1157 2657 est
1166 2623 1257 2669 quod
1265 2623 1373 2656 attuli.

397 2674 594 2719 ‘Benedzxte.)
641 2677 716 2709 Hoc
725 2677 883 2720 quintum
897 2674 940 2706 est
950 2673 1041 2718 quod
1051 2675 1085 2705 in
1097 2673 1348 2718 comparatione
1360 2671 1483 2705 Christi
1495 2674 1528 2706 St
1540 2670 1759 2705 Melchisedec
1773 2669 2182 2718 Apostolus·0bseruat.su-

351 2727 413 2758 mit
425 2736 533 2757 autem
546 2721 632 2769 quafi
645 2736 748 2757 vnum
762 2735 799 2756 ex
809 2719 961 2756 confessis
974 2722 1160 2767 principiis,
1176 2720 1279 2764 Qod
1292 2722 1403 2753 minus
1415 2720 1458 2753 est
1467 2719 1618 2754 benedici
1630 2721 1648 2754 ὲ.
1664 2722 1793 2753 maiori.
1805 2718 1945 2754 subiicit
1954 2721 2082 2759 deinde,
2093 2724 2181 2758 Mel-

349 2771 496 2807 chisedec
514 2770 710 2805 benedixisse
722 2771 870 2805 Abrahae.
881 2771 967 2804 vnde
977 2767 1170 2805 conficitur,
1191 2768 1356 2802 Abraham
1369 2766 1428 2801 eisc
1441 2771 1617 2802 minorem.
1638 2769 1699 2802 Sed
1711 2767 1937 2815 amplificandi
1955 2767 2046 2803 causa
2057 2772 2180 2807 iterum

348 2821 516 2856 Abraham
530 2831 624 2853 ornat
637 2819 790 2867 (iugulari
803 2819 925 2865 elogio.
948 2818 1035 2851 Nam
1048 2830 1117 2863 quo
1127 2815 1331 2864 praestantior
1346 2817 1389 2849 est
1402 2816 1566 2850 Abraham
1581 2843 1589 2856 ‚
1603 2830 1641 2851 eo
1652 2817 1748 2851 altius
1759 2817 1909 2850 euehitur
1924 2816 2066 2864 dignitas
2081 2820 2181 2867 ipsius

349 2867 578 2904 Melchisedec.
591 2871 627 2901 In
640 2868 730 2902 hunc
743 2867 842 2901 finem
853 2869 933 2900 dicit
944 2865 1109 2900 Abraham
1121 2863 1353 2912 promiffiones
1365 2863 1592 2910 habuissetque
1605 2864 1763 2912 fignificat
1774 2864 1868 2898 illum
1882 2863 1940 2898 eise
1951 2868 2098 2912 primum
2110 2866 2182 2905 iim-

351 2920 409 2953 &cie
422 2919 528 2965 gentis
541 2928 687 2950 amorem
701 2942 709 2955 ,
729 2928 877 2962 quocum
896 2917 987 2949 Deus
1000 2913 1104 2947 foedus
1118 2925 1242 2948 aeternae
1255 2914 1327 2946 vitae
1338 2915 1475 2959 pepigit.
1495 2914 1573 2946 Haec
1584 2917 1674 2947 enim
1687 2926 1755 2948 non
1767 2912 1910 2958 vulgaris
1930 2913 1992 2948 fuit
2012 2915 2178 2963 dignatio,

350 2968 443 3012 quod
455 2978 557 2999 vnum
569 2965 666 3010 elegit
677 2966 768 2997 Deus
779 2977 815 2996 ex
827 2962 984 2997 omnibus
995 2986 1004 2999 ,
1025 2963 1111 3009 apud
1123 2975 1222 3008 quem
1234 2964 1284 2995 ius
1293 2961 1484 3008 adoptionis
1499 2966 1531 2995 &
1544 2965 1666 2995 amoris
1676 2959 1723 2995 sui
1733 2959 1965 2996 testimonium
1984 2963 2180 3011 deponeret.

350 3016 456 3061 Atqui
468 3014 533 3047 hoc
544 3024 655 3047 totum
667 3025 735 3046 non
746 3011 873 3046 obstitit
886 3013 1070 3057 quominus
1087 3009 1116 3043 se
1133 3023 1211 3044 cum
1228 3020 1298 3043 tota
1308 3008 1361 3043 sua
1374 3008 1566 3042 excellentia
1577 3003 1782 3043 submitteret
1793 3010 1982 3045 Sacerdotio
2001 3012 2179 3050 Melchise-

348 3064 417 3096 dec.
433 3061 610 3109 Perspicere
621 3063 721 3107 igitur
733 3060 807 3094 licet
819 3071 962 3105 quantus
971 3058 1024 3092 hic
1038 3057 1084 3097 sit,
1103 3060 1157 3092 cui
1168 3057 1293 3092 duabus
1304 3060 1337 3091 in
1349 3056 1445 3091 rebus
1456 3055 1544 3091 cessit
1555 3056 1720 3092 Abraham
1735 3062 1767 3092 δε
1778 3059 1869 3104 quod
1880 3057 1909 3091 se
1919 3058 2071 3096 benedici
2084 3063 2125 3098 ab
2137 3078 2177 3100 eo

348 3109 453 3158 pass'us
465 3111 519 3145 est,
532 3114 564 3144 ὃς
576 3110 667 3156 quod
676 3109 819 3143 decimas
830 3106 954 3141 obtulit
963 3105 1050 3152 quasi
1063 3107 1129 3140 Dei
1141 3108 1276 3151 vicario.

397 3169 418 3203 7
456 3154 740 3207 demi71111eft.)
758 3194 761 3196 ,
796 3158 905 3189 Primo
918 3154 1083 3189 sciendum
1098 3156 1141 3188 est
1159 3155 1239 3200 quid
1253 3153 1405 3188 hocloco
1417 3152 1576 3200 significet
1593 3151 1824 3188 ‘Benedtftionis
1841 3167 1980 3191 nomen.
2002 3159 2054 3192 Est
2063 3170 2177 3195 autem

348 3206 494 3241 solennis
507 3210 663 3253 precatio,
680 3219 744 3251 qua
757 3208 782 3238 is
794 3207 851 3250 qui
862 3204 1013 3250 praeditus
1029 3203 1071 3236 est
1082 3202 1201 3249 insigni
1213 3202 1328 3248 aliquo
1341 3207 1373 3237 Se
1386 3202 1523 3248 publico
1532 3202 1680 3241 honore,
1693 3204 1839 3248 priuatos
1852 3207 1884 3237 &
1901 3203 2175 3242 suaeadrninistra-
2191 3237 2193 3239 ,

346 3258 449 3288 tionis
459 3255 613 3288 homines
627 3255 702 3288 Deo
713 3253 911 3288 connnfidat.
923 3251 974 3284 Est
983 3250 1072 3284 aliud
1082 3250 1297 3284 benedicendi
1309 3263 1425 3297 genus,
1438 3251 1516 3283 dum
1531 3249 1665 3283 viciffim
1678 3250 1733 3284 alii
1747 3262 1806 3296 pro
1816 3249 1888 3286 aliis
1900 3256 2176 3302 precamurzquod

346 3305 408 3349 piis
421 3302 578 3336 omnibus
590 3303 632 3336 est
643 3300 879 3349 promiscuum.
891 3301 949 3334 Sed
960 3300 1028 3333 haec
1039 3298 1228 3333 bencdichio
1239 3301 1333 3332 cuius
1346 3305 1370 3332 A
1379 3297 1525 3344 postolus
1538 3299 1702 3334 meminit,
1715 3300 1848 3332 maioris
1859 3301 1903 3334 est
1913 3303 2078 3349 potestatis
2089 3303 2176 3348 sym-

346 3350 476 3385 bolum.
502 3354 547 3383 ltzi
559 3349 642 3383 Isaac
653 3349 820 3384 benedixit
832 3348 901 3382 filio
912 3345 969 3382 suo
980 3346 1077 3381 Iacob
1099 3373 1108 3386 ‚
1124 3350 1158 3380 &v
1172 3346 1270 3380 Iacob
1282 3345 1346 3393 ipse
1357 3346 1523 3380 benedixit
1535 3345 1597 3379 suis
1609 3345 1788 3393 nepotibus
1799 3347 1953 3393 Ephraim
1966 3354 2000 3384 &
2019 3349 2174 3388 Manaffe.

342 3411 451 3447 neque
464 3400 554 3432 enim
566 3398 628 3432 fuit
638 3397 717 3433 illud
731 3408 937 3439 mutuum,vt
946 3408 1005 3444 par
1014 3394 1145 3430 referret
1156 3393 1243 3429 filius
1252 3393 1401 3443 patrizsed
1413 3396 1519 3429 maior
1529 3396 1689 3429 autoritas
1699 3396 1738 3429 ad
1747 3394 1931 3442 legitimam
1942 3396 2177 3436 benedictione

1279 3460 1282 3464 ’
2028 3458 2175 3493 require-

413 677 440 710 4
507 659 765 716 Confiderate)
784 666 903 695 autem
932 665 1087 709 quantus
1087 653 1136 708 fit
1153 652 1226 700 hic,
1248 657 1302 694 cui
1317 652 1517 701 &decimas
1530 652 1630 693 dedit
1639 652 1722 694 de)
1730 648 1854 706 spoliis
1878 650 2089 693 cAbraham
2108 662 2180 696 Pa·

2242 1719 2248 1753 l

2243 1761 2249 1791 'r
