2268 3705
503 92 618 144 AD
666 91 1545 152 CORINTH·CAP-V11'-
1885 122 1930 151 2.

94 168 203 207 nostra
213 167 414 203 conscicntia
421 162 642 206 duntaxat‚sed
654 167 753 199 etiam
764 164 900 200 fratrum
911 167 1111 202 nostrorum.
1149 166 1293 216 Qdam
1301 181 1405 204 autem
1415 183 1483 205 cum
1492 174 1573 212 udal?
1578 177 1763 220 conscientia.
1790 178 1870 218 Haec
1880 124 1941 219 ei7t5

93 219 297 266 ignorantia,
304 214 396 262 qubd
404 212 515 260 aliqua
526 212 744 260 superstitiosa
764 216 928 261 opinione
938 213 1170 250 detinebantur
1179 239 1190 256 ,
1208 215 1296 263 quali
1306 216 1418 264 aliqua
1428 219 1502 255 esset
1514 225 1562 257 vis
1573 225 1654 259 idoli
1665 249 1675 263 ‚
1686 240 1741 262 aut
1752 229 1861 277 aliqua
1872 235 1922 268 vis

94 267 206 313 impia·
219 276 254 299 ac
265 262 478 298 idololatricae
488 262 841 296 consecrationisNon
853 261 1004 309 loquitur
1012 268 1123 297 autem
1134 262 1254 299 Paulus
1263 264 1302 299 de
1310 265 1495 302 idololatris
1507 273 1564 316 qui
1574 272 1705 318 prorsus
1716 276 1813 312 eii'ent
1826 281 1842 312 ὲ
1854 292 1920 326 pu-

96 326 132 349 ra
142 312 304 360 religione
313 310 433 345 alieni:
449 307 501 343 sed
511 310 550 344 de
560 309 698 344 rudibus
709 327 720 347 -,
730 312 788 356 qui
797 311 951 345 nondum
963 313 1008 345 ita
1017 310 1102 346 bene
1111 311 1219 347 edocti
1231 324 1323 348 erant
1332 326 1366 349 vt
1376 315 1600 364 intelligerent
1611 320 1739 357 idolum
1749 325 1834 360 nihil
1846 327 1905 362 effe

90 374 129 396 ac
140 362 278 409 proinde
289 356 573 394 consectationem
581 370 653 404 quae
664 356 748 392 idoli
757 361 898 393 nomine
909 356 1019 399 fiebat,
1027 358 1154 395 nullius
1163 357 1223 395 eise
1234 367 1408 398 momenti.
1421 366 1472 398 Sic
1487 368 1599 412 itaque
1607 371 1788 415 reputabit,
1797 352 1919 419 Quiri

91 409 225 444 idolum
236 407 272 442 fit
282 406 419 454 aliquid,
429 418 500 440 non
513 406 557 440 est
565 403 696 454 prorsus
707 418 790 441 vana
801 405 1004 441 consecratio
1013 419 1085 453 quae
1095 406 1131 442 fit
1142 411 1212 443 eius
1223 413 1372 445 nomine.
1385 425 1457 453 non
1468 410 1542 448 sunt
1552 418 1654 462 igitur
1665 423 1753 463 pura:
1764 413 1918 468 escamque

91 457 190 493 idolis
200 456 351 490 dedicata:
361 452 458 489 semel
468 452 612 489 fuerunt.
637 456 752 501 ltaque
763 452 792 489 se
802 454 963 490 nonnihil
973 455 1167 490 contrahere
1176 457 1376 504 pollutionis
1390 457 1606 501 sentiebantffi
1620 463 1686 499 illis
1697 467 1902 504 vescerentur

94 509 128 540 &
139 504 169 539 se
176 503 429 551 quodammodo
441 501 536 536 idolo
545 503 751 550 participare.
764 504 840 539 Hoc
850 515 955 552 genus
970 504 1013 537 est
1023 501 1163 538 scandali
1174 507 1265 551 quod
1275 509 1310 540 in
1321 509 1510 544 Corinthiis
1521 512 1705 560 reprehe'dit
1715 496 1920 563 Paulus,un

89 551 242 588 infirmos
253 551 363 586 fratres
374 551 486 585 nostro
496 549 649 599 exemplo
659 549 866 598 impellimus
877 563 911 586 vt
919 562 1035 586 contra
1044 550 1282 588 conscientiam
1292 553 1417 602 aliquid
1432 559 1582 594 audeant.
1624 564 1666 595 Et
1677 564 1854 607 conscientia
1865 579 1918 598 eo-

90 612 166 634 rum.
191 601 282 634 Deus
292 598 378 634 nihil
388 598 459 633 vult
472 611 534 634 nos
544 610 669 633 tentate
678 610 734 633 aut
752 600 885 647 aggredi
897 598 957 635 nisi
967 600 1059 646 quod
1075 601 1165 635 certo
1179 599 1318 636 sciamus
1329 607 1358 637 ei
1370 604 1429 639 else
1449 619 1631 656 acceptum.
1651 611 1825 658 chuid
1836 625 1916 660 ergo

91 648 129 683 fit
137 647 301 683 haesitante
313 645 665 696 conscientia‚propter
675 645 836 682 eiusmodi
848 646 1085 683 haefitationem
1096 661 1207 684 coram
1218 651 1293 684 Deo
1304 652 1348 685 est
1359 652 1524 689 vitiosum.
1536 659 1650 705 Atque
1664 661 1697 692 id
1708 660 1751 694 est
1762 661 1853 710 quod
1864 664 1916 695 di-

88 700 134 731 cit
145 698 248 731 Rom.
268 708 319 742 ¹4·
332 708 361 731 c.
380 707 424 741 23,
435 696 609 732 Peccatum
620 694 681 729 esse
694 696 857 746 quicquid
866 709 903 730 ex
916 694 977 730 fide
986 709 1057 731 non
1067 698 1122 732 est.
1149 700 1273 733 Verum
1284 711 1364 747 ergo
1381 702 1425 735 est
1434 702 1518 738 illud
1529 706 1620 750 quod
1632 706 1735 754 vulgo
1746 709 1810 743 dici
1822 708 1915 748 solet,

88 747 190 780 cosin
200 745 388 793 gehennam
403 742 560 779 aedificare
569 746 628 790 qui
636 743 801 778 aediiicant
810 746 845 780 in
855 740 1102 780 conscientiam.
1119 747 1211 781 Sicut
1220 750 1311 782 enim
1323 761 1462 796 operum
1475 750 1606 788 bonitas
1621 767 1659 788 ex
1667 758 1788 791 timore
1798 758 1862 791 Dei
1877 762 1914 793 δε

89 792 297 828 conscientia:
309 793 506 828 rectitudine
521 803 650 826 manat:
662 793 708 825 ita
718 791 899 827 econuerso
919 792 1052 827 nullum
1063 794 1150 829 estin
1160 793 1300 842 speciem
1310 807 1378 830 tam
1388 797 1518 833 bonum
1528 813 1613 848 opus
1624 804 1714 848 quod
1727 818 1798 839 non
1808 815 1912 853 prauo

87 845 194 876 animi
203 839 320 876 affectu
332 840 511 890 polluatur.
523 841 613 875 Nam
622 841 681 887 qui
689 841 788 874 audet
797 843 979 888 quicquam
989 848 1195 890 repugnante
1210 843 1430 886 conscientia,
1442 845 1589 894 aliquem
1601 850 1666 883 Dei
1677 862 1913 900 contemptum

86 903 128 924 eo
139 889 210 938 ipso
221 890 343 938 prodit.
358 889 424 924 hoc
433 890 524 923 enim
535 889 579 923 est
589 889 820 923 testimonium
831 891 964 924 timoris
974 890 1062 928 Dei,
1072 902 1178 936 quum
1189 894 1224 926 in
1235 893 1392 928 omnibus
1401 892 1594 947 respicimus
1603 899 1671 932 eius
1687 899 1907 937 voluntatem⁴

88 940 301 987 Contempta
312 950 390 986 ergo
402 939 448 972 n6
461 935 613 973 caret‚vel
624 937 769 984 digitum
780 949 1036 984 mouete‚quum
1050 940 1194 974 incertus
1206 953 1237 974 es
1247 950 1288 975 an
1298 941 1364 977 hoc
1375 943 1403 975 ei
1414 943 1593 991 diipliceat.
1605 946 1657 979 Est
1667 949 1730 980 etia
1739 950 1773 982 1η
1785 949 1867 985 cibis
1878 964 1914 985 a..

84 986 132 1022 lia
142 989 237 1021 ratio:
248 1000 289 1021 ne
315 999 357 1020 ue
367 987 458 1021 enim
469 983 530 1019 nisi
540 995 597 1033 per
605 984 753 1019 Verbum
764 984 863 1020 nobis
873 983 1129 1021 sanctificantur.
1142 989 1175 1021 Si
1184 987 1271 1023 abest
1281 989 1427 1025 Verbum
1439 990 1521 1026 illud
1530 1015 1540 1030 ‚
1553 1005 1664 1028 manet
1675 992 1741 1029 sola
1751 996 1910 1043 pollutim

82 1048 156 1071 non
166 1037 245 1082 quia
253 1047 297 1082 po
312 1032 381 1077 lute
392 1033 454 1067 fint
464 1032 532 1067 Dei
541 1026 751 1076 creature,sed
763 1035 841 1079 quia
850 1035 1001 1082 impurus
1010 1033 1161 1069 hominis
1173 1035 1418 1085 vsus.Dem'que
1426 1038 1520 1075 ficuti
1533 1039 1594 1076 fide
1603 1041 1792 1090 purificatur
1803 1047 1915 1085 corda,

78 1086 127 1119 ita
137 1093 225 1118 extra
238 1083 337 1119 fidem
348 1081 435 1117 nihil
443 1092 556 1116 coram
565 1083 640 1116 Deo
650 1093 785 1128 purum.

138 1145 162 1180 8
220 1142 328 1192 Atqui
336 1137 405 1188 esca
414 1150 479 1176 nos
488 1151 560 1175 non
567 1135 786 1176 commendat
794 1143 877 1177 Deo.
902 1147 1013 1193 neque
1011 1137 1048 1193 ft
1052 1140 1278 1188 comedamus,
1289 1138 1514 1184 abundamus:
1526 1159 1640 1201 neque
1640 1146 1678 1201 fi
1683 1159 1755 1187 non
1760 1146 1915 1189 comeda-

83 1191 486 1250 mus‚dcficimuraliquo.
631 1215 634 1219 ·

137 1265 160 1296 9
217 1250 290 1290 Sed
295 1248 415 1289 videte
424 1260 538 1302 nequo
547 1248 647 1287 modo
653 1247 798 1306 facultas
808 1245 873 1287 hac
880 1249 992 1304 vestra
1002 1251 1203 1308 ffndiculo
1209 1252 1253 1311 fit
1259 1250 1419 1306 infirmis,

137 1321 180 1347 10
239 1308 357 1364 Siquis
373 1308 468 1344 enim
486 1302 612 1354 videet
619 1315 690 1348 ιω
705 1333 716 1349 ,
729 1313 906 1359 Utcunque
915 1303 1098 1358 fetentium
1107 1305 1233 1346 habeas
1245 1339 1256 1355 ‚
1273 1312 1313 1348 ia
1320 1310 1416 1363 epulo
1417 1310 1701 1361 simulachrorum
1718 1314 1912 1357 accumben-

77 1376 151 1405 tem
161 1382 173 1402 .·
184 1358 299 1403 κάκης
311 1357 512 1415 confi-ientiae
519 1362 608 1407 eius,
617 1374 723 1416 quum
731 1371 850 1400 tamen
860 1362 1079 1419 infirmusfit‚
1096 1361 1315 1415 edificabitur
1321 1365 1374 1403 ad
1382 1366 1553 1409 edendum
1562 1371 1719 1424 quaesisnt
1724 1373 1827 1412 idolis
1844 1376 1912 1414 ima

77 1420 234 1462 molam?

138 1490 169 1515 11
228 1482 272 1515 Et
273 1470 400 1531 peribit
395 1471 574 1529 fraterqui
582 1472 741 1523 infirmus
754 1472 809 1524 est,
821 1476 862 1513 in
870 1482 932 1512 tua
953 1477 1089 1520 cientia,
1091 1483 1231 1529 propter
1235 1489 1338 1529 quem
1348 1473 1501 1530 Christus
1508 1492 1663 1521 mortuus
1673 1487 1724 1523 ef?
1732 1487 1750 1524 ?

134 1540 174 1574 xz
232 1534 280 1572 Se'c
286 1541 401 1571 autem
403 1540 582 1586 peccantes
590 1530 630 1568 in
636 1527 760 1580 fratres
770 1558 781 1575 ‚
795 1529 836 1575 ό·
854 1530 1080 1570 vulnerantes
1088 1529 1328 1585 conscientiam
1336 1531 1476 1574 illorum
1481 1537 1656 1588 infirmam
1665 1568 1676 1585 ‚
1687 1541 1726 1578 in
1739 1532 1824 1579 Chri
1850 1556 1909 1584 um

72 1592 230 1646 peccatis.
596 1636 597 1639 Ἰ
1531 1629 1549 1639 j

137 1660 149 1686 t
152 1659 171 1697 3
225 1641 476 1700 Qapropterfi
481 1642 551 1697 esta
559 1636 845 1695 ffnditftaemm
854 1655 980 1688 meum,
997 1655 1219 1699 nequaquam
1226 1641 1345 1697 veftar
1355 1644 1515 1689 carnibus
1525 1651 1566 1689 in
1576 1660 1748 1700 aternum,
1757 1667 1802 1692 ne
1797 1652 1910 1706 fratri

77 1714 156 1741 meo
154 1700 225 1758 sim
233 1698 444 1758 offendiculo.

122 1757 143 1790 8
191 1758 270 1802 Esca
279 1767 333 1789 nos
357 1766 417 1787 non
426 1749 616 1788 commendat
624 1753 716 1795 Deo.)
766 1753 835 1790 Hic
843 1753 925 1790 alter
935 1765 1002 1789 erat
1012 1753 1064 1791 vel
1076 1752 1137 1790 effe
1151 1766 1280 1803 poterat
1300 1757 1560 1795 Corinthiorum
1572 1773 1745 1810 praetextus
1757 1778 1765 1798 z
1777 1763 1908 1801 cultum
1924 1760 2099 1794 lim-¹4⁶³*

73 1806 142 1841 Dei
154 1805 190 1839 in
200 1802 283 1838 cibis
296 1815 368 1838 non
377 1800 438 1837 effe
447 1799 698 1850 positumisicuti
706 1801 826 1838 Paulus
843 1801 910 1852 ipse
919 1803 958 1838 ad
967 1805 1143 1839 Romanos
1157 1803 1428 1853 docet,Regnum
1439 1809 1503 1842 Dei
1514 1823 1583 1844 non
1595 1809 1655 1845 eil'e
1666 1810 1770 1847 escam
1783 1813 1834 1847 vel
1844 1827 1907 1862 po-

73 1863 162 1888 tum.
172 1850 364 1901 Respondet
373 1850 494 1886 Paulus
505 1873 516 1888 ‚
534 1849 733 1885 cauendum
743 1860 855 1887 tamen
867 1850 928 1886 effe
942 1865 985 1886 ne
1001 1851 1138 1888 facultas
1147 1854 1257 1887 nostra
1268 1857 1431 1902 proximis
1441 1869 1570 1892 noceat.
1580 1861 1663 1908 Qo
1675 1860 1773 1896 tacite
1785 1874 1908 1897 conce-

74 1901 136 1942 dit,
144 1912 258 1936 coram
267 1902 343 1935 Deo
352 1898 438 1934 nihil
450 1898 566 1934 referre
573 1897 697 1946 quibus
705 1897 873 1934 vescamur
884 1899 968 1935 cibis
975 1927 986 1941 ‚
1007 1901 1100 1948 quod
1110 1899 1208 1935 nobis
1219 1899 1362 1937 liberum
1372 1902 1465 1938 vsum
1477 1910 1647 1953 permittat
1656 1932 1667 1946 ‚
1692 1921 1818 1956 quantu
1825 1924 1857 1945 m
1867 1914 1908 1947 ad

73 1948 325 1985 conscientiam:
335 1947 387 1984 sed
395 1948 481 1984 hanc
490 1946 676 1983 libertatem
685 1948 721 1982 in
732 1959 864 1983 externa
873 1946 1083 1996 vsurpatione
1091 1948 1272 1984 subiectam
1280 1950 1340 1985 effe
1350 1951 1587 1990 charitatis-rat
1596 1968 1674 1990 eroo
1686 1957 1844 1993 vitiosum
1855 1972 1907 1994 ar-

73 2009 278 2046 gumentum
288 1995 560 2034 Corinthiorum,
571 1994 664 2043 quod
672 1996 692 2030 ὲ
699 2007 789 2043 parte
797 2006 909 2031 toturn
921 1995 1136 2046 colligebant:
1146 2010 1224 2031 nam
1235 2000 1271 2033 in
1282 1997 1339 2033 vsu
1349 1999 1515 2036 charitatis
1524 2007 1608 2038 ratio
1618 1987 1808 2041 includitur.
1822 2008 1907 2042 Cer-

72 2057 148 2081 tum
161 2047 205 2080 est
216 2048 317 2094 igitur
326 2046 431 2080 escam
450 2057 514 2080 nos
524 2057 596 2079 non
606 2044 840 2079 commendare
848 2047 941 2080 Deo:
966 2058 1065 2093 atque
1077 2046 1109 2080 id
1117 2044 1236 2080 fatetur
1247 2046 1386 2085 Paulus,
1408 2047 1460 2083 sed
1469 2054 1591 2098 excipit
1602 2053 1794 2088 charitatem
1805 2055 1905 2091 nobis

73 2092 136 2129 effi:
146 2095 164 2128 a
173 2094 250 2129 Deo
259 2094 539 2132 commendatam,
547 2104 649 2140 quam
660 2105 701 2127 ne
727 2092 828 2141 ligere
837 2092 874 2128 fit
882 2092 984 2128 nefas.
1032 2093 1602 2142 Requeficomedamus,abundamus.
1628 2102 1679 2135 De
1688 2105 1812 2137 ventris
1823 2103 1904 2137 abfi-

70 2142 183 2177 dantia
193 2155 264 2178 non
274 2141 424 2189 loquitur
437 2155 445 2176 z
460 2154 538 2176 nam
548 2144 607 2189 qui
615 2104 749 2190 ptanigus
759 2142 803 2176 est
813 2166 824 2182 ,
834 2153 983 2180 ventrem
995 2141 1114 2177 melius
1124 2141 1223 2177 habet
1231 2142 1388 2178 refertum
1399 2147 1500 2192 quam
1512 2149 1644 2183 ieiunus
1656 2161 1663 2183 ε
1674 2148 1727 2183 sed
1743 2151 1902 2186 intellioit

73 2190 163 2226 nihil
183 2190 311 2225 iustitiae
320 2188 419 2225 nobis
429 2189 591 2227 accedere,
604 2201 666 2225 nec
674 2186 852 2227 decrescere
862 2188 1092 2225 manducando
1104 2190 1155 2225 vel
1165 2189 1371 2227 abstinendo.
1390 2195 1545 2229 Praeterea
1555 2209 1625 2231 non
1639 2198 1678 2232 dc
1689 2198 1834 2245 qualxbet
1844 2181 1904 2234 :lb-

72 2239 301 2280 stinentia,nec
311 2239 351 2273 de
360 2237 512 2286 quolibet
523 2235 575 2272 esu
589 2236 751 2286 loquitur.
763 2241 980 2288 Intemperies
991 2241 1082 2273 enim
1094 2238 1232 2275 &luxus
1243 2251 1299 2287 per
1313 2240 1343 2274 se
1351 2242 1426 2275 Deo
1436 2242 1595 2291 displicet:
1608 2245 1715 2293 placet
1724 2258 1833 2281 autem
1845 2246 1900 2282 so-

70 2286 192 2324 brietas
202 2291 236 2323 &
246 2298 447 2335 temperatus
457 2286 586 2321 modus.
596 2286 658 2321 Sed
667 2285 893 2334 intelligamus
902 2299 1043 2336 regnum
1051 2289 1129 2328 Dei,
1141 2288 1234 2334 quod
1244 2286 1409 2335 spirituale
1419 2291 1474 2329 est,
1493 2303 1565 2327 non
1576 2296 1678 2328 iacere
1688 2297 1723 2329 in
1733 2295 1785 2329 his
1797 2306 1901 2330 exter„

72 2338 126 2373 nis
134 2334 421 2371 obseruationibus
434 2348 442 2369 ε
455 2332 515 2370 effe
525 2346 604 2382 ergo
611 2346 662 2370 res
671 2334 795 2370 medias
811 2334 937 2371 nullius
949 2348 1005 2385 per
1016 2333 1046 2370 se
1064 2338 1231 2370 momenti
1240 2347 1351 2371 coram
1362 2338 1452 2375 Deo.
1479 2341 1555 2375 Hoc
1566 2341 1693 2376 tametsi
1705 2355 1743 2376 ex
1751 2343 1898 2378 alimum

69 2384 209 2433 persona
220 2395 276 2432 per
283 2383 575 2432 anthypophotam
585 2383 716 2419 adducit
726 2409 737 2424 ,
755 2384 909 2419 concedit
922 2395 1034 2419 tamen
1052 2381 1113 2419 effe
1123 2396 1249 2420 verum.
1268 2383 1438 2433 sumptum
1451 2390 1542 2425 enim
1561 2390 1652 2425 estex
1665 2393 1734 2426 eius
1744 2393 1898 2428 doctrina

70 2445 174 2481 quam
185 2444 292 2481 nuper
300 2433 483 2479 attigimus.
756 2461 761 2465 .

118 2491 142 2523 9
190 2482 224 2514 V
226 2479 305 2515 idere
313 2480 488 2524 nefkculeas
499 2480 580 2525 hec.)
629 2478 829 2515 Libertatem
839 2479 999 2527 relinquit
1008 2475 1274 2516 intaekamwsum
1285 2492 1417 2517 eatenus
1427 2491 1586 2531 temperat
1597 2498 1639 2522 ne
1651 2485 1796 2524 offendat
1806 2488 1900 2525 infit-

70 2540 157 2564 mos.
179 2527 222 2564 Et
231 2531 436 2565 nominatim
445 2525 574 2564 consuli
583 2525 656 2563 vult
665 2527 822 2567 infirmis,
831 2528 898 2563 hoc
912 2530 967 2567 est,
974 2531 1033 2577 qui
1042 2529 1196 2564 nondum
1207 2529 1292 2565 bene
1303 2529 1493 2566 confirmati
1503 2531 1577 2568 sunt
1587 2536 1622 2568 in
1633 2538 1763 2583 pietatis
1773 2538 1901 2572 doctri-

70 2589 124 2614 na.
144 2589 223 2612 narn
234 2579 313 2625 quia
321 2575 428 2624 vulgo
437 2579 610 2613 contemni
618 2575 742 2617 solent,
753 2590 810 2612 eos
819 2578 990 2615 Dominus
1000 2576 1115 2625 respici
1133 2576 1206 2612 vult
1216 2590 1252 2614 ac
1263 2578 1366 2615 iubet.
1392 2581 1518 2614 Interea
1531 2580 1714 2618 subindicat
1724 2605 1733 2622 ,
1746 2585 1897 2624 robustos

69 2628 240 2675 gigantes,
255 2625 278 2661 fi
288 2624 473 2660 libertatem
488 2626 633 2669 nostram
645 2625 815 2672 tyrannice
825 2624 962 2660 arbitrio
985 2624 1043 2660 suo
1055 2621 1211 2660 subiicere
1224 2626 1330 2662 velint
1339 2654 1350 2667 ,
1360 2625 1467 2662 secure
1477 2628 1567 2676 poffe
1576 2631 1721 2679 negligi:
1737 2636 1815 2679 quia
1826 2646 1901 2668 me-

68 2674 195 2710 tuenda
210 2688 280 2710 non
292 2671 330 2709 fit
339 2686 456 2709 eorum
466 2670 604 2709 offcnfio
615 2677 674 2720 qui
683 2672 876 2710 infirmitate
885 2687 956 2710 non
967 2674 1144 2709 trahuntur
1153 2675 1192 2708 ad
1205 2676 1421 2723 peccandum,
1427 2673 1479 2710 sed
1489 2680 1581 2724 quod
1592 2680 1831 2727 reprehendant
1841 2694 1899 2717 cti-2

66 2723 148 2774 'pide
158 2721 336 2759 accersunt.
349 2722 442 2770 Qid
477 2735 510 2756 ei·
519 2719 744 2769 Offendiculum
756 2721 1016 2770 intelligat,mox
1026 2722 1223 2758 videbimus.

117 2782 158 2808 ιο
205 2774 308 2817 Siquis
323 2773 402 2805 enim
412 2735 521 2805 vigeat
529 2773 581 2816 te.)
630 2771 721 2806 Hinc
730 2769 848 2806 clarius
857 2782 990 2818 apparet
1001 2782 1166 2818 quantum
1173 2770 1232 2806 fibi
1242 2770 1383 2810 licentiae
1417 2776 1622 2812 ermitterent
1631 2776 1899 2813 Corinthiimam

72 2831 180 2866 quum
190 2818 315 2855 sactum
324 2817 461 2866 aliquod
469 2818 605 2868 epulum
618 2817 762 2854 facerent
771 2818 870 2854 idolis
879 2822 978 2868 impii
992 2846 1002 2860 ,
1011 2818 1093 2854 illuc
1103 2820 1254 2854 accedere
1263 2834 1334 2856 non
1344 2786 1540 2857 dugitabant
1553 2833 1587 2856 vt
1598 2821 1757 2860 sacrificio
1768 2827 1830 2860 vna
1841 2839 1900 2860 ve*

70 2866 336 2904 scerentur.nunc
346 2868 545 2902 demonstrat
553 2867 672 2902 Paulus
681 2867 764 2914 quid
773 2866 851 2902 mali
863 2868 938 2903 inde
949 2870 1150 2916 proueniret.
1161 2868 1264 2902 Porro
1275 2869 1367 2915 quod
1378 2872 1412 2904 in
1425 2873 1535 2918 priore
1546 2870 1784 2920 membro‚Qi
1795 2871 1897 2908 [εἰσιν

73 2917 155 2952 tiam
167 2916 277 2956 habes,
293 2929 353 2964 pro
364 2914 503 2951 relatiuo
511 2914 618 2964 posui,
629 2917 662 2949 V
663 2925 792 2961 tcunque
802 2914 928 2950 habeas:
943 2921 977 2951 δε
990 2918 1023 2950 in
1035 2913 1192 2954 secundo,
1202 2918 1275 2963 Qi
1285 2916 1436 2952 infirmus
1447 2919 1500 2956 est,
1512 2918 1692 2967 interposui
1703 2921 1898 2968 particulam

72 2960 206 3000 Tamen:
217 2966 251 3000 id
261 2965 343 3003 mihi
353 2965 392 2999 ad
402 2964 629 3000 elucidandam
638 2963 731 2999 Pauli
743 2975 890 2999 mentem
901 2963 1024 2999 neceffe
1037 2963 1110 2999 fuit.
1133 2966 1244 3000 Vtitur
1255 2968 1347 3000 enim
1357 2965 1566 3004 conceffione
1575 2990 1585 3005 ,
1595 2967 1657 3003 acsi
1667 2969 1799 3006 diceret,
1812 2969 1898 3005 Esto,

73 3020 112 3046 tu
122 3009 289 3049 scientiam
300 3012 437 3049 habeas:
454 3011 506 3047 sed
516 3014 575 3060 qui
584 3024 617 3048 te
624 3014 714 3047 videt
722 3039 734 3054 ,
743 3008 867 3047 etiamfi
875 3012 968 3047 nulla
978 3011 1016 3047 fit
1027 3013 1181 3060 praeditus
1191 3011 1462 3060 cognitione‚tuo
1472 3016 1625 3064 exemplo
1634 3015 1848 3050 confirmatur
1860 3016 1900 3049 ad

71 3059 162 3094 idem
171 3062 357 3097 audendum
369 3075 377 3096 :
389 3061 455 3096 sme
464 3072 578 3096 autore
590 3061 667 3096 veto
680 3073 855 3109 nunquam
864 3061 903 3096 eb
914 3057 1097 3110 progteisus
1107 3059 1202 3099 foret.
1212 3063 1315 3097 Nunc
1324 3062 1380 3097 vbi
1391 3062 1488 3098 habet
1498 3076 1597 3110 quem
1609 3066 1766 3100 imitetur,
1780 3061 1852 3097 satis
1862 3066 1899 3099 in

70 3110 261 3145 imitatione
278 3106 497 3146 excusationis
507 3108 626 3144 habere
644 3103 788 3158 sefputat:
804 3121 912 3156 quum
929 3121 1044 3144 tamen
1052 3120 1126 3156 agat
1137 3109 1224 3145 mala
1238 3109 1452 3146 conscientia.
1485 3110 1661 3147 Infirmitas
1674 3115 1762 3146 enim
1773 3112 1897 3145 rudita-

72 3166 142 3191 tem
159 3154 214 3192 hic
223 3156 274 3192 vel
297 3154 505 3194 conscientia:
515 3157 752 3193 haesitationem
774 3156 943 3205 significat.
971 3157 1044 3192 Nec
1056 3169 1108 3191 me
1126 3157 1205 3192 latet
1214 3158 1354 3205 qualiter
1371 3171 1538 3207 exponant
1547 3156 1603 3192 alii
1631 3170 1639 3194 ε
1659 3156 1845 3192 scandalum
1864 3173 1898 3193 e*-

72 3206 148 3240 nim
167 3204 231 3240 hoc
245 3205 437 3255 intelligunt
445 3231 455 3245 ,
474 3206 566 3254 quod
575 3207 669 3241 rudes
682 3206 840 3253 ‚exemplo
850 3205 999 3244 inducti,
1019 3204 1165 3252 aliquem
1175 3205 1349 3254 religionis
1359 3207 1487 3242 cultum
1506 3206 1571 3240 hoc
1583 3208 1685 3240 modo
1695 3205 1724 3239 sc
1733 3207 1808 3240 Deo
1816 3218 1898 3254 prae-

70 3253 152 3289 stare
162 3254 358 3300 opinantur:
368 3253 419 3290 sed
428 3255 496 3290 haec
507 3256 705 3302 imaginatio
714 3253 821 3289 aliena
832 3254 876 3288 est
885 3255 904 3288 ὲ
913 3251 1003 3288 sensu
1014 3253 1118 3288 Pauli.
1144 3253 1372 3303 Reprehendit
1383 3258 1471 3289 enim
1483 3253 1575 3295 (sicut
1588 3253 1669 3296 dixi)
1684 3254 1779 3300 quod
1800 3256 1899 3289 auda*

70 3303 177 3336 ciores
187 3299 362 3336 reddebant
370 3305 541 3350 imperitos
551 3329 562 3343 ,
572 3314 607 3338 vt
616 3314 731 3351 praeter
738 3300 977 3337 conscientiam
989 3313 1120 3337 ruerent
1130 3303 1171 3337 ad
1181 3303 1377 3337 tentandum
1386 3302 1476 3348 quod
1488 3300 1543 3334 fibi
1555 3300 1652 3335 licere
1663 3314 1732 3336 non
1746 3303 1891 3350 putabit,

68 3347 241 3397 Aedafican'
248 3348 304 3385 hic
315 3352 377 3396 pr'o
387 3349 590 3387 Confirmari
598 3354 736 3401 capitur.
747 3351 800 3386 Est
814 3361 924 3387 autem
936 3347 1068 3386 ruinosa
1076 3350 1250 3388 aedificatio
1259 3363 1333 3399 quae
1343 3353 1380 3384 in
1390 3348 1466 3386 sana
1481 3349 1633 3384 doctrina
1644 3347 1778 3384 fundata
1788 3354 1833 3388 no
1844 3352 1898 3390 est,
1911 3385 1918 3388 ,

1602 3409 1637 3445 p.
1688 3399 1748 3444 iiij.
