2268 3705
108 267 187 300 'Deuiss
200 268 304 308 :cd-15.

109 316 216 341 Mamm.
221 317 274 340 ωε
279 336 285 342 ,

93 353 100 359 ·
110 351 278 386 loan.8.b.r7.

112 390 175 420 Haeb.
182 399 221 422 ιθ.

136 2890 263 2915 N“”'·¹‘·
272 2883 330 2932 ¹⁸¹¹?
348 2899 392 2935 est
401 2897 497 2933 vobis
509 2896 600 2945 qubd
611 2896 741 2932 molesti
751 2897 822 2931 estis
831 2895 1039 2933 hominibus,
1053 2893 1114 2930 nisi
1122 2897 1221 2929 etiam
1233 2893 1360 2930 molesti
1374 2893 1438 2927 sitis
1448 2895 1523 2927 Deo
1534 2904 1609 2927 meo
1621 2891 1764 2938 ?Neque
1773 2893 1863 2926 enim
1874 2893 2018 2940 amplius
2027 2892 2121 2926 restat
2131 2903 2181 2927 rer
2228 2920 2231 2923 ,

137 2926 290 2963 lesa.7.b.16.

317 121 380 164 298
580 133 584 135 ·
793 77 1670 161 1N11-EP18T-PAVL1

1100 182 1248 216 CAP.
1300 172 1430 216 xus.

434 272 454 309 1
472 273 502 308 C
533 272 653 310 tertius
669 269 736 308 erit
749 266 920 306 aduentus
938 278 1035 304 meus
1047 261 1098 303 ad
1113 277 1181 302 vos
1201 288 1212 308 ,
1230 267 1272 301 ln·
1280 273 1337 301 ore
1354 253 1498 302 duorum
1512 272 1574 301 aut
1584 264 1689 302 trium
1710 257 1842 313 testium
1851 255 2050 314 stabilietur
2076 266 2180 301 omne

434 323 591 365 verbum.
1445 367 1448 370 ‚

382 399 402 422 π.
459 383 611 421 Praedixi
623 381 664 429 ἀ
669 379 810 437 predico
820 409 831 424 ,
855 374 1047 433 vtpraesens
1055 388 1162 429 quum
1172 373 1271 429 essem
1279 378 1402 414 iterum
1416 402 1427 418 ,
1436 375 1486 412 ita
1499 372 1540 421 ά
1554 370 1674 428 absens
1684 386 1777 412 nunc
1777 369 1885 430 scribo
1893 375 1939 413 iis
1948 375 2010 430 qui
2019 370 2179 430 antepec·

322 449 498 485 emerunt,
512 440 552 487 ὠ·
564 437 706 491 reliquis
717 433 885 474 omnibus:
898 431 1023 488 qubdfi
1028 444 1157 469 venero
1168 428 1366 486 daphnon
1367 441 1516 485 parcam.
1584 478 1588 482 η
1610 478 1611 481 ¹

391 510 408 547 3
467 492 766 548 Qandoquidem
779 492 1051 545 experimentum
1072 491 1216 542 quaeritcs
1226 491 1265 527 in
1273 486 1508 540 meloquentis
1529 482 1675 538 Christi:
1695 489 1757 541 qui
1769 500 1928 543 erga-1205
1939 501 2011 527 non
2024 487 2175 539 estinfip.

328 550 483 606 musfid
489 561 612 606 potens
622 547 669 600 est·
674 551 713 586 in
723 544 832 585 vobis.
1590 591 1603 595 a
1620 556 1627 563 ’

386 623 412 659 4
470 612 572 653 Ram
585 606 736 657 quanuis
747 599 1000 653 crucfixmfhit
1007 612 1055 638 ex
1065 599 1267 652 infirmitate
1278 612 1290 633 :
1303 601 1400 638 viuit
1408 606 1526 636 tamen
1534 611 1582 637 ex
1591 599 1721 637 virtute
1729 597 1978 654 Deifiquidem
1994 599 2035 647 ὠ·
2044 614 2111 639 nos
2121 603 2178 639 in-

319 662 542 718 firmifitmus
551 664 590 699 in
597 655 733 713 illoJed
739 660 895 697 viuimus
905 670 978 695 cum
986 655 1058 703 illo,
1069 671 1116 696 ex
1126 662 1256 697 virtute
1265 658 1336 695 Dei
1345 668 1421 711 erga
1432 669 1512 693 ''005'-

377 731 390 752 1
440 720 510 753 Hic
522 725 638 754 ternus,
650 717 730 758 ὄις.)
780 715 891 760 Pergit
903 715 938 746 in
959 713 1182 760 redarguenda
1203 724 1318 746 eorum
1331 711 1517 759 proteruia,
1528 710 1567 744 de
1578 709 1699 758 quibus
1711 709 1872 757 loquutus
1882 712 1926 746 est
1939 724 1946 746 ι
1959 724 2104 758 quorum
2124 711 2182 747 alii

329 764 485 801 dissolute
497 763 722 799 &libidinose
733 759 962 799 viuentes,alii
971 763 1206 795 contentiones
1220 764 1253 794 δε
1267 760 1446 794 certamina
1457 762 1641 794 exercentes
1652 761 1739 794 inter
1753 759 1801 797 se,
1813 760 1883 794 eius
1893 757 2182 808 reprehensionem
2201 762 2205 770 “

327 828 401 850 non
411 813 582 848 curabant.
592 824 701 858 neque
713 812 850 845 enimin
861 821 982 857 corpus
993 809 1101 855 ipsum
1112 808 1261 844 Ecclefiae
1273 806 1485 856 competebat
1499 809 1607 841 oratio
1624 823 1634 842 .-
1647 805 1698 841 sed
1711 804 1746 842 in
1757 807 1905 842 membra
1921 810 2076 855 quaedam
2088 823 2181 844 mor-

326 863 403 898 bida
414 867 448 897 &
459 860 660 910 semiputria.
683 860 761 893 ldeo
774 870 865 893 nunc
878 857 1013 896 liberius
1023 857 1186 905 asperitati
1200 857 1370 904 indulgen
1388 858 1468 903 quia
1478 858 1655 902 negotium
1668 855 1717 890 illi
1730 856 1773 890 est
1788 868 1867 891 cum
1879 859 2018 905 priuatis
2030 857 2182 893 homini-

327 911 392 947 bus
401 935 412 950 ‚
431 923 503 946 non
514 921 588 944 toto
601 908 730 957 populo
741 931 751 945 ,
772 907 890 941 deinde
904 906 982 940 cum
993 906 1158 941 eiusmodi
1168 906 1366 940 hominibus
1378 930 1388 945 ,
1408 904 1496 952 apud
1515 917 1601 951 quos
1610 904 1819 939 humanitate
1842 899 2018 940 &lenibus
2028 907 2183 942 remediis

329 960 417 997 nihil
441 958 470 994 se
480 957 709 1007 profecturum
729 953 899 990 sentiebat.
919 955 995 988 Post
1007 953 1206 989 transaetum
1226 954 1312 1002 apud
1324 966 1379 988 eos
1398 951 1650 1000 sesqui-mnam,
1671 951 1813 988 secundo
1825 966 1881 988 eos
1902 952 2066 988 inuiserat.
2090 968 2183 993 nunc

330 1009 431 1045 tertio
450 1005 479 1042 se
496 1018 676 1043 venturum
688 1006 863 1039 denuntiat
883 1027 894 1041 ‚
911 1015 948 1037 ac
957 1014 1021 1037 tres
1041 1002 1116 1038 suos
1140 1004 1301 1037 aduentus
1323 1003 1360 1036 ad
1371 1001 1639 1036 conuincendam
1663 1014 1780 1036 eorum
1791 1005 2061 1044 contumaciam,
2085 1005 2185 1038 instar

330 1059 435 1092 trium
445 1057 576 1091 testium
595 1054 664 1089 fore
682 1054 774 1087 dicit.
803 1053 895 1086 Cirat
906 1053 1029 1098 Legem
1049 1053 1087 1086 de
1098 1055 1272 1086 autoritate
1306 1051 1456 1086 testium,
1474 1062 1544 1083 non
1555 1052 1706 1097 genuino
1717 1050 1854 1098 quidem
1867 1055 1900 1085 &
1915 1049 2035 1085 literali
2055 1055 2102 1096 (vt
2120 1066 2184 1090 νο»Ι
2205 1080 2207 1082 .
2243 1081 2246 1084 ,

329 1109 420 1150 cant)
441 1101 550 1145 sensu,
568 1103 619 1138 sed
629 1114 687 1151 per
697 1113 873 1148 anagogen
893 1099 1213 1135 autlimilitudinem
1225 1123 1236 1137 ,
1249 1098 1306 1133 suo
1317 1099 1468 1132 instituto
1484 1110 1555 1131 eam
1568 1099 1838 1133 accommodans.
1865 1099 2012 1134 Verbum
2029 1124 2039 1138 ‚
2050 1102 2182 1147 inquit,
2249 1119 2258 1135 a

329 1155 430 1202 Legis
439 1153 483 1188 est
492 1180 501 1193 ,
516 1153 665 1187 standum
678 1149 737 1184 effe
748 1151 894 1183 duorum
905 1160 961 1183 aut
982 1151 1085 1183 trium
1096 1148 1290 1182 testimonio
1305 1149 1339 1181 in
1351 1145 1505 1181 finiendis
1514 1146 1757 1182 controuersiis.
1783 1148 1873 1182 Nam
1886 1147 2026 1183 verbum
2037 1149 2185 1184 Stabiliri

330 1202 396 1241 est,
409 1204 447 1237 de
458 1214 491 1236 re
502 1199 569 1249 ipsa
579 1200 812 1248 pronuntiari,
828 1209 862 1231 νε
873 1197 913 1231 lis
925 1195 1071 1231 finiatur.
1095 1198 1170 1244 Ego
1186 1196 1321 1243 quidem
1336 1208 1420 1230 vnus
1433 1192 1502 1229 sum
1514 1216 1524 1231 ‚
1537 1196 1588 1229 led
1600 1195 1698 1229 tertib
1709 1196 1888 1231 adueniens
1898 1219 1908 1234 ‚
1928 1199 2030 1231 trium
2050 1199 2186 1233 restium
2216 1224 2220 1225 γ

330 1251 463 1287 habebo
473 1253 697 1284 autoritatem.
712 1246 763 1282 vel
773 1269 782 1284 ‚
794 1258 859 1281 tres
874 1248 939 1280 mei
949 1245 1113 1281 aduentus
1123 1272 1132 1286 ,
1147 1256 1249 1279 trium
1265 1245 1534 1279 testimoniorum
1545 1242 1623 1277 loco
1631 1255 1737 1278 erunt.
1766 1244 1904 1294 Triplex
1917 1247 2006 1280 enirn
2018 1245 2112 1281 labor
2123 1259 2188 1295 pro

334 1300 472 1335 illorum
484 1292 586 1333 salute
596 1297 757 1344 sumptus,
773 1299 808 1330 &
820 1294 925 1330 tribus
936 1294 1068 1329 diuersis
1079 1293 1286 1342 temporibus
1298 1292 1479 1342 approbata
1488 1293 1558 1327 eius
1568 1293 1752 1329 constantia
1761 1315 1773 1332 ‚
1793 1304 1857 1328 tres
1867 1293 2026 1329 homines
2037 1307 2110 1330 non
2120 1307 2199 1330 im*
2252 1288 2255 1301 ¹

337 1348 459 1383 merito
471 1346 636 1381 valebant.

381 1408 399 1430 2
450 1394 585 1430 Pradixi
594 1392 790 1444 &pradico.)
840 1392 938 1428 Nihil
949 1394 1048 1427 toties
1060 1392 1173 1425 amicae
1188 1394 1225 1426 Sc
1235 1388 1367 1439 placidae
1379 1390 1588 1425 monitiones
1600 1388 1801 1439 profuerant.
1809 1403 1888 1439 ergo
1899 1391 1938 1425 ad
1952 1390 2066 1426 durius
2076 1404 2190 1426 reme-
2233 1385 2257 1414 ’ἦ

333 1442 429 1480 dium
444 1442 473 1479 se
486 1454 663 1479 conuertit:
674 1443 767 1490 quod
776 1445 842 1476 iam
854 1442 920 1476 illis
931 1443 1044 1476 coram
1057 1439 1162 1474 verbis
1173 1442 1318 1474 minatus
1330 1436 1444 1472 fuerat.
1471 1440 1590 1484 Qim
1602 1439 1752 1473 videmus
1768 1452 1845 1474 eum
1857 1451 1925 1474 tam
1960 1437 2066 1474 raecise
2077 1440 2184 1489 agere,

334 1507 378 1528 ne
395 1492 587 1528 dubitemus
598 1492 674 1526 illos
689 1494 811 1525 mirum
823 1493 858 1524 in
870 1491 1009 1525 modum
1023 1489 1207 1524 indomitos
1218 1484 1308 1522 fuisse
1320 1499 1355 1521 ac
1366 1485 1564 1534 praefra&os.
1579 1498 1669 1535 patet
1679 1489 1770 1521 enirn
1793 1500 1830 1522 ex
1841 1490 1910 1523 eius
1936 1489 2051 1536 criptis
2061 1500 2186 1535 quanta
2240 1482 2248 1491 ⁴

335 1542 436 1577 fuerit
444 1541 573 1588 alioqui
585 1539 834 1574 mansuetudine
846 1563 855 1576 ,
875 1541 976 1585 quam
988 1536 1139 1572 indefess‘a
1149 1536 1335 1571 tolerantia.
1355 1535 1476 1569 Verum
1493 1547 1526 1569 vt
1539 1534 1644 1570 multa
1653 1533 1824 1583 ignoscere
1840 1539 1874 1571 δε
1885 1534 2188 1577 sufferre,b0ni‘est
2233 1536 2256 1572 ,ἴ

336 1593 456 1640 patris:
469 1593 513 1624 ita
526 1589 615 1626 stulti
626 1588 670 1623 est
680 1600 717 1622 ac
729 1588 913 1623 liberorum
924 1586 1017 1621 saluti
1029 1584 1115 1620 male
1125 1583 1331 1620 consulentis
1341 1610 1351 1625 ,
1378 1597 1448 1618 non
1460 1583 1613 1618 adhibere
1628 1586 1663 1618 in
1674 1596 1822 1632 tempore
1831 1583 2035 1619 seueritatem
2047 1611 2059 1626 ‚
2070 1589 2103 1620 &
2115 1585 2184 1622 cle·-

335 1641 498 1674 menriam
511 1641 621 1685 rigore
633 1649 823 1685 temperare.
834 1638 917 1670 Satis
927 1637 1126 1683 experimur,
1139 1632 1225 1668 nihil
1236 1632 1296 1668 esse
1305 1631 1519 1680 perniciosius
1529 1630 1682 1666 dilsoluta
1694 1631 1910 1680 indulgentia.
1914 1633 2054 1681 proinde
2066 1633 2189 1669 lenita-

335 1699 368 1723 te
379 1699 522 1724 vtamur‚
533 1689 614 1721 dum
622 1685 713 1723 licet,
726 1689 761 1720 &
771 1685 906 1732 quidem
916 1685 1010 1732 graui
1024 1687 1057 1718 &
1069 1683 1247 1717 moderata:
1262 1681 1432 1719 austerius,
1444 1679 1500 1715 vbi
1510 1678 1634 1715 necesse
1644 1683 1705 1715 erit
1715 1704 1725 1719 ‚
1737 1692 1799 1716 nos
1810 1693 1974 1729 geramus.
1994 1682 2055 1716 Sed
2066 1685 2186 1729 quaeri-

334 1747 389 1771 tut
401 1747 459 1771 cur
469 1734 527 1770 sibi
538 1732 721 1783 permiserit
731 1732 914 1782 Apostolus
926 1734 1054 1780 priuata
1068 1731 1278 1778 quorundam
1290 1729 1410 1764 delicta
1417 1727 1458 1763 fic
1469 1728 1578 1778 palam
1588 1730 1755 1764 traducere
1767 1755 1777 1767 ,
1796 1741 1831 1764 vt
1841 1729 1998 1765 homines
2008 1728 2095 1778 ipsos
2106 1743 2188 1779 pro·

335 1785 522 1834 pemodum
532 1785 640 1831 digito
652 1794 757 1818 notet.
783 1780 999 1829 Respondm,
1009 1792 1183 1827 nunquam
1194 1779 1229 1813 id
1241 1777 1332 1813 fuisse
1346 1776 1510 1813 sarsturum
1524 1776 1546 1812 fi
1559 1776 1690 1812 occulta
1701 1775 1834 1813 fuissent
1845 1779 2106 1826 peccata-verum
2118 1782 2189 1826 quii

311 1852 319 1858 ·
335 1831 509 1869 manifesta
519 1833 618 1867 essent
629 1830 788 1866 omnibus
800 1834 834 1865 &
846 1828 947 1877 vsque
958 1829 998 1863 ad
1012 1826 1236 1877 perniciosum
1251 1825 1442 1875 exemplum
1452 1825 1624 1874 diuulgata
1639 1853 1650 1867 ‚
1665 1839 1735 1860 non
1747 1825 1864 1866 debuit
1873 1825 2046 1861 autoribus
2057 1827 2187 1876 publici

336 1880 534 1917 offendiculi
544 1892 684 1930 parcere.
694 1880 864 1924 Qritur
874 1877 1032 1915 secunde),
1043 1876 1140 1924 quale
1151 1888 1256 1924 genus
1266 1877 1484 1910 correctionis
1495 1874 1705 1910 infinitarum
1716 1873 1744 1909 se
1755 1873 1822 1910 inis
1834 1877 2100 1922 minetur:quum
2111 1888 2187 1911 ver-

335 1929 388 1966 bis
395 1928 543 1964 acerbius
552 1932 607 1963 vix
616 1925 715 1977 poffit
725 1941 783 1963 eos
801 1926 964 1975 castigare.
1001 1927 1076 1974 Ego
1088 1938 1158 1960 non
1168 1924 1287 1960 dubito
1306 1925 1390 1971 quin
1402 1925 1750 1958 excommunicatione
1761 1921 1790 1957 se
1814 1925 2061 1958 vindicaturum
2072 1925 2189 1959 aduer-

335 1977 388 2014 sus
398 1990 455 2013 eos
466 1976 642 2026 intelligat.
656 1977 753 2024 Qd
763 1978 854 2011 enim
866 1977 973 2023 magis
983 1974 1188 2009 horrendum
1198 1975 1301 2021 quam
1312 1970 1446 2007 resecari
1456 1972 1474 2006 ὲ
1486 1971 1609 2006 Christi
1621 1984 1775 2020 corpore,
1788 1985 1826 2006 ex
1836 1984 1941 2021 regno
1952 1973 2020 2006 Dei
2031 1976 2189 2013 extermiss

336 2028 410 2064 nari
422 2030 457 2061 &
468 2027 593 2062 Satanae
603 2026 687 2060 tradi
699 2029 734 2059 in
748 2024 929 2064 excidium,
941 2022 1001 2058 nisi
1011 2020 1171 2070 refipiscas
1179 2024 1194 2055 ?

386 2087 402 2121 3
443 2072 705 2130 Qandoqusdem
715 2074 974 2121 experimentum.)
1024 2070 1162 2118 Duplex
1172 2069 1247 2105 elici
1258 2068 1365 2105 sensus
1375 2069 1481 2118 potest
1491 2081 1528 2103 ex
1539 2068 1590 2103 his
1600 2068 1717 2104 verbis.
1730 2072 1821 2118 prior
1831 2071 1885 2110 est,
1898 2070 2186 2117 Qandoquidem

340 2123 480 2174 probare
491 2123 605 2160 vultis,
624 2120 787 2169 loquarne
796 2122 814 2156 ὲ
825 2118 951 2169 meipso
962 2147 973 2161 ,
998 2133 1040 2155 an
1051 2120 1202 2154 Christus
1213 2131 1272 2167 per
1282 2131 1334 2153 me
1345 2117 1510 2165 loquatur.
1523 2129 1622 2164 atque
1632 2120 1676 2151 ita
1687 2128 1861 2165 exponunt
1872 2117 2129 2164 Chrysostomus
2148 2123 2184 2154 &

335 2171 543 2208 Ambrosius.
557 2171 645 2206 Mihi
658 2182 770 2206 tamen
783 2171 888 2217 magis
899 2168 1004 2218 placet
1016 2171 1061 2203 ita
1068 2170 1174 2216 accipi
1194 2190 1205 2205 ‚
1217 2178 1251 2202 vt
1258 2165 1447 2202 testificetur
1462 2179 1532 2200 non
1542 2178 1610 2200 ram
1621 2166 1659 2200 de
1670 2163 1699 2199 se
1711 2166 1823 2201 haberi
1833 2168 2048 2214 quaestionem
2060 2191 2070 2205 ,
2081 2169 2184 2213 quam

338 2222 380 2256 de
390 2221 526 2264 Christo
537 2222 547 2254 i
575 2217 620 2260 so,
634 2232 741 2267 quum
751 2220 922 2253 autoritati
935 2216 996 2252 suae
1006 2217 1192 2264 derogatur:
1202 2218 1321 2250 tentari
1331 2215 1455 2250 Christi
1466 2217 1674 2262 patientiam,
1686 2227 1792 2261 quum
1803 2214 2001 2263 spernuntur
2011 2214 2073 2250 suae
2083 2216 2184 2251 admo

340 2272 541 2305 nitiones.ac
556 2269 707 2306 idiceret,
718 2267 869 2303 Christus
880 2266 923 2301 est
935 2268 994 2313 qui
1003 2278 1060 2314 per
1071 2278 1125 2299 me
1134 2264 1404 2311 loquiturzquum
1414 2275 1493 2310 ergo
1504 2275 1612 2297 meam
1621 2263 1809 2298 doctrinam
1819 2266 1981 2299 reuocatis
1992 2264 2031 2298 ad
2040 2264 2183 2300 vestrum
2213 2276 2216 2279 ¹
2264 2274 2265 2295 ι

339 2331 478 2354 examen
487 2341 496 2355 ‚
527 2330 597 2353 non
609 2329 674 2351 ram
688 2316 771 2352 mihi
782 2317 884 2363 quarn
896 2314 947 2349 illi
957 2314 1063 2349 facitis
1074 2316 1242 2349 iniuriam.
1254 2314 1316 2347 Sed
1327 2311 1466 2347 obiicier
1478 2309 1642 2359 quispiam
1653 2334 1662 2348 ‚
1681 2312 1800 2358 Qid?
1813 2312 1935 2360 ergone
1947 2311 2083 2347 fimulac
2092 2310 2183 2358 quis—

338 2379 406 2415 que
417 2369 589 2403 iactauerit
598 2366 770 2401 Christum
781 2363 808 2399 sc
822 2363 940 2399 habere
952 2375 1102 2397 autorem
1115 2386 1125 2400 ‚
1137 2364 1299 2397 eximetur
1308 2360 1349 2395 ab
1359 2363 1456 2395 omni
1469 2359 1667 2407 probatione
1679 2362 1749 2394 eius
1760 2361 1912 2395 doctrina
1923 2365 1938 2394 ?
1957 2365 1991 2395 δι
2003 2363 2079 2407 quis
2086 2358 2185 2409 pseu-

338 2415 550 2464 dopropheta
559 2415 625 2449 hoc
636 2428 706 2449 non
717 2412 864 2448 iactabit?
877 2412 969 2459 quod
980 2414 1081 2460 igitur
1092 2413 1152 2446 erit
1162 2409 1338 2445 discrimen
1351 2411 1420 2444 veri
1430 2413 1465 2444 &
1476 2407 1555 2443 falfi?
1568 2412 1601 2443 &
1619 2407 1673 2442 vbi
1684 2419 1764 2442 tunc
1775 2411 1834 2443 erit
1845 2407 1926 2443 illud
1937 2435 1948 2450 ‚
1963 2407 2106 2444 Probare
2114 2409 2183 2457 spi—

340 2466 423 2500 ritus
435 2464 591 2510 nunquid
608 2475 646 2497 ex
658 2463 735 2496 Deo
746 2460 821 2496 sint?
834 2461 965 2495 Omnes
975 2459 1137 2494 eiusmodi
1149 2458 1357 2494 obieffiones
1368 2459 1529 2504 anticipat
1538 2455 1658 2490 Paulus
1668 2480 1678 2494 ,
1700 2469 1806 2503 quum
1816 2455 1990 2492 Christum
2001 2457 2081 2493 dicit
2091 2454 2184 2492 fuisse

342 2510 511 2547 efficacem
522 2515 557 2546 in
570 2510 635 2546 illis
645 2523 702 2559 per
714 2509 808 2545 suum
820 2510 1052 2544 ministerium.
1076 2509 1300 2543 Coniunctim
1317 2509 1406 2542 enim
1416 2506 1485 2541 haec
1495 2504 1634 2552 legenda
1642 2502 1716 2540 sunt
1726 2518 1734 2538 :
1745 2502 1854 2552 Christi
1863 2508 1895 2538 in
1904 2518 1952 2540 me
1962 2507 2122 2551 loquentis:
2134 2509 2186 2543 &z

342 2560 411 2610 Q
419 2563 452 2593 in
462 2559 662 2608 vobis-potens
672 2557 782 2597 ethnon
791 2559 937 2605 infirmus,
948 2557 1013 2591 hoc
1024 2555 1126 2594 sensu,
1138 2555 1288 2591 Christus
1299 2553 1387 2590 suam
1399 2567 1473 2602 erga
1484 2566 1542 2588 vos
1552 2555 1740 2601 potentiam
1752 2555 1914 2589 exerendo
1925 2556 1962 2589 in
1974 2567 2046 2589 mea
2055 2555 2182 2590 doetri-
2232 2571 2247 2589 s

344 2621 400 2646 na,
414 2607 443 2642 se
454 2621 511 2656 per
522 2621 558 2642 os
570 2620 683 2643 meum
694 2607 789 2654 loqui
798 2606 929 2641 testatus
940 2606 996 2640 est:
1005 2615 1040 2639 vt
1049 2606 1246 2652 ignorantiae
1255 2603 1348 2639 nulla
1357 2602 1453 2638 vobis
1462 2601 1498 2637 fit
1509 2598 1683 2637 excusatio.
1703 2602 1864 2637 Videmus
1874 2613 1909 2636 νε
1919 2615 1989 2637 non
2001 2605 2099 2638 §aeret
2109 2615 2183 2637 ver-

341 2654 393 2690 bis
406 2657 547 2695 tantum,
562 2655 613 2691 sed
623 2655 727 2704 reipsa
736 2654 853 2703 probet
863 2654 1034 2689 Christum
1051 2656 1086 2687 in
1097 2653 1126 2687 se
1137 2652 1244 2700 loqui:
1256 2656 1292 2687 δε
1304 2651 1503 2687 Corinthios
1515 2653 1606 2698 prius
1616 2652 1798 2685 conuincat
1816 2673 1827 2688 ,
1839 2651 1940 2697 quam
1950 2650 1990 2685 ab
2000 2650 2067 2685 illis
2081 2649 2182 2687 fidem
2238 2686 2241 2692 ,

343 2703 403 2741 fibi
414 2703 525 2739 haberi
537 2704 689 2752 postulet.
698 2703 847 2751 quisquis
858 2715 936 2750 ergo
948 2701 1104 2749 loquetur
1115 2703 1150 2736 in
1163 2699 1544 2748 Ecclcfia,qualicunque
1555 2699 1584 2734 se
1595 2697 1696 2733 titulo
1706 2697 1979 2739 venditet‚licebir
1989 2699 2030 2733 de
2039 2700 2108 2733 eius
2119 2700 2182 2735 do·-

343 2755 451 2789 &rina
462 2755 639 2800 inquirere,
648 2754 755 2788 donec
766 2750 795 2786 se
811 2755 845 2786 in
858 2764 894 2785 ea
904 2749 1092 2799 patefecerit
1102 2749 1264 2784 Christus.
1283 2762 1392 2796 neque
1403 2751 1447 2782 ira
1460 2748 1500 2782 de
1510 2747 1644 2782 Christo
1655 2773 1666 2788 ,
1678 2746 1728 2781 sed
1738 2747 1777 2782 de
1787 2746 1927 2782 homine
1937 2747 2101 2781 iudicium
2113 2746 2182 2784 fiet.
2233 2783 2240 2794 ‚

345 2803 405 2836 Sed
417 2801 471 2836 vbi
482 2801 609 2836 constat
617 2803 680 2835 Dei
692 2800 831 2835 verbum
841 2798 901 2834 effe
910 2799 1002 2846 quod
1012 2797 1187 2847 profertur:
1198 2797 1283 2832 valet
1293 2797 1360 2832 hoc
1370 2797 1461 2844 quod
1470 2797 1550 2831 dicit
1559 2793 1790 2836 Paulus‚fidem
1801 2794 1860 2843 ipsi
1870 2797 1944 2830 Deo
1954 2794 2182 2844 abrogari.Ea-

344 2851 421 2885 dem
435 2849 556 2884 fiducia
565 2848 693 2884 dicebat
704 2847 921 2895 Moses,Qid
934 2845 1045 2882 sumus
1057 2859 1121 2894 ego
1131 2857 1186 2881 aut
1195 2847 1309 2881 Aaron
1321 2853 1329 2879 ἓ
1341 2859 1401 2879 vos
1410 2847 1521 2879 Deum
1533 2846 1677 2879 tentatis.
1687 2841 1848 2881 Similiter
1855 2843 1981 2884 Iesaias,
1993 2846 2047 2878 An
2059 2856 2179 2892 parum

347 2943 746 2996 giuersationilocus‚hoc
755 2944 929 2993 patefacio.
941 2941 1198 2979 ministrumeffe
1207 2944 1271 2977 Dei
1282 2945 1340 2989 qni
1352 2942 1520 2989 loquitur,
1537 2944 1571 2975 δέ
1580 2938 1718 2974 fideliter
1729 2938 1880 2974 officium
1891 2938 2004 2977 facere.
2014 2941 2130 2975 Redeo
2141 2941 2181 2976 ad

348 2996 500 3032 Paulum.
512 3007 619 3042 quum
628 3005 717 3028 tanta
728 2991 834 3029 fuiffet
844 2993 1016 3028 ministerii
1028 2995 1098 3027 eius
1106 2991 1305 3040 approbatio
1315 2990 1401 3038 apud
1412 2988 1610 3024 Corinthios
1621 3015 1632 3029 ‚
1650 2990 1685 3021 in
1697 3000 1767 3035 quo
1776 2989 1946 3023 Dominus
1959 2987 1988 3023 se
1998 2988 2108 3037 palam
2123 2989 2183 3023 de-

349 3045 587 3081 monstrauerat
598 3055 605 3076 :
617 3055 690 3082 non
698 3045 820 3076 mirum
832 3040 853 3076 fi
865 3052 931 3076 tam
943 3041 1081 3088 indigne
1090 3040 1170 3075 ferat
1181 3039 1238 3075 fibi
1249 3037 1439 3074 refisti.1ure
1449 3037 1586 3085 quidem
1598 3035 1655 3072 suo
1671 3035 1866 3084 exprobrare
1876 3035 1942 3073 illis
1956 3039 2068 3085 potuit
2087 3035 2182 3084 quod

348 3091 524 3142 exprobrat
539 3105 548 3126 ι
559 3090 694 3126 rebelles
705 3089 827 3134 scilicet
835 3087 895 3124 effe
903 3087 1049 3124 Christo.

360 3145 365 3148 '
473 3140 515 3175 N
516 3152 567 3174 am
574 3142 708 3184 qnaenm's
715 3137 963 3184 mcfixnsfiait.)
1011 3139 1097 3172 Data
1107 3149 1207 3185 opera
1217 3137 1255 3171 de
1265 3135 1453 3173 abieffione
1465 3135 1590 3170 Christi
1600 3132 1761 3181 loquutus
1771 3133 1827 3173 est,
1834 3144 1868 3167 vt
1880 3131 2097 3168 subindicaret
2107 3147 2180 3169 non

351 3189 441 3224 aliud
452 3192 488 3224 in
497 3188 527 3224 se
535 3184 668 3236 despici,
679 3188 780 3234 quarn
791 3187 882 3233 quod
891 3188 927 3220 in
937 3183 1008 3232 ipso
1019 3187 1118 3219 etiam
1127 3185 1260 3220 Christo
1270 3183 1432 3233 despicere
1443 3194 1638 3232 promptum
1653 3180 1745 3218 effer,
1766 3195 1872 3228 quum
1884 3185 2071 3217 exinanitus
2083 3182 2181 3217 fuerit

134 3248 239 3287 'philip
251 3252 331 3277 κισ.
350 3236 449 3285 vsque
460 3239 500 3272 ad
510 3248 654 3272 mortem
667 3239 782 3270 crucis.
793 3232 918 3269 vertum
928 3231 1026 3268 simul
1035 3234 1177 3268 ostendit
1186 3235 1288 3281 quam
1299 3231 1473 3268 absurdum
1485 3231 1521 3266 fit
1530 3233 1636 3267 crucis
1647 3229 1874 3265 humilitatem
1885 3233 1921 3265 in
1931 3231 2066 3265 Christo
2075 3228 2181 3277 despi-

348 3298 431 3322 cere,
445 3298 517 3332 quae
526 3285 708 3320 coniuncta
720 3283 757 3318 sit
769 3295 846 3318 cum
856 3281 1112 3329 incomparabili
1121 3279 1368 3318 resur-rectionis
1378 3281 1484 3330 gloria
1494 3278 1554 3315 acfi
1564 3280 1697 3316 diceret,
1708 3281 1764 3313 An
1774 3279 1849 3312 ideo
1861 3281 2002 3314 minoris
2011 3278 2185 3314 aestimabi-

349 3345 402 3368 tur
412 3334 432 3368 a
441 3333 535 3368 vobis
547 3332 711 3370 Christus.
729 3332 823 3379 quod
834 3327 1062 3366 infirmitatem
1074 3341 1183 3365 morte
1195 3329 1249 3365 sua
1260 3343 1323 3378 prae
1340 3328 1370 3364 se
1382 3328 1512 3364 tulerit?
1523 3326 1612 3375 quasi
1621 3327 1700 3361 vero
1712 3326 1843 3362 caelestis
1857 3329 1927 3362 eius
1938 3330 2002 3361 vita
2013 3350 2024 3365 ,
2034 3337 2100 3372 qua
2108 3326 2182 3373 post

346 3380 618 3418 resurrestionem
628 3383 713 3417 viuit
721 3405 731 3421 ‚
743 3381 876 3416 Diuinae
885 3381 954 3414 eius
964 3380 1094 3414 virtutis
1105 3391 1176 3414 non
1189 3378 1225 3414 sit
1235 3377 1445 3423 luculentum
1456 3375 1633 3427 specimen.
1657 3375 1747 3411 Nam
1759 3375 1840 3413 ficut
1849 3387 1926 3413 caro
1934 3374 1990 3415 hic
1998 3373 2183 3458 hung-:aguas

2092 3459 2094 3461 ,
2121 3433 2144 3456 n
2174 3436 2189 3461 ,ι
