2268 3705
644 55 754 122 AD
803 74 1198 130 THESSALss
1245 82 1422 132 CAPe
1463 89 1493 133 1.
1868 113 1936 150 441

100 148 218 196 ῃηῐξο,
227 147 293 185 hoc
302 146 448 196 perinde,
458 157 536 181 meo
546 146 684 188 iudicio,
696 146 783 183 valet
795 159 896 195 atque
906 153 947 184 ln
956 153 1109 198 potentia
1117 153 1259 200 Spiritus
1271 154 1385 194 sancii,
1397 168 1433 191 vt
1443 160 1605 205 posterius
1618 164 1656 198 ad
1667 167 1788 212 prioris
1804 169 1950 209 declara*

72 236 74 239 .
106 201 235 233 tionem
247 196 284 232 sit
295 197 454 231 additum.
467 195 645 230 Certitudo
656 208 758 242 quam
770 199 868 231 tertio
878 198 956 233 loco
966 201 1078 247 ponit,
1087 200 1141 236 vel
1150 203 1187 237 in
1196 213 1230 236 re
1241 201 1306 237 fuit
1319 227 1330 241 ,
1342 205 1394 239 vel
1407 208 1443 240 in
1454 207 1792 250 Thellalonicensiurn
1812 218 1946 257 affeetu.

105 247 192 293 Ergo
203 248 308 294 magis
318 245 426 279 notari
437 254 531 291 puto,
543 243 636 290 quod
646 242 758 279 solidis
768 249 974 293 argumentis
986 246 1150 284 sancitum
1159 249 1258 285 fuerit
1267 251 1337 287 illic
1348 254 1439 288 Pauli
1447 257 1679 304 Euangelium:
1688 263 1747 296 acsi
1761 266 1851 301 Deus
1866 270 1882 302 ὲ
1893 282 1949 314 ες-

104 294 141 329 lo
154 295 334 329 ostenderet
343 303 447 326 ratam
459 290 518 326 fibi
529 290 588 326 esse
598 305 715 327 eorum
726 295 957 330 vocationemi
993 297 1113 343 Quum
1124 310 1236 334 autem
1248 300 1369 336 Paulus
1380 306 1415 337 in
1436 305 1586 339 medium
1598 320 1794 355 argumenta
1808 323 1946 361 profert,

104 342 227 390 quibus
237 338 789 376 eleekionetri-Theillilonicenfium
801 340 933 389 prorsus
942 344 1108 379 Diuinam
1120 346 1181 381 effe
1190 351 1311 383 certior
1321 348 1426 386 factus
1437 352 1578 388 eratzhac
1588 356 1759 394 occasione
1772 360 1869 397 simul
1883 370 1942 400 cd-

102 390 211 425 mgdat
220 388 313 424 suum
325 389 559 425 ministerium,
573 401 609 423 vt
619 389 679 436 ipsi
689 403 827 437 quoque
835 389 1016 438 agnoscant
1029 405 1106 427 cum
1123 398 1158 429 δε
1170 395 1505 444 collegas‚Diuinitus
1516 401 1608 437 fuisse
1618 408 1942 456 excitatos.Qidam

100 437 160 473 sub
171 441 309 472 potentia
320 439 460 472 nomine
471 436 629 471 miracula
639 438 843 486 intelligunt.
859 441 930 486 Ego
942 439 1040 474 latius
1050 443 1209 481 extendo,
1226 446 1266 479 ad
1275 444 1477 493 spiritualem
1489 451 1648 488 doetrinae
1660 467 1840 502 energiam.
1852 461 1942 496 Nam

74 492 80 498 .
100 497 136 523 vt
144 488 179 520 in
190 487 299 533 priore
307 486 347 519 ad
356 485 557 521 Corinthios
568 486 712 533 Epistola
722 486 915 528 habuimus,
929 501 1000 522 earn
1011 485 1155 525 sermoni
1165 492 1286 527 Paulus
1296 500 1460 543 opponit:
1474 509 1633 546 tanquam
1645 505 1757 537 viuani
1768 505 1836 539 Dei
1847 513 1943 548 vocc',

100 538 137 570 βε
157 545 234 568 cum
248 531 364 569 effectu
377 536 595 569 coniundhim
608 558 618 574 ,
641 537 734 569 inani
746 539 779 569 δε
792 547 932 570 mortua:
940 537 1121 573 hominum
1133 538 1305 576 facundiae.
1326 540 1525 581 Notandum
1536 560 1647 584 autem
1656 552 1719 591 est,
1739 551 1942 593 electionem

96 584 161 619 Dei
171 595 243 629 quae
253 581 350 629 perse
359 580 550 617 abscondita
561 581 617 620 est,
630 581 693 617 suis
706 586 796 617 notis
806 584 966 631 patefieri,
983 587 1063 620 dum
1077 600 1157 621 oues
1173 590 1315 635 perditas
1324 593 1366 625 ad
1375 592 1404 626 le
1415 594 1548 641 colligit
1557 620 1567 634 ,
1583 602 1617 631 ὅ(
1631 603 1722 646 gregi
1734 599 1794 635 suo
1815 606 1940 640 coadu-

84 642 170 670 nat,
190 630 349 679 vagisque
360 636 395 665 δε
405 630 522 667 alienis
532 643 670 665 manum
692 633 844 681 porrigit.
865 645 966 680 qnare
977 635 1058 669 hinc
1067 637 1208 682 petenda
1218 637 1394 674 elee'tionis
1420 646 1541 676 notitia
1553 644 1606 678 est.
1618 648 1783 684 Caeterum
1795 662 1830 685 vt
1848 665 1940 688 arca-

85 692 178 715 ,num
190 681 255 714 Dei
264 677 440 714 confilium
451 702 462 718 ‚
488 681 702 714 vocationem
712 682 781 714 cius
801 680 1050 729 negligentibus
1064 683 1274 729 labyrinthus
1296 688 1359 725 est,
1372 690 1417 722 ita
1430 690 1578 737 peruerse
1592 693 1719 731 faciunt
1731 700 1790 744 qui
1802 698 1879 734 fidei
1902 706 1939 737 ὃ(

91 730 282 763 vocationis
292 739 449 776 ptaetextu
461 726 636 763 obscurant
652 731 795 776 primam
806 728 898 763 illam
909 733 1050 778 gratiam
1079 733 1164 766 vnde
1178 745 1289 768 manat
1300 735 1367 782 ipsa
1381 736 1470 771 fides.
1483 739 1560 772 Fide
1574 766 1584 780 ,
1605 745 1785 789 inquiunt,
1798 747 1936 785 salutern

29 774 35 790 “·
84 773 346 823 consequimur:
365 789 398 810 ei·
423 789 444 810 o
453 775 547 811 nulla
556 776 601 810 est
610 787 728 811 aeterna
737 778 801 810 Dei
812 778 1053 824 praedestinatio
1071 792 1144 826 quae
1152 794 1214 815 nos
1223 782 1241 815 a
1252 783 1401 830 reprobis
1412 785 1581 822 discernat.
1606 791 1745 827 Perinde
1757 794 1817 829 acii
1844 800 1936 832 dice-

70 841 75 844 ·
90 837 157 864 tet,
181 826 227 860 Ex
238 823 302 859 fide
320 826 363 859 est
373 789 474 859 salus:
496 837 575 873 ergo
586 824 678 859 nulla
699 825 743 859 est
751 826 814 858 Dei
824 828 928 873 gratia
949 840 1021 874 quae
1033 841 1096 862 nos
1110 830 1145 863 in
1159 828 1258 864 fidem
1269 830 1448 868 illuminet.
1466 836 1564 882 Qin
1581 841 1694 883 potius
1705 864 1715 878 ‚
1738 853 1772 876 vt
1784 848 1934 881 coniun-

22 878 35 901 ς
89 877 126 923 gi
135 873 255 908 elestio
265 876 407 920 gratuita
416 885 494 907 cum
505 875 684 907 vocatione
693 873 789 907 debet
799 899 809 911 ‚
820 884 980 921 tanquam
991 887 1069 910 cum
1081 876 1139 911 suo
1149 876 1288 913 effectu:
1311 883 1356 915 ita
1366 888 1547 929 primatum
1566 886 1701 920 interim
1712 893 1852 926 retineat
1873 908 1934 929 nc·

90 920 232 958 cesseest.
251 921 450 956 Particulam
456 920 740 969 x‘semiconiungasne
751 934 829 956 cum
840 926 1018 972 participio
1028 924 1154 962 Dileeti
1163 951 1174 966 ,
1185 938 1227 960 an
1239 939 1318 963 cum
1327 933 1470 966 nornine
1479 932 1662 969 Ele-&ionis
1672 959 1682 975 ‚
1693 949 1811 984 parum
1828 943 1933 977 inter-

89 963 135 1006 e'st
146 970 258 1018 quoad
269 969 410 1005 sensum.

135 1029 151 1064 5
200 1018 471 1067 Qmadmodum
480 1015 579 1060 nostis,
592 1021 670 1062 &c.)
708 1019 813 1054 Nunc
821 1018 900 1053 Paul
904 1032 941 1070 tis
952 1022 1021 1068 agit
1029 1023 1121 1069 quod
1124 1025 1223 1105 fprins
1233 1025 1314 1063 dixi,
1325 1036 1360 1059 vt
1370 1025 1483 1063 iisdem
1494 1030 1627 1067 adduffi
1639 1034 1826 1071 rationibus
1840 1037 1939 1074 Thes

77 1065 315 1104 salonicenses,
327 1080 397 1101 non
409 1066 564 1102 dubitent
574 1066 603 1101 se
613 1069 717 1102 a'Deo
728 1066 851 1102 ele6t0s
863 1068 934 1101 esse.
946 1071 1035 1104 Nam
1047 1070 1114 1105 hoc
1139 1083 1229 1106 uetat
1239 1073 1308 1108 Dei
1321 1074 1497 1112 confilium
1509 1080 1544 1112 in
1556 1082 1707 1116 ornando
1719 1084 1809 1118 Pauli
1824 1090 1930 1122 mini-

85 1117 194 1154 sterio,
206 1127 240 1150 vt
249 1115 455 1151 manifestam
466 1113 533 1149 illis
542 1113 659 1150 faceret
670 1115 760 1150 suam
771 1116 1000 1162 adoptionem.
1011 1119 1088 1153 Ideo
1101 1120 1276 1167 postquam
1286 1122 1369 1156 dixit
1379 1124 1455 1160 illos
1467 1124 1546 1160 scire
1557 1128 1668 1174 quales
1679 1129 1811 1167 fuissent
1821 1156 1831 1171 ‚
1843 1146 1928 1170 con-

82 1167 182 1199 tinuo
191 1164 265 1213 pbst
275 1165 375 1202 addit,
387 1163 486 1198 talem
498 1164 526 1197 sc
537 1161 628 1198 fuisse
638 1176 753 1200 eornm
765 1164 868 1198 causa:
878 1176 948 1210 quo
962 1164 1121 1212 significat
1131 1179 1243 1202 totum
1255 1170 1322 1204 hoc
1331 1169 1423 1207 fuisse
1433 1174 1498 1210 illis
1508 1176 1673 1214 datum,vt
1684 1180 1775 1213 cetto
1786 1182 1927 1229 persuasi

85 1211 185 1249 essent
194 1215 299 1247 amari
308 1211 337 1247 se
347 1215 366 1247 a
376 1214 462 1249 Deo,
474 1224 511 1246 ac
524 1225 640 1246 eorum
653 1212 772 1246 eletffio
786 1223 872 1245 extra
882 1214 1142 1249 controuersiam
1151 1214 1238 1250 esser.

93 1283 100 1288 ,
132 1269 163 1300 -6
217 1269 264 1302 Ee
270 1275 338 1301 vos
345 1263 535 1301 imitatores
546 1259 739 1314 nfstrififfl
748 1261 823 1315 estis
834 1259 874 1306 ἀ
887 1255 1033 1302 Domini
1042 1292 1054 1310 ‚
1067 1263 1346 1318 dtamfirmonem
1357 1269 1510 1324 amplexi
1526 1272 1601 1324 estis
1610 1277 1650 1314 in
1659 1274 1917 1326 tribulatione,

76 1317 204 1366 Tmulta,
216 1332 291 1356 cum
293 1317 422 1373 gaudio
435 1319 573 1373 Spiritus
574 1314 703 1369 sanai:
1349 1344 1351 1346 v
1940 1357 1942 1359 ,

79 1368 82 1372 ⁸
134 1389 162 1426 7
223 1383 279 1414 lta
290 1384 335 1412 vt
340 1373 473 1424 fueritis
484 1371 692 1427 exemplaria
701 1369 859 1419 omnibus
866 1371 1075 1414 credentibus
1086 1378 1126 1414 in
1135 1378 1367 1418 macedonia
1379 1381 1420 1427 dy
1430 1380 1570 1424 Achaia,

131 1433 155 1470 8
217 1435 282 1470 (Λ
304 1427 406 1469 vobis
415 1432 510 1468 enim
511 1427 687 1484 persbnuit
691 1427 804 1482 sermo
814 1433 982 1469 Domini:
1010 1445 1073 1469 nec
1080 1435 1120 1470 in
1132 1435 1337 1474 Macedonia
1355 1436 1493 1477 tantam
1506 1440 1545 1485 ὠ
1556 1444 1595 1480 in
1602 1443 1764 1487 cAchaia
1786 1478 1796 1495 ,
1802 1448 1871 1504 sed
1878 1467 1920 1493 e-

73 1491 165 1528 tiam
173 1492 213 1528 in
227 1488 322 1525 omni
329 1484 398 1525 loco
402 1483 502 1538 fides
509 1484 622 1538 vestra
637 1498 708 1538 quae
717 1487 757 1524 in
767 1490 881 1526 Deum
890 1484 1118 1536 tstmanauit:
1128 1491 1178 1528 ita
1192 1499 1239 1527 vt
1243 1504 1316 1529 non
1324 1503 1408 1546 opus
1419 1491 1603 1536 habeamus
1614 1503 1796 1555 quicquam
1804 1506 1910 1561 loqui.

120 1546 144 1578 6
193 1544 238 1576 Ec
247 1554 303 1575 vos
312 1543 508 1585 imitatores.)
561 1541 603 1574 Vt
615 1539 680 1573 illis
690 1539 765 1587 plus
777 1538 953 1576 alacritatis
964 1542 1235 1583 addat,mutuum
1249 1547 1447 1583 consensum
1460 1553 1494 1585 ὃς
1505 1553 1595 1598 quasi
1605 1554 1816 1594 harmoniam
1833 1575 1917 1608 prae.

72 1593 161 1628 dicat
172 1594 258 1626 inter
267 1587 357 1624 suam
369 1589 638 1637 praedicationern
650 1592 684 1622 &
696 1599 814 1622 eorum
823 1587 1008 1624 fidemNisi
1021 1594 1113 1625 enim
1122 1593 1197 1637 Deo
1208 1593 1424 1641 respondeant
1435 1598 1606 1643 homines,
1621 1603 1734 1639 nullus
1745 1608 1917 1654 profe—etus

71 1639 228 1687 sequetur
235 1651 274 1674 ex
283 1637 394 1673 oblata
402 1638 515 1684 gratia.
526 1648 598 1670 non
610 1635 701 1682 quod
714 1648 752 1670 ex
760 1633 867 1685 seipsis
878 1639 911 1672 id
919 1636 1053 1686 poffint,
1067 1637 1119 1674 sed
1126 1643 1205 1687 quia
1218 1642 1322 1684 Deus,
1335 1655 1369 1678 vt
1381 1643 1517 1683 salutem
1527 1651 1672 1686 nostram
1683 1655 1832 1695 inchoat,
1851 1672 1917 1696 nos

71 1688 240 1724 vocando:
250 1690 296 1722 ita
302 1683 444 1735 perficit,
455 1684 554 1719 corda
563 1685 675 1718 nostra
686 1683 863 1720 formando
874 1688 909 1723 in
920 1686 1158 1725 obedientiam.
1168 1691 1308 1724 Summa
1316 1704 1395 1740 ergo
1406 1695 1450 1728 est
1468 1719 1478 1733 ,
1491 1698 1584 1742 quod
1593 1701 1728 1736 Diuinae
1738 1703 1915 1745 electionis

67 1737 301 1772 testimonium
312 1733 497 1769 non-modo
508 1735 543 1767 in
552 1732 645 1767 Pauli
655 1734 838 1770 ministerio
847 1738 1047 1782 apparuerit,
1059 1750 1099 1771 eo
1109 1737 1203 1783 quod
1213 1740 1356 1785 Spiritus
1366 1739 1470 1777 saneti
1480 1747 1603 1781 virtute
1614 1747 1713 1783 fuerit
1723 1755 1912 1798 Ptaeditum:

69 1783 124 1822 sed
133 1787 170 1820 in
179 1781 519 1819 Thess'alonicensium
530 1794 667 1828 quoque
677 1780 751 1820 fide,
761 1794 797 1816 vt
807 1782 876 1818 haec
888 1782 1107 1819 conformitas
1114 1784 1217 1820 solida
1231 1786 1269 1820 fit
1278 1786 1369 1823 illius
1378 1790 1587 1838 approbatio.
1598 1797 1692 1831 Dicit
1702 1806 1912 1842 autemdmi..

68 1845 191 1868 satores
197 1834 263 1867 Dei
273 1835 308 1866 &
319 1830 421 1866 nostri
432 1829 536 1865 fuistis
554 1853 564 1867 ,
576 1843 645 1876 quo
655 1828 746 1865 sensu
756 1831 876 1865 dicitur
886 1830 1054 1867 credidisse
1069 1834 1216 1881 populus
1227 1835 1305 1872 Deo
1318 1841 1351 1871 δε
1363 1839 1451 1873 Mosi
1463 1839 1556 1876 seruo
1567 1846 1647 1879 eius.
1658 1859 1740 1881 'uon
1754 1851 1846 1894 quod
1856 1854 1911 1888 di-

66 1881 198 1917 uersum
208 1880 336 1928 aliquid
344 1881 446 1915 aDeo
460 1878 637 1914 habuerint
646 1878 766 1914 Paulus
776 1883 810 1914 δε
821 1878 942 1918 Moses,
951 1878 1003 1914 sed
1010 1883 1089 1926 quia
1098 1882 1252 1930 potenter
1261 1896 1318 1932 per
1330 1899 1386 1921 eos
1396 1900 1549 1936 operatus
1564 1893 1619 1929 est,
1630 1904 1790 1941 tanquam
1804 1904 1908 1936 mini-

65 1931 147 1965 stros
159 1933 196 1964 &
206 1941 341 1977 organa.
390 1930 476 1962 Dum
485 1929 623 1975 amplexi
634 1925 709 1969 estis.
761 1928 1000 1978 Promptitudo
1020 1932 1204 1977 recipiendi
1215 1933 1389 1981 Euangelij
1410 1963 1421 1974 ‚
1431 1939 1578 1974 imitatio
1590 1942 1654 1974 Dei
1665 1955 1814 1980 vocatur:
1827 1953 1907 1995 quia

62 1973 162 2013 sicuti
170 1980 262 2012 Deus
273 1975 451 2011 liberaliter
461 1975 490 2010 se
502 1973 844 2011 Thessalonicensibus
853 1976 1030 2014 obtulerat,
1040 1977 1083 2012 fic
1096 1977 1146 2014 illi
1158 1978 1348 2016 voluntarie
1358 1995 1580 2022 occurrerant.
1591 1989 1904 2042 Dicit,Cumgaudj0

64 2027 198 2074 Spiritus
205 2026 325 2070 santii,
344 2024 380 2059 vvt
389 2022 529 2060 sciamus
539 2037 610 2063 non
620 2023 766 2072 impulsu
785 2027 890 2059 carnis
900 2049 910 2064 ‚
929 2036 986 2062 aut
995 2027 1136 2073 propriae
1149 2037 1273 2063 naturae
1282 2030 1442 2066 instinctu
1453 2045 1630 2083 promptos
1646 2042 1680 2072 &
1694 2039 1814 2077 alacres
1832 2044 1905 2081 fote

63 2075 222 2110 homines
232 2075 270 2108 ad
281 2072 532 2120 obsequendum
542 2075 630 2110 Deo,
640 2072 692 2107 sed
701 2072 768 2107 hoc
777 2072 837 2107 effe
847 2086 933 2120 opus
943 2075 1086 2121 Spiritus
1095 2076 1170 2109 Dei.
1185 2076 1434 2114 Circunstantia
1443 2081 1523 2120 haec,
1534 2084 1628 2130 quod
1637 2088 1672 2120 in
1683 2088 1904 2129 tribulatione

64 2123 172 2159 multa
191 2121 418 2158 nihilominus
427 2122 572 2169 amplexi
582 2120 705 2159 fuerint
714 2121 935 2169 Euangelium
951 2146 961 2160 ,
971 2122 1011 2156 ad
1020 2122 1318 2170 amplificationem
1330 2125 1418 2162 facit.
1434 2131 1593 2167 Videmus
1603 2137 1695 2169 enim
1714 2141 1901 2184 permultos

64 2175 136 2207 non
145 2170 275 2218 alioqui
285 2170 413 2205 alienos
423 2169 463 2204 ab
473 2168 668 2217 Euangelio,
679 2171 738 2215 qui
749 2180 861 2208 tamen
872 2173 979 2208 crucis
991 2182 1083 2206 metu
1092 2175 1208 2211 territi,
1218 2172 1400 2221 refugiunt.
1410 2177 1502 2226 Ergo
1513 2183 1572 2226 qui
1600 2183 1764 2231 intrepide
1775 2190 1902 2225 instan-

62 2231 111 2255 tes
120 2218 318 2258 afflietiones
327 2231 406 2254 cum
415 2218 598 2266 Euangelio
609 2217 766 2265 amplecti
780 2231 852 2253 non
860 2219 1025 2257 dubitant,
1039 2219 1229 2267 praeclarum
1240 2227 1525 2269 magnanimitatis
1537 2229 1702 2276 specimen
1713 2236 1748 2269 in
1761 2248 1800 2269 eo
1811 2239 1897 2274 edat,

60 2271 174 2315 Atque
185 2267 266 2304 hinc
275 2267 393 2303 melius
409 2270 536 2303 constat
546 2267 648 2313 quam
658 2263 871 2301 necessarium
890 2265 928 2301 sit
935 2269 1097 2315 Spiritum
1114 2267 1171 2303 hic
1182 2269 1282 2304 nobis
1298 2273 1467 2319 opitulari.
1479 2276 1702 2325 Euangelium
1714 2286 1804 2318 enim
1822 2299 1842 2320 n
1850 2300 1897 2322 on

59 2318 123 2351 rite
132 2328 194 2352 nec
204 2315 336 2357 sincere,
346 2314 407 2351 nisi
416 2315 492 2351 laeto
503 2318 631 2353 animo,
646 2317 749 2363 recipi
761 2316 878 2365 potest.
890 2317 995 2363 Atqui
1004 2316 1092 2353 nihil
1102 2320 1208 2366 magis
1219 2320 1360 2366 ingenio
1369 2323 1484 2358 nostro
1493 2326 1675 2369 aduersum,
1686 2331 1787 2376 quam
1799 2335 1835 2368 in
1846 2334 1898 2369 af-

61 2363 273 2401 flictionibus
282 2365 433 2412 gaudete.
558 2391 570 2402 ,
1888 2412 1890 2414 q

106 2424 131 2459 7
181 2415 234 2448 Ita
243 2414 431 2458 vtfheritis.)
465 2410 576 2447 Altera
585 2411 804 2461 amplificatio
816 2436 826 2451 ,
838 2413 930 2461 quod
939 2411 997 2448 suo
1008 2414 1162 2463 exemplo
1171 2413 1281 2451 fideles
1291 2429 1428 2465 quoque
1439 2428 1709 2466 prouocauen'nt,
1720 2427 1787 2464 hoc
1797 2434 1890 2467 enim

58 2474 222 2510 magnum
232 2462 288 2502 est,
303 2461 345 2496 sic
355 2472 548 2509 praecurrere
557 2474 613 2496 eos
623 2463 682 2510 qui
690 2464 778 2495 viam
789 2465 881 2509 prius
892 2460 1023 2509 ingreffi
1034 2475 1144 2503 erant,
1169 2475 1203 2498 vt
1214 2463 1279 2499 illis
1289 2465 1389 2500 simus
1400 2469 1596 2505 adiumento
1609 2474 1647 2507 ad
1666 2480 1894 2525 peragendum

55 2510 152 2547 suum
162 2509 305 2545 cursum.
315 2511 450 2558 Typum
464 2510 548 2556 (quo
557 2509 659 2544 verbo
670 2508 742 2545 vsus
753 2508 796 2544 est
816 2509 948 2555 Paulus)
977 2511 1086 2546 Graeci
1095 2512 1265 2561 appellant
1275 2516 1366 2560 quod
1374 2517 1503 2552 Latinis
1514 2519 1557 2552 cst
1567 2521 1758 2569 Exemplar,
1788 2527 1895 2564 Gallis

55 2564 171 2601 Ratron
181 2557 343 2606 significat
352 2581 362 2596 ‚
373 2570 453 2605 ergo
463 2568 531 2596 tam
550 2557 709 2593 illustrem
723 2555 815 2593 fuisse
825 2557 1164 2595 Thessalonicensium
1173 2563 1351 2604 virtutem,
1376 2566 1413 2598 in
1425 2568 1628 2614 excipiendis
1647 2569 1893 2612 afflietionibus

54 2601 165 2643 scribit
173 2615 190 2645 ‚⁴
208 2620 244 2643 vt
258 2608 376 2654 reliqui
389 2605 500 2641 fideles
518 2607 596 2641 inde
609 2607 800 2643 constantiae
812 2607 960 2656 regulam
971 2611 1114 2644 mutuati
1125 2608 1261 2645 fuerint.
1282 2611 1337 2645 Ad
1346 2612 1484 2652 verbum
1494 2626 1604 2651 autem
1614 2620 1747 2656 reddere
1763 2622 1891 2671 placuit

53 2657 267 2705 Exemplaria‚
277 2670 319 2691 ne
328 2655 442 2690 frustra
453 2656 534 2702 qnid
544 2652 706 2690 mutarem
717 2667 755 2689 ex
769 2657 884 2691 Graeco
895 2655 988 2691 Pauli
999 2655 1164 2692 sermone.·
1185 2659 1316 2693 Deinde
1325 2663 1404 2706 quia
1415 2661 1552 2709 pluralis
1565 2678 1725 2704 numerus
1736 2671 1825 2713 (meo
1838 2675 1892 2708 iu-

53 2705 155 2748 dicio)
166 2705 242 2753 plus
251 2705 409 2752 quiddam
419 2705 587 2751 exprimit,
597 2704 699 2750 quam
709 2701 732 2737 fi
741 2702 867 2739 dixisset
877 2704 1026 2740 Ecclefiae
1039 2705 1131 2741 illius
1162 2715 1284 2756 corpus
1294 2708 1335 2741 ad
1345 2711 1571 2748 imitationem
1582 2714 1642 2750 esse
1666 2719 1889 2766 propositum,

53 2746 133 2800 quia
142 2752 246 2788 sensus
257 2751 312 2791 est,
326 2753 469 2787 totidem
480 2749 576 2786 fuisse*
582 2763 692 2799 typos,
702 2763 787 2798 quot
797 2764 888 2788 erant
897 2752 1082 2789 hominum
1094 2757 1211 2804 capita.

101 2802 121 2835 8
177 2804 236 2841 ‘A
253 2800 342 2836 vobis
350 2803 430 2835 enim
436 2801 611 2849 perfimm't.)
673 2799 817 2847 Elegans
826 2803 1038 2850 metaphora,
1061 2815 1126 2849 qua
1134 2803 1297 2851 fignificat
1309 2805 1391 2840 adeo
1401 2809 1513 2842 viuam
1523 2808 1616 2846 fuisse
1640 2827 1754 2850 eorum
1769 2815 1892 2856 fidem,

53 2860 90 2884 vt
99 2848 157 2884 suo
173 2848 276 2884 veluti
287 2848 398 2884 sonitu
407 2876 417 2890 ‚
437 2848 516 2884 alias
528 2861 642 2896 gentes
662 2852 872 2884 excitauerit..
881 2853 1079 2886 Sermonem
1089 2855 1182 2886 enim
1200 2854 1266 2888 Dei
1276 2852 1477 2901 personuisse
1492 2856 1532 2891 ab
1552 2862 1597 2894 eis
1611 2862 1693 2896 dicit
1709 2888 1719 2901 ‚
1744 2868 1822 2910 quia
1831 2864 1884 2898 so-

52 2910 137 2933 nora
146 2895 243 2932 fuerit
252 2911 367 2932 eorum
380 2896 458 2932 fides
470 2898 508 2932 ad
519 2897 767 2933 conciliandam
776 2899 960 2947 Euangelio
971 2898 1080 2934 fidem.
1088 2901 1183 2935 Dicit
1192 2901 1259 2936 hoc
1269 2915 1341 2937 non
1353 2904 1456 2938 modo
1470 2904 1594 2942 fastum
1608 2909 1701 2944 fuiffe
1714 2914 1749 2945 in
1767 2915 1888 2948 vicini's

50 2945 136 2981 locis
148 2968 160 2983 ,
177 2943 229 2980 sed
239 2949 337 2982 etiam
349 2946 467 2996 procul
500 2945 659 2984 manasse,
675 2958 712 2981 ac
723 2948 914 2982 exauditum
923 2945 1017 2984 fuisse
1028 2948 1121 2984 hunc
1131 2947 1279 2985 sonitum
1291 2974 1302 2989 ,
1313 2962 1347 2986 vt
1359 2964 1408 2987 res
1415 2958 1622 3001 ptaeconium
1630 2956 1728 3003 suurn*
1736 2972 1808 2994 non
1832 2962 1888 2996 de-

51 2992 176 3029 fideret.

105 3058 127 3092 9
182 3042 245 3101 11)ζὶ
252 3045 344 3084 enim
354 3042 396 3083 de
403 3041 506 3084 vobis
517 3045 732 3084 annuntiant
739 3045 875 3100 qualem
885 3043 1101 3086 habuerimus
1108 3046 1289 3104 ingreffum
1297 3046 1348 3087 ad
1355 3050 1483 3098 von&
1493 3052 1663 3107 quomodo
1673 3058 1822 3112 conuersi
1864 3071 1883 3098 e

49 3103 128 3140 ritis
136 3099 188 3139 ad
196 3107 305 3139 Deum
316 3098 358 3138 ab
367 3100 481 3146 idolis,
492 3110 540 3138 vt
538 3098 714 3153 seruiretis
725 3109 800 3140 Deo
810 3104 948 3140 viuenti
957 3101 998 3148 ῤ’
1006 3117 1102 3142 vero:

66 3198 69 3203 Ι
107 3169 148 3193 ιο
206 3162 236 3196 Ε
239 3165 255 3193 t
261 3158 485 3211 expeHaeretis
496 3154 608 3196 &calis
623 3156 755 3199 Filium
766 3159 840 3197 eius
860 3186 871 3205 ,
881 3171 983 3212 quem
992 3159 1187 3202 excitauita
1195 3164 1339 3203 mortuis
1353 3190 1364 3209 ,
1384 3161 1492 3216 Iefizm
1501 3167 1562 3217 qui
1571 3175 1635 3202 nos
1643 3164 1766 3206 liberat
1780 3164 1823 3205 ab
1832 3170 1887 3208 ira

46 3222 207 3252 ventura.

94 3295 190 3328 Dicit
200 3291 361 3327 celebrem
369 3292 492 3339 vbique
500 3292 728 3329 conuerfionis
740 3307 856 3329 eorum
866 3293 989 3331 famam
999 3295 1102 3331 fuifle.
1113 3297 1217 3345 de
1227 3299 1266 3333 de
1279 3296 1338 3333 suo
1348 3300 1387 3333 ad
1398 3311 1453 3332 eos
1462 3298 1604 3345 ingressu
1615 3305 1782 3342 meminit,
1794 3306 1833 3339 ad
1844 3305 1886 3339 il⁴

45 3338 114 3387 lam
123 3342 264 3392 Spiritus
274 3343 463 3391 potentiam
472 3340 607 3377 refertur
619 3367 630 3383 ,
644 3356 709 3390 qua
722 3345 813 3380 Deus
824 3343 1046 3393 Euangelium
1056 3345 1153 3383 suum
1163 3346 1391 3397 illustrauerat.
1412 3348 1506 3397 Dicit
1518 3348 1596 3398 'gero
1607 3361 1785 3398 vtrunque·
1795 3354 1885 3400 apud
