2268 3705
140 1427 308 1456 t.cor.r.e.18.

143 1741 291 1778 Iefi44.a.3.

152 2803 316 2842 secamus.

344 132 399 175 322
870 120 964 182 ΙΝ
1013 114 1611 169 EP15T·PAVL1
2115 166 2117 168 ,

349 190 508 243 operibus
517 193 689 241 'acquirant
700 182 871 228 iustitiam:
882 188 975 238 quod
988 192 1033 227 est
1044 187 1370 242 impoffibile.Porrb
1381 185 1480 234 siquis
1490 186 1639 227 obiiciat,
1659 186 1780 233 Qum
1791 186 1887 222 Dens
1896 188 2001 221 vitam
2022 191 2198 236 promittat

347 246 447 291 Legis
458 241 653 280 fastotibut„
661 250 723 276 cur
732 243 830 289 negat
839 240 961 275 Paulus
970 239 1049 275 illos
1061 240 1121 274 esse
1134 239 1236 272 iustos
1246 239 1260 270 ?
1271 235 1439 283 responsio
1451 235 1556 270 facilis
1569 236 1622 269 est:
1633 237 1714 270 Ideo
1729 234 1843 270 nullos
1857 234 1917 270 esse
1928 236 2029 270 iustos
2038 238 2198 286 operibus

348 292 462 339 Legis,
474 293 555 338 quia
567 298 669 325 nemo
680 291 724 325 est
734 294 792 337 qui
804 289 861 324 illa
870 287 977 323 faciat.
1004 288 1095 323 Nam
1108 285 1248 322 faetores
1261 285 1371 332 Legis,
1380 283 1463 331 siqui
1474 281 1690 324 effent‚iustos
1704 283 1762 318 effe
1773 283 2055 319 concedimus-sed
2068 289 2146 333 quia
2156 285 2198 320 il-

349 338 394 375 lic
406 342 542 388 pastum
553 339 598 374 est
612 338 854 374 conditionale,
865 338 941 374 ideo
951 335 1171 371 excluduntur
1180 346 1300 368 omnes
1312 346 1329 367 a
1341 335 1501 379 vita‚quia
1512 345 1614 367 nemo
1628 333 1784 367 iustitiam
1797 345 1898 379 quam
1910 331 2048 367 debebat
2060 335 2198 382 praestat.

349 388 555 424 Tenendum
565 398 676 423 autem
687 388 850 422 memoria
860 386 904 418 est
915 385 1008 431 quod
1019 386 1109 431 prius
1120 382 1282 416 admonui
1292 406 1302 420 ,
1312 382 1438 429 Legem
1451 379 1554 414 facete
1574 393 1645 415 non
1659 383 1764 428 quiex
1777 392 1867 429 parte
1879 379 2041 416 obediunt
2057 405 2067 420 ,
2076 380 2128 417 sed
2136 384 2197 430 qui

349 444 470 472 omnes
484 436 628 485 implent
639 436 768 470 iustitiae
779 445 948 477 numeros:
958 433 976 466 a
986 444 1051 479 qua
1064 430 1270 480 perfeClione
1280 427 1472 478 longissime
1490 429 1608 463 distant
1623 442 1750 463 omnes.
1974 437 1978 447 ¹

358 510 362 513 v
394 497 423 531 13
474 484 610 530 Chrtstus
619 496 673 518 nos
681 481 834 525 redemit.)
887 483 1014 515 Fecerat
1026 492 1144 514 omnes
1154 481 1215 526 qui
1228 476 1284 513 sub
1297 480 1384 526 Lege
1396 476 1468 512 s'unt
1479 503 1489 517 ,
1507 477 1734 512 maledictioni
1747 478 1927 512 obnoxios.
1941 478 2017 513 inde
2030 476 2198 512 oriebatur

351 542 474 581 magna
485 530 674 570 difficultas,
686 530 778 577 quod
788 530 886 564 ludaei
898 532 1040 563 eximere
1050 526 1079 562 se
1088 541 1159 562 non
1170 537 1324 576 poterant
1335 527 1352 560 a
1364 525 1599 561 maledietione
1612 527 1721 572 Legis.
1733 525 1904 574 proposito
1920 529 2021 574 igitur
2031 527 2192 567 remedio,

351 584 482 618 nodum
491 582 580 615 hunc
592 578 702 616 soluit,
716 579 841 612 docens
850 590 913 612 nos
925 574 984 611 esse
997 575 1152 611 liberatos
1163 587 1219 622 pei·
1230 575 1412 609 Christum.
1423 587 1492 620 quo
1504 576 1603 607 etiam
1617 576 1722 621 magis
1734 577 1959 609 intentionem
1974 574 2062 608 suam
2074 573 2197 610 confir—

352 641 431 665 mat.
446 630 536 663 Nam
547 627 569 662 fi
583 628 656 661 ideo
668 626 748 661 salui
759 625 882 663 sumus,
897 628 974 673 quia
985 625 1096 660 sumus
1108 627 1126 658 a
1137 623 1370 658 maledietione
1382 625 1478 670 Legis
1491 622 1627 657 liberati.
1648 634 1729 669 ergo
1741 624 1810 657 non
1821 636 1857 657 ex
1867 626 1954 670 Lege
1966 625 2096 657 iustitia.
2105 624 2200 659 dein--

352 679 392 713 dc
405 677 544 711 modum
555 688 693 723 quoque
704 674 909 709 liberationis
922 675 1083 721 adiungit.
1105 676 1256 720 Scriptum
1267 671 1316 717 est,
1330 673 1380 705 M
1382 670 1531 704 aledic'lus
1542 683 1636 704 ommJ
1645 671 1953 719 qmfhffienfiasfiterzt
1961 675 1993 704 in
2002 671 2200 719 lignaChri-

352 726 417 761 stus
428 724 492 759 fuit
503 722 537 759 su
543 722 685 772 spensus:
697 736 776 771 ergo
791 722 1063 758 maledictionem
1074 721 1166 756 illam
1178 719 1288 755 subiit.
1303 723 1369 754 iam
1379 719 1459 754 verb
1469 729 1595 753 certum
1607 720 1650 753 est
1659 742 1668 759 ,
1690 731 1761 753 non
1773 717 1826 754 sua
1837 717 1928 755 causa
1955 717 2121 768 supplicio
2132 720 2199 756 hoc

351 772 444 808 fuisse
457 772 674 821 perfunditum
691 786 699 806 z
712 773 859 818 sequitur
870 784 962 818 ergo,
971 771 1023 805 vel
1035 770 1147 805 frustra
1158 768 1252 804 fuiise
1263 767 1458 803 crucifixum
1472 791 1482 805 ,
1494 767 1544 802 vel
1557 769 1701 802 nostram
1713 766 1984 802 maledietionem
1997 768 2045 802 illi
2061 766 2121 802 esie
2133 771 2200 803 im-

350 819 506 870 positam,
517 832 552 855 vt
564 820 604 856 ab
617 834 653 855 ea
665 820 879 856 solueremur.
890 821 973 854 Non
989 820 1069 853 dicit
1079 830 1190 853 autem
1204 817 1375 852 Christum
1388 814 1479 851 fuisse
1491 815 1703 851 maledictum
1716 839 1725 853 ‚
1738 814 1789 849 scd
1800 815 2071 851 maledictionem
2083 843 2094 858 ,
2107 818 2200 864 quod

351 869 429 919 plus
441 871 575 904 est.nam
588 867 750 917 significat
762 871 916 903 omnium
929 867 1203 902 maledictionem
1216 869 1251 900 in
1265 863 1335 914 ipso
1346 863 1438 899 fuisse
1451 863 1713 911 inclusamSicui
1729 863 1794 899 hoc
1808 866 1937 899 videtur
1948 865 2067 900 durum
2078 867 2201 913 pudeat

350 920 453 953 etiam
467 916 576 967 ipsum
587 919 693 953 crucis
705 914 844 954 Christi,
855 919 950 951 cuius
966 914 1171 950 confeffione
1183 914 1377 963 gloriamur.
1388 926 1496 960 neque
1508 915 1597 948 enirn
1610 911 1771 947 nesciebat
1781 915 1872 948 Deus
1891 939 1901 954 ‚
1916 913 2022 959 qualis
2035 913 2143 948 futura
2153 912 2202 948 es-

350 964 398 1002 set
415 979 505 1002 mors
515 967 592 1001 Filii
603 965 650 1001 sui
663 978 770 1013 quum
781 965 847 999 boc
859 964 1111 1013 pronuntiabat,
1124 960 1323 999 Maledieius
1336 964 1448 996 omnis
1460 964 1518 1009 qui
1530 962 1722 1010 pependerit
1737 963 1771 995 in
1787 960 1892 1008 ligno.
1905 962 1966 995 Sed
1977 961 2115 996 obiiciet
2127 962 2208 1010 quis

352 1017 456 1064 piam,
467 1014 540 1062 Q
553 1014 589 1050 fit
611 1026 645 1048 vt
655 1014 757 1048 Filius
772 1015 857 1047 Parti
876 1012 1017 1048 dilectus
1040 1013 1274 1047 maledicatur?
1287 1008 1486 1057 Respondeo
1497 1034 1508 1048 ‚
1523 1012 1604 1045 Duo
1615 1009 1850 1044 consideranda
1860 1008 1921 1045 effe
1931 1023 2001 1044 non
2014 1010 2142 1044 tantum
2164 1013 2202 1046 in

2263 867 2268 918 i

2265 919 2268 958 i

351 1065 492 1113 persona
502 1063 639 1100 Christi,
650 1060 701 1096 scd
712 1064 812 1096 etiam
825 1066 860 1096 in
872 1061 1078 1096 humanitate
1090 1060 1198 1109 ipsius.
1214 1059 1367 1098 alterum,
1382 1058 1473 1105 quod
1484 1070 1551 1092 erat
1561 1061 1676 1106 Agnus
1688 1060 1752 1093 Dei
1765 1057 2131 1106 immaculatus‚plenus
2144 1058 2203 1094 be·
2259 1077 2263 1083 v

354 1114 547 1147 nedietione
560 1116 593 1146 &
605 1114 716 1159 gratia:
729 1109 883 1151 alterum,
892 1111 983 1157 quod
996 1108 1170 1157 personam
1182 1108 1326 1143 nostram
1342 1104 1531 1154 susceperat,
1547 1108 1688 1154 ideoque
1700 1118 1854 1155 peccator
1863 1119 1930 1141 erat
1941 1111 1975 1141 ὅ(
1992 1107 2202 1142 maledictio-

355 1163 408 1195 nis
419 1173 504 1200 τως,
518 1171 668 1195 nontam
682 1162 716 1193 in
726 1155 756 1193 se
768 1158 905 1205 quidem
917 1160 1018 1205 quam
1035 1161 1070 1193 in
1081 1156 1197 1192 nobis:
1216 1155 1267 1190 sed
1279 1167 1389 1189 tamen
1400 1166 1433 1188 vt
1446 1154 1569 1189 necesse
1579 1155 1710 1190 liaberet
1722 1156 1834 1190 nostro
1846 1159 1986 1190 nomine
2001 1155 2148 1203 defungi.
2167 1159 2202 1191 1-

354 1219 454 1255 taque
465 1221 573 1255 neque
584 1218 671 1242 extra
680 1208 744 1242 Dei
755 1219 895 1255 gratiam
906 1204 965 1241 effe
976 1208 1089 1255 potuit
1098 1233 1109 1246 ,
1127 1210 1159 1240 δε
1172 1216 1283 1239 tamen
1298 1202 1446 1238 sustinuit
1457 1205 1539 1237 iram
1550 1206 1630 1238 eius.
1642 1216 1719 1238 nam
1731 1204 1873 1250 qualiter
1881 1205 2126 1251 Patrem‚quem
2144 1205 2203 1239 ha-

355 1254 472 1292 buisset
483 1256 661 1294 infestum,
682 1259 715 1292 &
731 1258 786 1290 cui
798 1254 904 1290 fuisset
914 1254 1029 1290 exosus
1042 1281 1052 1296 ‚
1063 1253 1277 1289 reconciliare
1290 1251 1388 1287 nobis
1401 1254 1554 1299 poterat?
1565 1265 1643 1299 ergo
1656 1253 1782 1300 semper
1804 1252 1958 1287 voluntas
1969 1254 2072 1287 Patris
2085 1255 2120 1287 in
2140 1253 2202 1287 illo

356 1307 536 1352 acquieuit.
548 1302 858 1351 Rursus'quomodo
868 1303 908 1339 ab
920 1308 965 1340 ira
975 1306 1040 1339 Dei
1049 1316 1111 1338 nos
1124 1300 1293 1339 liberasset,
1311 1300 1372 1336 nisi
1386 1313 1458 1334 eam
1468 1301 1486 1334 a
1496 1299 1594 1334 nobis
1604 1299 1812 1335 transtulisset
1824 1302 1858 1335 in
1872 1299 2023 1348 seipsum?
2040 1302 2116 1335 ideo
2127 1313 2205 1349 per-
2240 1327 2244 1333 .

356 1352 462 1388 cuisus
485 1353 548 1388 fuit
570 1363 704 1401 propter
717 1364 849 1400 peccata
866 1353 975 1386 nostra
992 1377 1000 1388 ‚
1025 1356 1058 1387 ὃ(
1070 1354 1182 1386 Deum
1203 1361 1355 1398 expertus
1372 1349 1415 1383 est
1435 1359 1594 1395 tanquam
1614 1351 1745 1394 iratum
1761 1350 1918 1384 iudicem.
1946 1351 2026 1384 Haec
2036 1350 2080 1383 est
2097 1349 2205 1385 stulti-

355 1405 402 1437 tia
413 1404 520 1437 crucis
532 1426 543 1442 ,
562 1401 702 1450 Angelis
714 1403 814 1435 etiam
824 1401 1034 1436 admiranda:
1058 1413 1131 1448 quae
1141 1412 1213 1434 non
1224 1399 1355 1433 tantum
1367 1396 1493 1445 superat
1502 1423 1512 1437 ‚
1527 1396 1578 1432 sed
1589 1396 1737 1432 absorbet
1758 1399 1859 1432 etiam
1870 1410 2008 1432 omnem
2020 1398 2139 1433 mundi
2157 1397 2204 1432 sa·

355 1462 530 1500 pientiam.
700 1492 705 1496 ,

403 1510 446 1545 14
494 1501 582 1533 Vtin
593 1501 707 1533 Gentes
719 1497 912 1541 benedtflio.)
961 1497 1103 1544 Propius
1122 1496 1160 1529 ad
1172 1494 1265 1530 suum
1278 1496 1466 1530 institutum
1492 1494 1725 1528 accommodat
1737 1493 1829 1538 quod
1840 1494 1922 1526 dixit
1934 1519 1944 1533 ‚
1961 1494 2037 1528 Nos
2047 1492 2205 1529 liberatos

357 1544 417 1582 esse
427 1559 486 1596 per
495 1548 666 1582 Christum
678 1549 695 1582 ὲ
707 1547 941 1583 maledi-stione
951 1547 1060 1593 Legis:
1071 1557 1192 1592 nempe
1202 1543 1473 1579 benedictionem
1486 1542 1624 1577 Abrahae
1633 1538 1836 1590 promissam,
1851 1543 1886 1575 in
1899 1554 1939 1576 eo
1951 1540 2120 1576 fundatam
2131 1541 2204 1577 effe:

358 1599 393 1631 ἃ
405 1596 546 1644 proinde
567 1597 606 1631 ad
617 1599 740 1630 Gentes
751 1598 934 1644 peruenire.
952 1595 1043 1630 Nam
1062 1592 1084 1627 si
1094 1594 1220 1627 ludaeos
1231 1604 1363 1641 oportet
1373 1594 1391 1627 ἐι
1404 1593 1491 1639 Lege
1501 1591 1632 1625 liberari
1645 1602 1678 1625 vt
1692 1588 1772 1624 fiant
1783 1588 1922 1624 Abrahae
1933 1590 2074 1625 haeredes
2086 1616 2096 1631 ‚
2119 1592 2202 1637 quid
2257 1612 2268 1620 -

357 1647 481 1678 Gentes
494 1645 652 1693 impediet
662 1657 848 1691 quominus
868 1645 1040 1692 potiantur
1053 1643 1170 1676 eodem
1181 1640 1297 1676 bono?
1310 1642 1440 1675 Deinde
1457 1639 1478 1674 li
1489 1642 1523 1673 in
1541 1638 1613 1673 solo
1626 1638 1762 1673 Christo
1775 1639 1818 1672 est
1832 1639 1889 1671 ista
1901 1638 2094 1674 benedictio
2103 1662 2114 1677 ,
2135 1639 2204 1675 sola

356 1693 402 1727 est
413 1691 491 1727 fides
503 1695 538 1728 in
549 1693 721 1728 Christum
731 1706 803 1740 quae
815 1706 876 1728 nos
886 1691 963 1726 facit
974 1694 1043 1726 eius
1056 1692 1241 1738 participes.
1281 1692 1316 1724 V
1317 1701 1329 1721 t
1333 1689 1550 1738 promissionem
1560 1689 1701 1735 Spiritus.
1731 1685 1986 1721 Proinislionem
2000 1689 2140 1735 Spiritus
2149 1700 2205 1722 ac·

356 1744 449 1788 cipio
461 1753 522 1790 pro
533 1741 707 1790 spirituali,
717 1754 810 1776 more
824 1740 1001 1776 Hebraico.
1038 1751 1230 1785 quanquam
1242 1740 1331 1773 enim
1344 1737 1401 1771 ista
1411 1734 1583 1785 promislio
1595 1737 1633 1769 ad
1642 1735 1785 1770 Nouum
1798 1735 2032 1770 testamentum
2051 1738 2207 1784 pertinet,

355 1788 531 1825 Effundam
543 1791 582 1824 de
593 1791 718 1838 Spiritu
729 1802 806 1824 ineo
817 1788 911 1837 supet
920 1800 1059 1823 omnem
1070 1799 1204 1822 carnem
1217 1786 1354 1822 :Paulus
1365 1797 1478 1820 tamen
1488 1783 1641 1819 hocloco
1652 1783 1741 1817 aliud
1755 1779 1904 1830 respexit.
1932 1786 2094 1832 Spiritum
2113 1786 2205 1818 enim

356 1839 583 1873 mihtwidetur
595 1851 767 1886 opponere
778 1838 874 1872 rebus
885 1837 1045 1872 omnibus
1056 1838 1208 1870 externis.
1231 1847 1340 1882 neque
1352 1836 1559 1871 caeremoniis
1569 1833 1746 1866 duntaxat:
1759 1828 1810 1864 sed
1821 1832 1944 1866 carnali
1956 1836 2055 1866 etiam
2068 1844 2204 1879 genera—

353 1889 456 1921 tioni:
472 1897 507 1922 vt
517 1885 662 1934 personae
672 1885 727 1922 hic
739 1885 872 1922 nullum
884 1884 1027 1920 habeant
1037 1883 1163 1918 locum.
1175 1883 1266 1931 Ergo
1277 1896 1314 1918 ex
1324 1894 1440 1918 natura
1452 1879 1680 1930 promissionis
1689 1879 1892 1915 demonstrat
1901 1881 2026 1916 Iudaeos
2041 1880 2128 1916 nihil
2139 1880 2203 1915 dif-

354 1933 437 1970 ferte
447 1936 466 1970 ὲ,
477 1934 654 1970 Gentibus:
666 1937 746 1982 quia
755 1933 776 1970 si
788 1932 965 1983 spiritualis
974 1933 1030 1974 est,
1047 1931 1116 1966 sola
1127 1929 1189 1966 fide
1200 1933 1389 1980 percipitur.
1610 1938 1614 1942 '

418 2029 455 2067 ¹5
512 2023 654 2057 Fratres
663 2012 866 2069 (secundum
876 2011 1054 2054 hominem
1063 2012 1156 2063 dico)
1168 2015 1333 2054 Hominis
1341 2012 1418 2053 licet
1419 2015 1563 2069 palium
1573 2040 1586 2059 ‚
1598 2008 1799 2067 tamenfistt
1811 2008 2059 2066 comprobatam
2068 2039 2081 2057 ‚
2100 2023 2202 2048 nemo

355 2073 476 2119 reiicit,
487 2082 549 2111 aut
559 2070 662 2110 addit
669 2070 816 2125 aliquid.
2162 2109 2163 2112 Ἴ

413 2135 452 2166 16
509 2124 610 2168 Porrb
620 2124 792 2167 cAbrahae
803 2122 1236 2182 didhsuntpromi‘ssionn,
1251 2124 1291 2172 ό·
1299 2121 1425 2180 semini
1433 2127 1519 2163 eius:
1527 2137 1598 2164 non
1609 2123 1704 2169 dicit,
1718 2128 1763 2161 Et
1765 2117 1971 2175 seminibus,
1982 2131 2148 2176 tanquam
2159 2121 2203 2161 de

357 2182 554 2238 muttissed
561 2194 730 2237 tanquam
740 2181 783 2230 de
796 2196 884 2227 vno,
897 2180 1069 2236 Etsemini
1076 2184 1212 2236 tumque*
1221 2181 1266 2234 ςΙὶ
1274 2178 1434 2232 Christus.

417 2252 456 2292 17
514 2245 589 2279 Hoc
597 2249 710 2277 autem
721 2237 809 2283 dico,
822 2240 959 2277 Pastum
975 2237 1056 2276 ante
1065 2235 1310 2293 comprobatum
1333 2235 1354 2274 ἃ
1365 2244 1438 2276 Deo
1448 2249 1525 2290 erga
1536 2233 1701 2289 Christum
1713 2261 1723 2274 ‚
1744 2240 1821 2273 Lex
1829 2236 1980 2289 qquoiz
1990 2247 2101 2272 annos
2112 2246 2198 2289 qua-

357 2292 559 2351 dringentvs
571 2295 611 2342 dy·
621 2296 762 2349 triginta
773 2297 878 2349 coepit,
889 2307 962 2332 non
961 2292 1052 2346 facit
1058 2296 1208 2339 irritum,
1217 2305 1261 2330 vc
1267 2291 1404 2348 abroget
1410 2289 1674 2348 promissionem.

414 2361 453 2393 18
508 2349 647 2407 Qmfi
653 2364 700 2390 ex
711 2356 798 2406 Lege
815 2348 993 2390 hareditas
1002 2379 1012 2396 ,
1035 2363 1104 2390 non
1114 2352 1186 2389 iam
1196 2363 1243 2388 ex
1254 2347 1472 2401 Promissione
1479 2377 1487 2386 .
1499 2350 1597 2402 atqui
1609 2345 1749 2391 Abrahae
1752 2358 1814 2403 per
1825 2347 2078 2404 Promissionem
2090 2345 2199 2386 dona-

360 2410 414 2447 uit
421 2415 527 2447 Deus.

408 2472 436 2507 ις
487 2460 659 2497 Secundum
668 2460 842 2506 hominem.)
892 2462 1057 2497 Pudorem
1079 2459 1145 2494 illis
1157 2463 1306 2497 incutere
1316 2458 1426 2494 voluit
1438 2458 1498 2493 hac
1509 2471 1601 2493 voce.
1620 2457 1664 2492 est
1675 2459 1765 2493 enim
1779 2460 1880 2493 nimis
1895 2458 2072 2504 indignum
2085 2462 2119 2492 ὃς
2128 2469 2200 2493 tur-
2224 2479 2228 2484 ·

359 2521 413 2560 pe,
425 2514 536 2546 Deum
549 2515 662 2546 minus
674 2510 793 2545 habere
801 2513 986 2544 autoritatis
997 2509 1084 2556 apud
1093 2522 1156 2543 nos
1166 2533 1175 2547 ‚
1185 2511 1287 2556 quam
1300 2509 1476 2543 hominem
1489 2505 1675 2540 mortalem.
1697 2506 1791 2553 quod
1804 2519 1882 2554 ergo
1894 2506 2065 2553 stipulatur
2076 2520 2117 2541 ne
2127 2510 2197 2541 mi-

359 2569 423 2594 nus
433 2562 621 2595 autoritatis
632 2558 778 2594 deferant
788 2556 876 2593 sacro
886 2561 951 2593 Dei
961 2557 1087 2594 foederi,
1101 2559 1203 2603 quarn
1215 2555 1456 2593 communibus
1466 2555 1646 2590 hominum
1661 2556 1766 2602 pastis
1780 2554 1880 2590 tribui
1890 2553 1989 2589 solet:
2012 2556 2123 2589 Deum
2135 2556 2201 2590 ho-

360 2607 510 2642 minibus
521 2620 591 2642 non
603 2618 720 2655 aequat.
733 2619 810 2641 nam
826 2610 949 2641 interea
959 2606 1118 2658 relinqyit
1128 2605 1196 2640 illis
1203 2604 1474 2642 considerandum
1485 2613 1649 2649 quantum
1663 2614 1747 2636 inter
1758 2605 1870 2637 Deum
1882 2607 1914 2637 δέ
1929 2603 2085 2637 homines
2097 2606 2200 2638 inter-

360 2655 577 2691 sinuaminis
587 2657 797 2704 licetpaffum.
839 2656 1085 2703 Argumentum
1098 2654 1142 2688 est
1151 2655 1168 2688 ὲ
1180 2657 1303 2689 minori
1314 2655 1354 2688 ad
1366 2655 1483 2688 maius.
1499 2651 1679 2686 hominum
1692 2653 1882 2687 contraitus
1896 2649 2017 2696 absque
2027 2654 2200 2686 c6tr0uer-

362 2702 410 2739 fia
418 2706 477 2738 rati
487 2703 660 2739 habentur:
672 2715 801 2750 quanto
810 2706 915 2751 magis
925 2703 1018 2750 quod
1030 2702 1139 2736 statuit
1148 2704 1239 2736 Deus
1249 2706 1264 2735 ?
1279 2701 1382 2737 Pori-b
1396 2699 1455 2736 vbi
1469 2700 1837 2734 LatiniTestamentum
1848 2698 1976 2745 legunt,
1987 2699 2098 2733 Graece
2110 2700 2153 2733 est
2162 2712 2200 2734 a-

361 2753 431 2801 pud
442 2752 582 2787 Paulum
593 2752 714 2786 ὣιιιῦιὲκκ.
725 2764 795 2798 quo
803 2750 905 2786 verbo
914 2749 1029 2799 saepius
1040 2751 1146 2785 Graeci
1154 2751 1405 2784 Testamentum
1419 2747 1614 2796 significant:
1627 2748 1795 2781 interdurn
1806 2750 1904 2781 etiam
1916 2745 2100 2793 quemlibet
2112 2759 2196 2782 con-

360 2803 516 2836 trastum.
526 2802 734 2848 anuam
746 2799 893 2834 vsitatior
902 2800 947 2834 est
957 2810 1115 2834 numerus
1126 2797 1262 2846 pluralis
1272 2801 1307 2833 in
1318 2797 1461 2832 secundo
1474 2795 1575 2831 sensu.
1587 2797 1682 2830 Parui
1694 2796 1824 2830 interest
1833 2806 1995 2842 quantum
2007 2795 2045 2828 ad
2057 2793 2197 2842 praesen-

360 2856 430 2884 tem
440 2846 829 2886 locum,c0ntraeu'1mne
839 2861 881 2883 an
892 2848 1126 2882 testamentum
1137 2859 1292 2895 exponas.
1310 2846 1388 2881 Alia
1401 2845 1443 2879 est
1453 2848 1536 2879 ratio
1550 2847 1585 2878 in
1595 2843 1740 2892 Epistola
1749 2845 1787 2877 ad
1795 2844 1954 2878 Hebraeos
1963 2866 1974 2881 ,
1984 2842 2040 2877 vbi
2051 2842 2198 2890 Aposto-

359 2897 412 2934 lus
422 2896 646 2946 proeuldubio
656 2897 694 2930 ad
704 2896 897 2932 testamenta
906 2895 1033 2930 alludit.
1051 2894 1107 2930 hic
1117 2895 1233 2930 malim
1244 2893 1436 2942 simpliciter
1445 2895 1591 2941 accipere
1602 2904 1662 2939 pro
1672 2891 1792 2926 foedere
1801 2891 1890 2938 quod
1902 2892 1992 2926 Deus
2002 2894 2141 2939 pepigit.
2153 2895 2195 2927 ni

351 2946 468 2981 simile
479 2958 549 2993 quo
560 2957 685 2993 pugnat
697 2944 877 2992 Apostolus
888 2944 943 2979 hic
953 2967 963 2982 ,
974 2945 1170 2978 testamento
1181 2957 1250 2978 non
1262 2955 1330 2977 tam
1342 2943 1475 2990 proprie
1493 2942 1689 2975 conueniret
1698 2943 1798 2986 quani
1812 2938 1937 2973 foedcr'i.
1949 2941 2133 2986 Sequamur
2144 2953 2192 2975 er·

361 3007 407 3043 go
419 2993 701 3041 h0c‚Apostolum
712 2993 752 3027 ab
762 2993 918 3027 humanis
928 2991 1140 3040 paCtionibus
1150 2993 1338 3026 ratiocinari
1348 2991 1387 3024 ad
1395 2989 1532 3024 solenne
1543 2987 1627 3022 illud
1637 2987 1742 3022 foedus
1753 2989 1845 3034 quod
1855 2988 1947 3021 Deus
1956 2999 2034 3022 cum
2046 2987 2196 3023 Abraha-

363 3053 422 3077 mo
433 3044 572 3091 pepigit.
584 3041 674 3075 Nam
687 3039 709 3075 si
718 3040 785 3076 illis
794 3041 921 3077 constat
933 3039 986 3075 sua
995 3039 1182 3077 firmitas‚vt
1191 3053 1233 3075 ne
1245 3039 1456 3088 superaddere
1465 3037 1600 3085 quidem
1611 3035 1850 3082 liceatzquauto
1861 3038 1964 3083 magis
1975 3037 2040 3071 hoc
2051 3036 2180 3072 inuiola
2194 3059 2200 3065 ·

362 3090 431 3127 bile
444 3102 576 3125 manere
584 3090 676 3124 decet
693 3096 702 3122 ἰ
1644 3105 1646 3110 x
1784 3104 1785 3107 =

387 3180 393 3184 ‚
410 3143 447 3174 16
485 3136 621 3173 Abrahae
630 3138 807 3182 difiaefimt.)
859 3138 1050 3183 Antequam
1059 3135 1268 3185 persequatur
1280 3134 1374 3171 suum
1386 3145 1634 3183 argumentum,
1642 3132 1769 3179 aliquid
1779 3131 1890 3166 inserit
1900 3134 1937 3167 de
1949 3131 2124 3167 substantia
2133 3131 2199 3166 foe·

362 3188 457 3221 deris:
469 3200 590 3235 nempe
600 3185 672 3222 solo
682 3185 817 3220 Christo
828 3181 997 3219 suffultum
1008 3183 1086 3219 esse.=
1095 3185 1187 3231 quod
1195 3183 1216 3218 si
1227 3184 1377 3219 Christus
1388 3183 1645 3218 fundamentum
1656 3183 1699 3216 est
1711 3183 1886 3228 paetionis:
1905 3179 2049 3228 sequitur
2061 3193 2138 3228 ergo
2148 3178 2194 3215 es-

363 3234 393 3270 se
404 3238 590 3282 gratuitam.
601 3246 699 3282 atque
710 3236 810 3269 etiam
826 3233 892 3268 hoc
902 3231 960 3267 sibi
970 3232 1042 3268 vult
1053 3245 1110 3281 per
1121 3245 1247 3267 nomen
1259 3233 1470 3278 Promiffianis.
1496 3231 1585 3266 Nam
1597 3229 1689 3264 sicuti
1701 3229 1767 3263 Lex
1785 3227 1966 3277 respectum
1976 3228 2074 3264 habet
2084 3230 2122 3262 ad
2133 3228 2193 3262 lio-

362 3296 470 3317 mines
481 3286 515 3317 &
526 3283 675 3331 ipsorum
686 3295 806 3331 opera:
825 3280 867 3316 sic
878 3277 1050 3329 promissio
1066 3281 1105 3314 ad
1117 3281 1184 3315 Dei
1197 3283 1338 3328 gratiam
1355 3285 1388 3316 δε
1413 3279 1510 3319 fidem
1525 3305 1536 3320 ,
1553 3277 1595 3312 N
1596 3291 1633 3312 on
1643 3276 1720 3311 dicit
1731 3280 1772 3311 Et
1776 3276 1952 3320 seminibus.
1974 3279 2018 3312 Vt
2031 3275 2147 3326 probet
2155 3276 2195 3310 de

361 3329 498 3365 Christo
509 3333 619 3366 Deum
632 3331 701 3366 illic
712 3333 818 3378 loqui,
828 3330 985 3364 admonet
995 3340 1136 3364 numero
1147 3327 1315 3376 singulari,
1326 3340 1453 3364 certum
1463 3327 1600 3374 aliquod
1611 3323 1698 3361 seme
1707 3324 1798 3367 fuisse
1810 3325 2027 3374 designatum.
2039 3327 2126 3372 Saepe
2136 3336 2196 3359 au-

357 3388 427 3414 tem
439 3381 574 3415 miratus
585 3379 891 3418 sum,Christianos,
900 3390 1007 3426 quum
1018 3379 1168 3414 viderent
1177 3387 1268 3413 tanta
1276 3379 1445 3426 proteruia
1455 3378 1563 3412 vexari
1572 3374 1664 3411 hunc
1673 3374 1788 3410 locum
1797 3376 1815 3410 a
1824 3376 1950 3416 ludaeis,
1960 3376 2005 3411 n6
2015 3374 2197 3455 acetis-{tiss

2043 3433 2076 3454 rc
2106 3431 2142 3454 iti
2171 3435 2198 3460 e:
