2268 3705
1587 17 1603 29 Β
2198 0 2213 28 Ἢ

330 113 397 149 ⁶12'
959 101 1055 150 IN
1103 96 1648 150 EP'IST20LAM

354 185 448 220 enim
460 185 519 231 qui
531 184 567 217 &
575 178 652 216 ante
663 180 700 215 in
709 173 855 213 tenebris
863 185 958 210 erant
968 172 1106 209 demersi
1118 187 1126 208 ε
1139 185 1199 208 nec
1209 173 1316 208 oculis
1327 170 1538 222 praeditisunt
1552 171 1674 220 quibus
1691 172 1825 207 videant
1834 197 1845 212 ,
1863 166 1924 207 nisi
1934 166 1990 207 lux
2003 164 2137 209 aliunde
2147 167 2199 210 af-
2254 204 2256 210 .

359 232 495 281 fulgeat.
520 232 608 278 Ergo
618 230 751 277 quoties
759 224 859 264 nobis
870 226 905 258 in
919 234 1067 258 mentem
1078 225 1220 258 veniunt
1231 234 1303 268 quae
1313 224 1463 270 egimus,
1473 220 1531 256 vel
1541 220 1575 256 su
1581 233 1654 256 mus
1662 219 1741 269 paffi
1753 233 1815 269 pro
1828 220 1974 260 Christo,
1988 219 2130 258 totidem
2137 222 2201 259 (int

339 309 342 312 -
358 284 460 317 nobis
471 280 598 315 stimuli
608 280 668 326 qui
678 289 741 312 nos
749 276 788 309 ad
805 273 978 308 meliorem
988 271 1180 320 profectum
1191 281 1325 305 acuant..

407 341 438 376 33
488 330 607 364 Partim
620 326 693 360 dnm
696 321 851 373 probris.)
900 321 1063 355 Videmus
1072 332 1159 366 quos
1171 318 1353 366 compellet
1370 344 1381 360 ,
1401 331 1522 366 nempe
1533 330 1678 366 quorum
1691 316 1768 352 fides
1779 332 1850 354 non
1860 318 2055 367 vulgaribus
2075 323 2204 369 expeti*

359 381 485 414 mentis
496 375 636 426 probata
644 374 759 409 fuerat:
781 375 816 406 &
829 381 940 404 tamen
951 368 1077 403 hortari
1098 380 1155 402 eos
1165 368 1205 402 ad
1213 371 1340 402 maiora
1348 381 1420 402 non
1431 367 1558 401 delinit.
1579 379 1681 413 quare
1690 380 1792 402 nemo
1804 367 1833 402 se
1843 367 1993 416 peruersa
2011 368 2204 404 adulatione

361 427 465 469 fallat,
476 425 537 461 acii
548 436 671 460 metam
682 418 847 468 attigilset‚
856 417 910 452 vel
919 430 992 452 non
1001 429 1088 464 opus
1097 415 1232 450 haberet
1241 415 1358 450 alienis
1369 417 1443 450 stim
1449 415 1523 451 ulis.
1560 417 1653 450 Dicit
1663 426 1773 449 autem
1785 416 1871 464 ipsos
1881 420 1908 450 F
1909 417 1980 463 mffe
1986 417 2141 452 traduelos
2149 430 2206 467 pro

360 476 423 511 bris
434 481 472 517 (ῤ’
482 470 705 521 affliatonibus,
720 467 782 504 acsl
794 470 830 502 in
840 467 969 501 theatri]
978 466 1136 514 producti
1145 462 1254 499 elsent.
1267 465 1354 500 vnde
1364 464 1560 512 colligimus
1571 463 1714 511 insignes
1725 463 1818 499 fuisse
1828 464 2112 513 persequutiones·
2123 478 2206 514 quas
2262 482 2264 486 ·

359 525 590 560 sustinuerant.
604 521 664 555 Sed
676 516 840 566 posterius
852 514 1041 549 membrum
1051 513 1229 561 diligenter
1238 514 1429 548 notandum
1442 514 1498 551 est,
1509 512 1567 547 vbi
1576 514 1656 547 dicit
1669 511 1777 547 socios
1791 512 1882 548 fuisse
1893 517 2029 562 piorum
2041 517 2076 549 in
2097 513 2205 563 perse-

362 569 697 622 quutionibus.Nani
708 577 813 613 quum
826 562 952 599 Christi
963 561 1001 597 sit
1010 560 1103 610 causa
1114 574 1177 610 pro
1187 574 1253 609 qua
1262 573 1388 597 certant
1403 564 1453 609 pii
1463 574 1582 596 omnes
1591 585 1602 599 ‚
1624 565 1657 596 &
1672 564 1758 595 inter
1770 575 1825 596 eos
1837 561 1874 596 sit
1883 566 2078 600 communis
2092 576 2099 597 :
2111 565 2208 610 quic-

361 623 444 670 quid
454 633 539 655 vnus
549 629 665 653 eorum
676 617 801 663 patitur
810 636 820 651 ‚
833 611 921 660 quasi
934 613 970 646 in
982 610 1073 646 suam
1083 608 1256 658 personam
1267 609 1441 645 transferre
1451 609 1704 657 debentreliqui
1716 621 1948 658 omnes.atque
1960 614 2106 647 omnino
2116 613 2159 647 fic
2170 624 2210 646 a..
2264 634 2268 642 .

361 671 511 705 erendum
524 668 578 707 est,
597 664 658 700 nisi
668 663 811 700 velimus
820 674 883 696 nos
894 662 913 695 ὲ.
922 659 1059 695 Christo
1070 658 1140 707 ipso
1151 657 1347 706 disiungere.
2202 650 2210 662 ·’
2266 655 2268 657 ’

360 701 384 719 ⁰
408 730 450 764 34
499 714 672 763 Suscepistu
684 710 895 760 cumgaudto.)
949 709 1035 744 Non
1045 708 1187 742 dubium
1200 708 1244 741 est
1254 710 1338 754 quin
1348 717 1383 741 vt
1394 707 1551 741 homines
1562 717 1653 741 erant
1663 704 1836 742 affectibus
1848 706 2010 749 obnoxii,
2026 720 2215 746 merorem

361 766 428 801 illis
439 764 584 801 attulerit
596 763 766 797 bonorum
776 758 911 794 suorum
922 759 1057 792 iactura.
1068 757 1190 791 Verum
1202 756 1276 790 talis
1285 754 1348 790 fuit
1360 768 1477 792 eorum
1489 754 1621 790 tristitia
1630 768 1702 803 quae
1712 757 1873 803 gaudium
1883 757 1948 790 hoc
1959 757 2080 804 dequo
2090 757 2208 805 loqui-
2216 764 2236 786 z„

362 827 416 850 tur
427 812 624 862 Apostolus,
634 823 706 845 non
719 809 905 857 impediret:
918 809 997 854 quia
1007 817 1181 854 paupertas
1193 807 1280 838 inter
1294 817 1343 839 res
1353 803 1499 839 aduersas
1513 802 1661 838 censetur
1672 803 1862 845 ,bonorum
1872 805 2019 853 direptio
2034 798 2210 842 inseconL

360 862 506 903 siderata,
517 862 633 897 dolore
644 871 699 894 eos
709 857 876 904 tangebat:
889 854 940 889 sed
951 867 1058 901 quum
1069 854 1168 888 altius
1179 854 1387 901 respicerent,
1399 853 1511 900 gaudii
1523 855 1692 887 materiam
1705 852 1928 901 concipiebat,
1940 867 2009 900 quo
2019 853 2104 889 illud
2114 858 2212 904 quiq..
2233 874 2241 879 ⁴.

360 913 444 959 quid
455 924 520 946 erat
531 909 655 945 doloris
665 932 674 946 ‚
689 908 884 942 leniebatur.
909 903 952 938 fic
964 906 1054 938 enim
1065 900 1173 937 sensus
1182 903 1314 936 nostros
1326 901 1461 936 caelestis
1479 903 1759 936 remunerationis
1770 900 1902 949 aspectu
1917 903 1937 936 ὲ
1947 904 2074 938 mundo
2092 902 2246 1048 abduci}

360 963 535 996 conuenit.
547 960 667 1006 Neque
676 956 764 990 aliud
774 956 850 988 dico
862 954 964 1000 quam
975 953 1067 999 quod
1078 954 1291 998 experiuntur
1300 952 1350 998 pii
1361 963 1491 984 omnes.
1505 951 1544 984 Et
1556 951 1642 984 certe
1656 950 1723 984 laeti
1733 952 1969 998 amplectimur
1979 951 2070 998 quod
2081 952 2216 1000 persua-'
2241 953 2243 957 ’

362 1009 385 1044 fi
397 1009 509 1044 sumus
521 1007 682 1043 cessurum
695 1003 794 1039 nobis
806 1005 841 1037 in
852 1000 1000 1036 salutem:
1012 1002 1103 1034 hunc
1114 1010 1226 1034 autem
1239 998 1465 1047 proculdubio
1480 996 1609 1033 sensum
1630 998 1756 1033 habent
1768 997 1830 1033 filii
1840 1000 1904 1033 Dei
1917 1000 1956 1033 de
1973 1000 2214 1037 certaminibus
2238 1039 2242 1042 ,

361 1072 436 1106 quae
446 1071 507 1106 pro
519 1056 643 1091 Christi
653 1053 760 1102 gloria
774 1050 966 1098 suscipiunt.
975 1053 1089 1095 Itaque
1102 1060 1276 1095 nunquam
1291 1049 1326 1082 in
1338 1047 1405 1082 illis
1417 1046 1533 1082 dolore
1544 1046 1723 1082 obruendis
1734 1050 1778 1082 ita
1788 1047 1934 1095 preualet
1945 1051 2051 1083 carnis
2062 1047 2212 1090 affectus,
2225 1051 2243 1090 ’,ς

361 1110 448 1155 quin
460 1108 575 1141 creetis
586 1107 621 1138 in
631 1102 749 1137 caelum
761 1099 931 1135 mentibus
943 1107 1113 1143 emergant
1124 1099 1160 1130 in
1171 1096 1338 1144 spirituale
1352 1097 1523 1143 gaudium.
1542 1098 1654 1142 Atque
1665 1096 1731 1130 hoc
1742 1096 1886 1144 designat
1902 1100 1987 1131 ratio
1998 1110 2099 1144 quarn
2111 1097 2248 1134 subii-¹3]

362 1160 420 1197 cit,
437 1153 711 1199 Scient'es,inquit,
722 1163 778 1184 vos
789 1146 902 1183 habere
910 1143 1268 1189 melioremfitbstamt'am
1277 1148 1309 1177 m
1318 1148 1396 1178 caelzs
1407 1148 1444 1183 ἔφ’
1454 1155 1653 1182 manentem,
1703 1145 1786 1179 Laeti
1797 1158 1888 1192 ergo,
1897 1144 2068 1180 bonorum
2079 1138 2243 1186 suoru‘r‘nff

366 1205 594 1252 direptionem
609 1198 815 1235 tolerabant:
827 1208 898 1232 non
911 1195 1004 1243 qubd
1012 1193 1155 1228 libenter
1167 1193 1235 1228 illis
1247 1191 1381 1241 spoliari
1392 1192 1420 1227 se
1436 1194 1585 1227 viderent
1598 1216 1608 1230 ‚
1620 1193 1672 1227 sed
1685 1195 1762 1240 quia
1773 1196 1894 1228 animis
1907 1193 2030 1229 intenti
2041 1191 2252 1243 meopte-114)

363 1252 539 1290 sationem,
550 1250 645 1285 facile
655 1258 860 1295 conceptum
871 1258 908 1280 ex
920 1242 1086 1293 praesentis
1098 1240 1178 1277 mali
1188 1241 1280 1277 sensu
1291 1241 1443 1276 dolorem
1455 1240 1747 1276 obliuiscebantur.
1768 1243 1807 1276 Et
1818 1241 1892 1277 sane
1903 1240 2099 1290 vbicunque
2118 1247 2212 1292 viget
2228 1232 2253 1278 'fii

362 1302 540 1336 caelestium
553 1300 723 1334 bonorum
735 1296 859 1345 gustus,
870 1307 942 1329 non
952 1290 1135 1340 vsquea-deo
1147 1289 1229 1339 sapit
1247 1292 1394 1326 mundus
1407 1304 1485 1326 cum
1497 1289 1560 1325 suis
1575 1289 1738 1325 illecebris
1748 1317 1760 1331 ,
1772 1301 1805 1324 vt
1817 1291 1868 1326 vel
1879 1292 2080 1339 paupertatis
2091 1315 2102 1331 ,
2122 1294 2176 1328 vel
2185 1296 2216 1328 i·-
2227 1282 2254 1322 J'?

363 1352 549 1399 gnominiae
561 1345 667 1382 sensus
678 1347 793 1380 dolore
803 1346 936 1378 animos
947 1341 1077 1376 obruat.
1098 1342 1186 1388 Ergo
1197 1339 1219 1374 si
1230 1342 1394 1389 patienter
1406 1345 1440 1375 δ(
1452 1342 1553 1387 aequis
1563 1341 1685 1374 animis
1696 1341 1830 1386 quiduis
1841 1350 1901 1388 pro
1924 1339 2060 1375 Christo
2070 1340 2216 1379 velimus
2239 1336 2254 1358 ⁵

361 1401 457 1436 ferre,
469 1400 508 1433 ad
517 1398 726 1444 frequentem
737 1396 806 1428 eius
815 1391 997 1427 foelicitatis
1010 1391 1264 1424 meditationem
1277 1388 1509 1429 assuescamus,
1533 1400 1596 1436 prae
1609 1400 1674 1435 qua
1684 1386 1870 1434 quisquiliae
1882 1385 1958 1423 sunt
1968 1391 2087 1424 omnia
2094 1391 2216 1426 mundi
2234 1398 2257 1428 9,

363 1448 466 1484 bona.
479 1449 553 1482 Nec
563 1444 826 1494 praetereundum
841 1442 885 1476 est
895 1441 988 1488 quod
1001 1441 1094 1476 dicit,
1105 1440 1239 1473 Sciemes
1248 1451 1303 1471 vos
1313 1436 1437 1471 habere:
1450 1436 1511 1472 nisi
1523 1440 1614 1472 enirn
1626 1440 1700 1484 quis
1712 1436 1829 1471 statuat
1841 1439 1882 1472 ad
1893 1435 1923 1472 se
1933 1440 2098 1486 pertinere
2107 1434 2215 1487 quam
2233 1429 2259 1496 ᾗ

363 1500 457 1533 Deus
468 1497 691 1531 haereditatem
703 1491 781 1526 filiis
793 1489 856 1525 suis
866 1487 1032 1538 promisit,
1043 1486 1178 1535 frigebit
1189 1485 1380 1521 Vniuersalis
1390 1488 1555 1534 cognitio.
2034 1489 2035 1492 ¹
2053 1528 2056 1530 v

409 1554 442 1591 35
493 1548 558 1593 Ἇζε
568 1541 724 1576 abactam
735 1543 856 1588 gitur.)
909 1537 1068 1572 Ostendit
1079 1536 1161 1583 quid
1170 1548 1233 1570 nos
1245 1535 1389 1570 maxime
1399 1538 1437 1569 ad
1447 1533 1724 1583 perseuerantiam
1733 1533 1912 1570 confirmet
1920 1557 1932 1573 ‚
1951 1548 2074 1585 nempe
2084 1533 2106 1571 si
2127 1535 2216 1573 fidu·
2234 1527 2241 1540 ³

363 1597 451 1630 ciam
464 1594 610 1628 nostram
619 1593 833 1624 retineamus:
849 1585 1126 1635 quandoquidem
1136 1597 1173 1619 ea
1181 1584 1319 1622 abiecta,
1329 1583 1388 1632 ipfi
1398 1597 1461 1618 nos
1473 1582 1643 1631 proposita
1653 1584 1803 1618 mercede
1813 1583 2032 1619 fraudamus.v
2038 1586 2102 1620 nde
2111 1599 2151 1634 ap
2156 1598 2219 1634 pa-

364 1655 426 1684 ret,
437 1641 541 1691 ipsam
552 1639 608 1690 pie
616 1638 792 1685 sancteque
801 1636 939 1671 viuendi
949 1634 1207 1669 fundamentum
1219 1631 1289 1668 effe.
1299 1633 1405 1676 Quod
1415 1643 1527 1666 autern
1540 1635 1804 1667 Remunerationis
1813 1636 1956 1667 nomine
1967 1636 2090 1676 vtitur,
2108 1648 2149 1669 eo
2162 1636 2217 1670 ni-

365 1692 417 1728 hil
431 1693 591 1726 diminuit
603 1689 641 1723 de
653 1689 796 1736 gratuita
806 1682 916 1720 salutis
927 1680 1157 1732 promiffione.
1168 1681 1210 1717 sic
1221 1684 1311 1716 enim
1323 1692 1450 1717 norunt
1461 1680 1574 1716 fideles
1586 1681 1682 1716 suum
1693 1680 1843 1716 laborem
1861 1684 1896 1715 in
1907 1683 2062 1717 Domino
2073 1696 2145 1718 non
2155 1682 2218 1720 effe
2257 1693 2259 1698 ⁴

365 1741 600 1778 frustraneum,
617 1749 652 1771 vt
661 1736 730 1770 sola
739 1737 804 1769 Dei
815 1732 1040 1768 misericordia
1048 1733 1209 1766 nitantur.
1235 1731 1297 1765 Sed
1307 1730 1368 1766 hac
1378 1731 1417 1767 de
1427 1742 1461 1764 re
1471 1729 1551 1765 alibi
1560 1729 1675 1778 saepius
1684 1731 1813 1766 dictum
1824 1730 1869 1765 est
1877 1754 1888 1769 ,
1900 1732 2078 1778 quomodo
2088 1730 2215 1767 scilicet
2264 1747 2265 1751 ,

366 1790 531 1825 Mercedis
542 1799 670 1823 nomen
680 1796 759 1819 cum
770 1785 912 1831 gratuita
921 1782 1052 1815 iustitiae
1062 1781 1288 1827 imputatione
1298 1792 1369 1815 non
1383 1791 1522 1828 pugnet.

435 1846 475 1890 36
541 1839 717 1878 Patientia
736 1837 834 1874 enim
852 1843 936 1887 opus
951 1828 1090 1871 habetis
1119 1844 1127 1866 :
1149 1839 1313 1884 vtquum
1329 1831 1556 1869 voluntatem
1573 1831 1644 1869 Dei
1657 1831 1815 1884 feceritis
1832 1858 1846 1877 ,
1870 1827 2057 1871 obtineatis
2069 1829 2215 1888 premisl

377 1910 504 1937 zonem.

354 1895 392 1953 s
421 1965 469 2005 37
526 1949 683 1991 eAdhuc
693 1951 789 1990 enim
793 1944 957 2003 pusillum
963 1946 1108 1999 tempori
1113 1954 1144 1988 s,
1156 1956 1204 1997 qu
1209 1943 1303 1983 anda
1312 1946 1378 1998 qui
1391 1953 1569 1984 venturus
1580 1942 1776 1995 est‚veniet‚
1789 1941 1831 1990 ἀ
1839 1957 1911 1983 non
1922 1941 2088 1985 tardabit.

141 2004 320 2047 assasti*
421 2012 460 2061 38
518 2016 558 2047 lu
552 2007 632 2060 stus
643 2016 760 2046 autem
771 2019 815 2045 ex
814 2005 892 2057 fide
900 2007 1015 2042 viaet·
1031 1998 1300 2054 &fisiabdud't‘us
1309 2000 1432 2052 fuerit,
1443 2015 1514 2040 non
1525 1998 1756 2042 obtestabitur
1762 2005 1883 2041 anima
1893 2014 1970 2039 mea
1980 2004 2020 2040 in
2029 2015 2080 2040 eo.

425 2081 465 2118 39
525 2071 614 2115 Qs
626 2073 744 2103 autem
755 2055 1193 2116 nonfitmusfiabduc‘ffionis
1203 2060 1241 2096 in
1243 2059 1495 2113 perditionem,
1493 2055 1562 2112 sed
1559 2057 1649 2111 fidei
1660 2062 1701 2099 in
1710 2057 1971 2112 acqut'fitionem
1982 2061 2117 2099 anime.

337 2115 361 2141 ξ,

337 2137 363 2206 ἓ
672 2177 680 2189 -
1143 2162 1359 2197 CAPVT
1409 2163 1484 2197 xi

340 2232 345 2309 l
371 2241 527 2324 Porrb
529 2270 626 2324 fides
637 2261 1271 2324 estrerumsperandarumfitbstantia,
1280 2260 1524 2315 demonstratio
1534 2276 1651 2302 eorum
1661 2275 1733 2317 quae
1745 2274 1816 2302 non
1825 2263 2009 2304 videntur.

420 2334 459 2375 36
496 2331 655 2363 Patientia
667 2328 746 2359 enim
756 2326 852 2372 opus.)
902 2323 1100 2356 Patientiam
1114 2320 1195 2353 dicit
1204 2319 1413 2353 necessariam
1427 2317 1498 2357 effe,
1509 2332 1581 2353 non
1592 2319 1722 2353 tantum
1733 2321 1812 2363 quia
1824 2321 1859 2353 in
1872 2317 1974 2354 finem
1985 2316 2085 2366 vsque
2093 2319 2217 2358 duran-

371 2378 452 2414 dum
471 2376 515 2411 est
525 2401 535 2416 ‚
558 2374 610 2410 sed
621 2377 700 2421 quia
716 2376 910 2407 innumeras
920 2382 1002 2404 artes
1021 2368 1121 2403 habet
1133 2369 1230 2402 Satan
1248 2366 1371 2414 quibus
1381 2380 1443 2401 nos
1462 2365 1628 2401 obturbet.
1650 2370 1760 2412 itaque
1779 2366 1841 2401 nisi
1851 2370 1934 2401 mira
1944 2366 2120 2403 tolerantia
2137 2370 2216 2405 esse-

374 2441 406 2463 ni
413 2440 449 2462 us
461 2425 613 2461 instructi
622 2446 632 2460 ‚
644 2421 765 2457 millies
776 2418 1003 2467 frangeremur
1013 2429 1192 2464 antequam
1204 2416 1244 2450 ad
1253 2416 1435 2450 dimidium
1456 2414 1565 2450 cursus
1574 2413 1679 2450 nostri
1698 2414 1838 2462 spatium
1856 2427 1997 2450 ventum
2010 2414 2097 2452 effer.
2136 2420 2216 2454 Hae·

373 2477 491 2511 reditas
515 2474 652 2521 quidem
665 2474 739 2505 vitae
758 2481 883 2503 aeternae
893 2470 959 2502 iam
969 2477 1056 2501 certa
1075 2464 1174 2500 nobis
1184 2465 1246 2499 est:
1267 2463 1318 2499 sed
1328 2466 1407 2511 quia
1417 2466 1484 2498 vita
1494 2463 1563 2498 haec
1581 2461 1682 2498 instat
1691 2464 1783 2497 stadii
1793 2464 1856 2502 est,
1875 2466 1958 2499 eniti
1972 2464 2012 2499 ad
2023 2477 2146 2502 metam
2173 2481 2216 2503 o-

371 2535 493 2572 portet.
526 2526 565 2557 In
577 2519 643 2569 ipsa
653 2531 765 2554 autem
776 2520 829 2552 via
853 2516 1000 2565 plurima
1013 2513 1182 2549 obstacula
1193 2516 1227 2548 δέ
1239 2511 1451 2548 difficultates
1469 2523 1670 2553 occurrunt,
1689 2524 1761 2558 quae
1772 2525 1844 2547 non
1858 2512 1987 2548 tantiim
1998 2526 2062 2548 nos
2080 2527 2219 2551 moren-

374 2585 428 2608 tur
440 2600 449 2614 ,
461 2573 511 2606 sed
523 2570 654 2605 cursum
666 2568 816 2603 nostrum
827 2562 956 2614 prorsus
970 2563 1172 2610 abrumpant
1181 2585 1190 2602 ,
1214 2560 1273 2596 nisi
1286 2564 1405 2609 ingens
1415 2560 1494 2595 adsit
1503 2563 1609 2595 animi
1628 2559 1792 2595 fortitudo
1801 2561 1840 2594 ad
1851 2560 2077 2597 eluctandum.
2102 2563 2218 2599 Mole-

374 2623 447 2656 stias
457 2630 666 2667 omnegenus
677 2615 780 2651 astute
794 2616 915 2662 ingerit
926 2615 1023 2648 Satan
1044 2610 1167 2659 quibus
1177 2623 1240 2645 nos
1252 2613 1427 2644 exanimet.
1449 2611 1606 2656 Denique
1622 2621 1798 2655 nunquam
1807 2609 1891 2644 duos
1910 2608 2015 2657 passus
2031 2610 2217 2649 conficient

372 2668 556 2705 Christiani
569 2665 690 2713 absque
700 2664 917 2709 fatigatione,
929 2660 989 2696 nisi
1011 2658 1040 2694 se
1051 2659 1227 2694 tolerantia
1245 2658 1434 2694 sustentent.
1471 2658 1613 2693 Proinde
1622 2657 1691 2691 haec
1708 2656 1776 2691 sola
1784 2659 1870 2691 ratio
1889 2658 1933 2691 est
1942 2671 2008 2705 qua
2027 2660 2216 2697 constanter

371 2730 549 2767 pergamus
563 2716 675 2750 :aliter
686 2726 795 2760 neque
803 2710 950 2760 parebim
957 2722 993 2744 us
1004 2711 1079 2743 Deo
1090 2732 1101 2749 ,
1111 2720 1221 2756 nevae
1234 2719 1383 2754 vnquam
1397 2709 1574 2755 *potiemur
1583 2705 1770 2740 haercditatc
1780 2703 1936 2753 promissa
1945 2719 2018 2754 quae
2027 2706 2085 2743 hic
2103 2721 2216 2746 meto-

371 2767 506 2814 nymice
515 2763 676 2806 ‘Promissm
688 2772 837 2796 vocatur.

420 2827 458 2861 39
508 2811 627 2848 Adhuc
636 2813 717 2844 enim
721 2809 858 2859 pusillum
866 2809 1031 2857 temporis.)
1080 2805 1136 2840 Ne
1147 2803 1324 2839 molestum
1336 2803 1435 2839 nobis
1446 2802 1482 2838 sit
1491 2803 1802 2841 tolerare,adm0net
1813 2816 1883 2838 non
1893 2803 2036 2850 longum
2047 2802 2118 2840 fore
2129 2817 2214 2842 tem·

373 2877 446 2916 pus.
456 2862 560 2897 Porro
572 2859 658 2896 nihil
669 2860 712 2893 est
722 2859 813 2905 quod
825 2858 930 2903 magis
941 2856 980 2889 ad
989 2853 1210 2889 subleuandos
1229 2854 1362 2887 animos
1372 2852 1475 2886 valeat
1498 2853 1658 2900 siquando
1668 2850 1831 2885 labascant
1841 2875 1852 2889 ‚
1869 2853 1970 2898 quain
1982 2852 2063 2887 dum
2074 2852 2144 2902 spes
2154 2855 2212 2890 da-

373 2927 427 2950 tur
437 2913 548 2947 breuis
559 2922 595 2944 ac
607 2909 791 2956 propinqui
802 2908 919 2940 exitiis.
930 2903 1217 2951 quemadmodum
1237 2901 1259 2936 fi
1271 2905 1452 2948 Imperator
1463 2915 1534 2936 non
1544 2899 1662 2949 procul
1674 2897 1734 2934 ess'e
1749 2897 1850 2936 finem
1860 2899 1940 2934 belli
1952 2899 2117 2941 militibus
2127 2905 2214 2939 oste-

375 2965 443 3003 dat,
455 2959 557 2995 modo
569 2957 744 3007 paululum
754 2955 861 2988 adhuc
872 2953 1059 2987 sustineant:
1072 2954 1116 2985 ita
1126 2949 1321 2999 Apostolus,
1333 2949 1436 2983 modo
1448 2952 1553 2984 animi
1564 2949 1667 2984 nostri
1680 2960 1736 2995 per
1746 2948 1926 2982 mollitiem
1936 2947 2008 2984 n'on
2019 2952 2213 2994 concidant,

374 3012 470 3047 breui
481 3011 672 3043 Dominum
685 3015 865 3038 venturum
879 3002 1049 3039 admonet,
1063 3003 1122 3046 qui
1136 3011 1198 3034 nos
1211 3000 1328 3047 eripiat
1339 3010 1375 3031 ex
1385 2998 1546 3032 omnibus
1557 2996 1663 3031 malis.
1688 2995 1792 3030 Porxb
1803 3007 1837 3030 vt
1848 2996 1922 3044 plus
1932 2995 2006 3031 fidei
2020 3002 2053 3033 ἀ
2063 3000 2215 3036 authori-

374 3063 451 3096 tatis
461 3057 578 3092 habeat
590 3051 787 3090 consolatio,
799 3051 1028 3084 testimonium
1041 3048 1214 3096 Prophetae
1225 3046 1382 3081 Habacuc
1391 3046 1525 3082 adducit
1535 3058 1572 3080 ex
1583 3047 1690 3092 capite
1699 3055 1793 3089 2.a.4.
1803 3045 1866 3079 Sed
1875 3058 1982 3092 quum
1993 3048 2104 3082 Graecz‘i
2111 3047 2213 3085 trans-

377 3110 541 3145 lationem
554 3103 723 3150 sequutus,
733 3100 945 3146 aliquantum
955 3096 1095 3131 discedat
1105 3100 1122 3131 a
1131 3095 1304 3143 Prophetae
1315 3093 1423 3129 verbis
1432 3117 1441 3132 ‚
1452 3095 1600 3142 primum
1609 3093 1752 3128 breuiter
1763 3105 1929 3140 exponam
1939 3094 2020 3141 quid
2029 3095 2116 3130 dicat
2132 3098 2214 3134 Pro-

377 3158 487 3206 pheta:
499 3153 616 3187 deinde
626 3149 835 3186 conferemus
848 3159 919 3193 quae
931 3144 1111 3193 Apostolus
1123 3143 1178 3179 hic
1189 3145 1434 3191 recitat-Qum
1445 3145 1484 3177 de
1495 3140 1649 3178 horribili
1659 3142 1766 3189 gentis
1776 3138 1927 3184 sueclade
1937 3139 2124 3179 differuiffet
2133 3146 2214 3181 Pro.

377 3207 488 3254 pheta,
501 3199 731 3249 expauefastus
747 3195 807 3231 suo
816 3197 989 3232 vaticinio,
1003 3192 1090 3229 nihil
1098 3193 1198 3227 habet
1207 3191 1388 3238 reliquum,
1399 3190 1460 3225 nisi
1469 3203 1504 3226 vt
1513 3189 1603 3237 quafi
1615 3189 1780 3224 mundum
1792 3188 1944 3236 egteffus,
1957 3192 1993 3224 in
2004 3188 2169 3239 speculam
2179 3192 2212 3229 se

376 3255 524 3300 recipiat·
536 3249 675 3297 specula
688 3258 797 3280 amem
810 3243 1005 3279 nostra,Dei
1015 3240 1154 3276 verbum
1165 3241 1209 3275 est
1226 3264 1236 3278 ‚
1246 3253 1316 3287 quo
1328 3242 1362 3274 in
1374 3239 1492 3274 caelum
1502 3239 1601 3286 vsque
1610 3239 1781 3284 erigimur.
1805 3240 1858 3273 Sic
1870 3240 1906 3272 in
1917 3238 2057 3274 statione
2074 3239 2129 3275 sua
2137 3240 2211 3276 col-

376 3303 516 3339 locatus,
530 3298 662 3332 iubetur
674 3306 798 3330 nouam
821 3291 1032 3340 prophetiam
1043 3288 1191 3326 scribere,
1202 3302 1274 3335 quae
1285 3286 1396 3322 salutis
1407 3286 1562 3322 fiduciam
1573 3289 1636 3335 piis
1645 3283 1767 3319 afferat.
1785 3287 1962 3331 Qoniam
1971 3297 2084 3323 tamen
2094 3299 2212 3324 natura

375 3349 565 3395 importuni
576 3345 649 3379 sunt
668 3344 836 3379 homines,
844 3351 881 3374 ac
891 3350 970 3374 vota
979 3337 1033 3373 sua
1042 3336 1224 3385 vsqueadeb
1239 3338 1494 3384 praecipitant,vt
1504 3335 1630 3383 semper
1637 3334 1767 3368 tardum
1777 3333 1837 3368 effe
1848 3336 1958 3369 Deum
1970 3346 2212 3383 putei-mquam·

371 3400 426 3433 uis
437 3395 579 3431 maxime
590 3385 985 3435 festinetzptomiffionem
998 3385 1065 3423 fine
1075 3398 1170 3422 mora
1178 3397 1353 3421 venturam
1364 3384 1664 3432 dicit.Qanquam
1674 3380 1771 3418 simul
1781 3383 1917 3426 addit,Si
1927 3385 2019 3418 mori
2025 3382 2211 3425 fecerit,i115

2109 3444 2210 3481 expe·⁴
