2268 3705
313 101 374 149 3¹68
555 58 560 63 ’
823 91 1584 152 νΙΝ111>15’1“.1>,ι1ν1,1

317 173 389 207 loci
400 171 456 211 est,
473 162 564 216 qubel
573 167 668 203 Deus
681 169 715 202 in
728 168 900 202 nerninem
912 168 1030 200 omnia
1042 164 1242 199 contulerit:
1260 162 1311 197 sed
1324 161 1464 210 quisque
1477 174 1597 197 certam
1611 160 1726 210 potius
1740 159 1926 198 mensuram
1936 166 2112 212 receperit,
2133 177 2171 202 vt

322 221 378 255 alii
388 220 459 254 aliis
470 218 652 264 indigeant·-
669 220 702 251 ὃς
717 219 751 250 111
761 225 946 250 commune
956 213 1159 248 conferendo
1171 212 1261 258 quod
1272 211 1407 258 singulis
1418 214 1529 245 datum
1545 212 1600 252 est,
1611 211 1667 245 alii
1678 211 1761 246 alios
1772 212 1891 246 mutuo
1902 215 2029 247 iuuent-
2042 213 2169 248 Nomi÷

321 282 364 304 ne
376 271 487 302 Gratia
500 270 533 301 δι
547 264 719 299 donationis
730 266 887 299 admonet
897 276 969 296 non
980 260 1039 295 effe
1056 257 1595 308 superbiendum,quantiscunque
1607 259 1741 294 dotibus
1751 259 2169 309 polleamus:quandoqui—

323 319 398 351 dem
414 330 453 351 eo
465 318 570 362 magis
582 313 730 348 obsti-iffi
744 312 854 348 sumus
865 313 952 345 Deo.
974 309 1076 343 Porro
1089 307 1262 342 Christum
1277 307 1354 342 facit
1365 319 1516 342 autorem
1530 330 1541 345 ,
1554 310 1633 353 quia
1643 307 1724 344 sicut
1733 310 1751 342 a
1764 309 1856 344 Patre
1866 307 1944 342 fecit
1955 311 2110 345 initium:
2125 313 2171 344 ita

323 369 360 401 in
373 365 480 412 ipsum
492 363 564 398 vult
578 375 639 397 nos
654 367 686 396 ὃς
698 362 807 395 nostra
818 372 874 393 om
881 361 934 391 nia
942 358 1097 403 colligere
1109 380 1118 394 ‚
1129 356 1414 401 quemadmodum
1426 355 1626 390 videbimus.

372 415 391 448 8
442 417 607 460 Propterea
617 409 714 452 dicte.)
767 409 858 453 Qa
869 405 1027 440 nonnihil
1038 418 1055 438 a
1065 407 1215 451 genuino
1227 402 1315 438 sensu
1330 404 1396 439 hoc
1407 404 1637 438 testimonium
1648 404 1781 440 detorsit
1791 402 1914 440 Paulus
1924 433 1935 447 ,
1948 417 1981 440 vt
1995 405 2169 454 proposito

326 460 386 496 suo
400 461 678 496 accommodaret:
692 459 789 503 impii
802 467 878 488 eum
889 456 1128 490 criminantur,
1140 451 1229 499 quasi
1240 453 1406 499 Scriptura
1415 451 1532 486 abusus
1540 451 1647 486 fuerit.
1664 455 1864 499 Qinetiam
1873 455 1969 489 Iudaei
1981 478 1990 492 ‚
2012 467 2082 501 quo
2097 453 2175 502 plus

327 510 470 545 habeant
480 507 603 543 coloris
615 507 653 539 ad
665 503 942 538 iii·.iledicendum,
957 500 1138 535 naturalem
1150 499 1256 548 ipsum
1269 498 1396 534 sensum
1409 498 1614 534 calumniose
1624 499 1822 548 deprauant:
1843 504 1936 549 quod
1947 504 1986 537 de
2000 505 2074 536 Deo
2087 515 2171 550 prae-

327 557 455 592 dicatur
465 583 473 594 ‚
497 556 535 590 ad
545 554 709 588 Danielem
722 551 772 584 vel
781 552 823 585 ad.
849 548 1015 597 populum
1025 548 1261 583 transferendo.
1271 549 1382 582 Dauid
1391 572 1399 586 ,
1413 551 1574 594 inquiunt
1583 572 1592 586 ,
1605 548 1655 582 vel
1669 549 1881 596 populus‚·in
1892 552 1997 586 altum
2011 549 2171 592 ascendit,

329 619 436 653 quum
453 616 502 639 tot
521 604 670 636 vietor-iis
682 600 801 637 elatus,
829 598 932 633 faetus
943 598 986 631 est
996 596 1144 632 hostibus
1165 595 1396 647 suissuperior.
1420 598 1524 642 Atqui
1536 595 1634 643 fiquis
1645 609 1758 631 totum
1768 595 1887 633 Psalmi
1899 611 2095 635 contextum
2118 612 2174 634 ex·-

330 654 451 703 pend.it
463 677 471 689 ‚
487 653 624 698 reperiet
635 647 695 683 soli
713 650 788 682 Deo
798 647 929 695 proprie
944 646 1009 680 hoc
1019 644 1132 680 tribui.
1152 656 1245 680 totus
1260 645 1407 678 Plalmus
1418 644 1508 691 quasi
1519 647 1690 692 epinicion
1703 646 1747 679 est
1758 647 1872 692 gquod
1882 649 1993 682 Dauid
2006 646 2049 681 ob
2063 649 2176 682 visto-
2216 629 2250 692 τῇ.
2266 658 2268 662 ’

331 706 393 737 rias
405 702 463 736 sibi
472 696 636 733 concessas
650 699 738 731 canit
745 698 832 732 Deo,
850 695 963 729 verum
975 707 1012 728 ex
1023 693 1118 729 rebus
1130 706 1185 741 per
1197 706 1335 728 manum
1345 691 1435 727 suam
1446 694 1541 740 gestis
1553 693 1725 728 occasione
1736 694 1865 742 sumpta
1876 702 1897 735 ',
1909 708 1981 742 quae
1993 698 2083 730 Deus
2094 695 2175 732 alias
2222 703 2234 735 ζ,
2245 730 2253 736 ,,

332 745 509 797 magnifice
523 747 665 780 ediderat
678 757 738 794 pro
749 743 848 780 salute
868 742 988 791 populi
999 740 1063 783 sui,
1082 742 1190 777 obiter
1201 753 1455 777 commemorat.
1473 739 1591 794 scopus
1602 743 1656 779 est,
1669 754 1703 776 vt
1717 741 1896 788 gloriosam
1907 745 1977 777 Dei
1986 746 2176 791 potentiam

335 803 369 833 δε
380 797 566 831 bonitatem
579 797 615 828 in
627 791 766 829 Ecclesia
776 791 984 841 spectandam
994 802 1174 839 proponat.
1199 793 1288 824 Inter
1297 789 1360 824 alia
1368 791 1447 824 dicit
1458 813 1468 827 ,
1491 791 1671 824 Alcendisti
1683 793 1718 824 in
1731 791 1848 825 altum.
1858 792 1951 825 Caro
1962 794 2052 829 enim
2061 792 2175 827 Deum

334 850 438 880 iacere
459 848 494 879 &
506 845 651 878 dormire
670 853 783 890 putat,
806 839 865 875 nisi
876 852 981 886 quum
1002 839 1110 887 palam
1123 851 1248 873 exercet
1267 839 1464 873 suaiudicia.
1486 840 1597 884 itaque
1609 837 1790 873 hominum
1802 840 1930 873 iudicio
1947 863 1958 877 ‚
1985 853 2091 887 quum
2111 854 2177 888 op-

332 892 433 941 pressa
453 894 496 927 est
510 890 669 931 Ecclesia,
689 893 777 924 Deus
789 889 1041 935 quodammodo
1060 889 1103 922 est
1112 886 1320 922 humiliatus.
1341 887 1399 921 vbi
1418 898 1528 921 autem
1539 886 1793 921 eiusliberandae
1811 885 1903 922 causa
1920 901 2059 923 manum
2079 888 2175 923 vltri-

331 955 404 977 cem
416 943 516 976 exerit
529 964 538 979 ‚
565 940 693 973 videtur
703 937 731 971 se
742 940 864 984 erigere
874 963 884 977 ,
896 940 928 970 δ’.
940 936 1036 970 suum
1046 935 1191 971 tribunal
1201 934 1428 970 conscendere.
1461 936 1634 981 Loquutio
1647 937 1690 970 est
1703 933 1776 968 satis
1791 934 1945 982 frequens
1960 941 1994 971 ὃ(
2006 949 2104 972 nota:
2119 937 2177 972 de—

332 995 436 1038 nique
457 989 609 1024 liberatio
637 985 781 1021 Ecclefiae
801 985 856 1019 hic
884 995 1020 1019 vocatur
1040 986 1105 1018 Dei
1124 984 1289 1018 exaltatio.
1319 983 1439 1018 Paulus
1457 984 1535 1017 verb
1555 997 1661 1029 quum
1680 984 1803 1018 videret
1821 985 1839 1018 ὲ,
1863 985 1993 1019 Dauide
2020 985 2178 1020 celebrari

333 1038 546 1087 triumphum
558 1037 596 1070 de
616 1034 774 1069 omnibus
788 1035 853 1067 Dei
864 1035 1013 1068 viCtotiis
1024 1056 1033 1069 ³
1054 1031 1267 1078 quascunque
1277 1034 1313 1065 iii
1322 1031 1469 1067 Ecclefiae
1479 1029 1539 1066 suae
1553 1031 1688 1066 salutem
1698 1031 1851 1066 retulerat
1865 1033 1984 1073 merito
1996 1033 2087 1069 hunc
2101 1047 2178 1068 ver-
2224 1059 2227 1062 -

334 1087 407 1121 sum
418 1089 456 1121 de
469 1083 653 1120 ascensione
671 1085 734 1116 Dci
746 1081 1017 1116 accommodauit
1027 1081 1068 1113 ad
1080 1080 1202 1114 Christi
1215 1078 1398 1127 personam.
1427 1081 1493 1114 Hic
1505 1082 1596 1114 enim
1607 1082 1792 1128 praecipuus
1816 1082 1860 1114 est
1870 1081 2060 1129 triumphus
2074 1095 2177 1129 quem

332 1138 425 1170 Deus
447 1145 591 1180 vnquam
606 1133 673 1178 egit
691 1156 699 1168 ‚
725 1141 831 1176 quum
842 1128 993 1163 Christus
1013 1129 1149 1163 deuicto
1172 1139 1331 1176 peccato,
1356 1125 1487 1162 subatra
1497 1138 1627 1166 morte,
1643 1130 1761 1163 Satana
1782 1128 1979 1176 profligato,
2003 1132 2038 1165 in
2059 1130 2180 1166 caelum

336 1181 512 1231 magnifice
527 1180 671 1215 sublatus
688 1179 748 1218 est,
776 1188 810 1211 vt
822 1175 970 1224 glorioso
982 1178 1126 1224 imperio
1135 1174 1310 1211 Ecclesiam
1327 1187 1461 1223 regeret.
1516 1177 1686 1211 Hadrenus
1699 1189 1770 1212 non
1789 1178 1833 1212 est
1852 1189 1910 1212 cur
1930 1179 2069 1214 obiiciat
2088 1177 2179 1226 quis-

335 1245 449 1278 quam,
462 1228 601 1264 Paulum
614 1227 678 1261 hoc
694 1228 887 1260 testimonio
900 1222 1036 1259 abusum
1047 1223 1106 1260 else
1117 1236 1230 1273 praeter
1241 1236 1387 1259 mentem
1398 1224 1550 1259 Dauidis.
1562 1237 1638 1260 nam
1649 1237 1755 1271 quum
1769 1226 1882 1260 Dauid
1893 1228 1927 1261 in
1939 1239 2100 1274 perpetuo
2113 1229 2178 1262 Ec·
2267 1241 2268 1261 ;

335 1274 435 1314 clesi'ae
449 1280 528 1312 statu
540 1279 604 1311 Dei
618 1275 758 1323 gloriam
769 1274 960 1309 consideret:
973 1272 1065 1308 nulla
1074 1274 1161 1309 certe
1171 1276 1351 1321 reperietur
1362 1275 1467 1319 magis
1480 1273 1692 1321 triumphalis
1709 1280 1740 1308 &c
1753 1276 1969 1309 memoranda
1990 1277 2056 1310 Dei
2065 1275 2179 1311 ascen-

336 1327 394 1368 sio,
408 1329 509 1373 quam
522 1337 589 1372 qua
599 1323 742 1358 sublatus
754 1324 799 1357 est
810 1323 960 1358 Christus
972 1323 1012 1355 ad
1022 1323 1124 1356 Patris
1133 1323 1310 1358 dexteram,
1323 1332 1356 1354 vt
1367 1320 1426 1355 fibi
1437 1333 1554 1356 omnes
1565 1324 1771 1369 principatus
1784 1325 1818 1357 S:
1839 1322 2092 1363 dominationes
2102 1324 2178 1359 sub-

337 1379 461 1413 iiceret.
480 1386 577 1420 atque
591 1375 636 1406 ita
649 1371 737 1406 fieret
749 1383 887 1405 aeteriius
899 1369 1044 1405 Ecclefiae
1056 1368 1116 1404 suae
1127 1371 1246 1404 vindex
1257 1374 1289 1405 ὃ(
1301 1370 1419 1404 custos.
1472 1371 1635 1417 Captus-am
1644 1369 1743 1404 duxit.
1779 1371 1966 1418 Captiuitas
1976 1370 2033 1406 hic
2050 1386 2180 1409 nomen

338 1425 381 1458 est
393 1421 626 1458 eolleffiuuim
640 1433 700 1468 pro
710 1419 859 1453 hostibus
869 1421 1022 1466 captiuis.
1032 1417 1192 1466 fignificat
1208 1431 1286 1465 ergo
1299 1417 1499 1465 simpliciter,
1517 1418 1608 1463 quod
1616 1419 1706 1454 Deus
1716 1421 1751 1453 in
1762 1419 1851 1454 snam
1862 1418 2058 1466 potestatem
2070 1421 2183 1457 hostes

341 1473 514 1519 redegerit:
532 1469 623 1516 quod
641 1468 771 1516 plenius
785 1470 820 1502 in
832 1468 968 1502 Christo
980 1468 1157 1515 impletum
1170 1468 1212 1501 est.
1227 1493 1236 1507 ,
1246 1468 1348 1513 quam
1358 1465 1437 1500 alias
1449 1478 1606 1512 vnquam.
1627 1479 1735 1512 neque
1746 1470 1837 1501 enim
1850 1469 2005 1503 Satanam
2017 1470 2121 1504 modi>
2143 1473 2181 1505 δε

333 1531 507 1569 peccatum
521 1523 551 1553 &
566 1529 709 1552 mortem
725 1540 735 1554 ‚
747 1515 899 1562 totosque
910 1513 1032 1549 inferos
1041 1514 1217 1563 prostrauit
1230 1528 1237 1548 :
1250 1515 1300 1549 sed
1312 1527 1350 1548 ex
1361 1513 1538 1548 rebellibus
1548 1516 1699 1560 quotidie
1709 1513 1786 1549 facit
1800 1513 1858 1550 sibi
1868 1515 2106 1563 obsequentem
2114 1530 2182 1566 po-

331 1568 465 1616 pulum,
479 1579 586 1614 quum
599 1565 699 1599 verbo
712 1563 770 1598 suo
783 1567 889 1597 carnis
900 1563 1016 1597 nostrae
1028 1561 1196 1597 lasciuiam
1206 1564 1320 1597 domat
1335 1560 1461 1596 :rursus
1472 1563 1580 1597 hostes
1593 1561 1679 1601 su03‚
1688 1562 1755 1597 hoc
1765 1563 1809 1598 est
1818 1566 1942 1612 impios
1952 1565 2181 1612 omnes,quafi

335 1616 447 1651 ferreis
458 1617 581 1650 catenis
592 1623 682 1648 tenet
692 1613 901 1648 constrictos,
914 1611 995 1645 dum
1005 1609 1143 1646 illorum
1153 1610 1300 1645 furorem
1310 1610 1445 1646 cohibet
1454 1609 1508 1645 sua
1519 1613 1651 1648 virtute,
1662 1624 1703 1646 ne
1712 1611 1787 1658 plus
1798 1612 1927 1646 valeant
1938 1614 2038 1659 quarn
2060 1613 2125 1648 illis
2137 1616 2179 1650 c6

331 1665 429 1699 cedit.
448 1663 568 1698 Verum
579 1662 671 1708 quod
680 1660 831 1709 proxime
842 1658 999 1705 sequitur,
1009 1659 1082 1707 plus
1095 1658 1268 1706 aliquanto
1278 1658 1376 1694 habet
1386 1657 1600 1703 difficultatis.
1613 1672 1693 1693 nam
1703 1672 1807 1706 quum
1821 1659 1937 1695 habeat
1946 1659 2182 1700 PsalmusDeii

331 1711 486 1760 accepill'e
497 1712 594 1746 dona:
607 1710 727 1745 Paulus
742 1705 920 1743 econuerso
931 1707 1281 1755 refert,Dediſj'e:atque
1291 1710 1337 1742 ita
1345 1709 1549 1742 contrarium
1561 1705 1690 1742 sensum
1700 1708 1830 1743 reddere
1841 1710 1981 1744 videtur.
1993 1711 2054 1744 Sed
2065 1713 2100 1745 in
2112 1712 2181 1746 hoc

332 1773 469 1808 quoque
481 1759 567 1795 nihil
578 1760 621 1793 est
632 1757 759 1792 absurdi
772 1771 781 1791 ς
802 1759 881 1804 quia
892 1769 964 1791 non
975 1755 1056 1791 solet
1065 1756 1184 1791 Paulus
1193 1759 1327 1791 recitare
1336 1754 1434 1790 verba
1443 1758 1576 1802 quoties
1588 1757 1791 1804 Scripturam
1809 1760 1905 1791 citat:
1931 1756 1982 1792 sed
1995 1769 2178 1794 contentus

299 1808 318 1837 5
332 1809 448 1844 locum
457 1805 621 1848 indicaffie,
634 1819 703 1840 rem
713 1808 826 1854 potius
838 1802 944 1853 ipsam
955 1801 1111 1851 sequitur.
1123 1806 1264 1851 Certum
1275 1805 1319 1839 est
1329 1814 1452 1841 autem,
1461 1803 1868 1851 DeuQngn-jpli-s-ibi—‚sed
1880 1806 2010 1853 populo
2020 1806 2078 1842 suo
2089 1808 2180 1842 dona

298 1839 315 1894 l
333 1855 499 1905 accepisse.
520 1857 559 1890 de
576 1854 697 1902 quibus
710 1856 863 1889 meminit
872 1853 993 1887 Dauid.
1021 1853 1108 1888 vnde
1119 1857 1153 1888 δε
1165 1845 1265 1901 pauso
1273 1853 1349 1887 ante
1360 1853 1491 1887 dictum
1510 1862 1577 1886 erat
1589 1854 1623 1886 in
1636 1850 1785 1894 Psalmo,
1803 1844 2181 1904 destriburasssse-spolia

335 1909 423 1941 inter
433 1904 574 1939 familias
584 1901 687 1938 lsrael.
699 1905 786 1950 Ergo
799 1915 904 1949 quum
915 1901 970 1936 hic
979 1901 1269 1949 accipiendiifuerit
1284 1899 1359 1936 finis
1370 1912 1405 1934 vr
1418 1901 1519 1938 daret,
1528 1902 1546 1934 ὲ
1558 1899 1661 1948 reipsa
1671 1902 1812 1937 minime
1824 1899 1961 1936 disceffit
1971 1902 2092 1938 Paulus
2104 1926 2114 1940 ,
2126 1914 2179 1938 vt-

335 1967 469 2000 cunque
482 1952 619 1986 verbum
633 1953 820 1986 mutauerit.
837 1952 1043 1997 Qanquam
1054 1962 1117 1997 ego
1128 1952 1164 1984 in
1174 1948 1334 1985 diuersam
1343 1949 1539 1983 sententiam
1551 1950 1656 1996 magis
1669 1948 1816 1987 inclino,
1845 1950 1983 1985 Paulum
1995 1952 2068 1985 data
2077 1948 2180 1999 opera

333 2002 474 2037 verbum
486 1999 632 2037 mutasse,
647 2012 707 2034 nec
718 1997 880 2033 adduxiffe
891 2010 1052 2045 tanquam
1065 2011 1102 2032 ex
1110 1997 1241 2033 Psalmo
1251 1996 1431 2045 sumptum:
1447 1995 1500 2031 sed
1511 2000 1624 2044 potius
1641 2009 1678 2030 ex
1693 1995 1797 2044 seipso
1807 1996 1977 2045 protulisse
1988 2000 2080 2045 quod
2091 2012 2178 2047 prae-

335 2048 418 2084 senti
433 2050 585 2084 instituto
598 2060 713 2096 aptum
733 2059 808 2082 erat.
830 2049 950 2093 Qum
960 2058 1040 2094 ergo
1051 2048 1089 2081 de
1100 2045 1224 2081 Christi
1243 2045 1441 2081 exaltatione
1450 2057 1554 2093 pauca
1565 2043 1662 2080 verba
1675 2042 1795 2079 Psalmi
1808 2044 1931 2080 citaffet
1941 2073 1951 2087 ,
1974 2047 2014 2081 de
2023 2045 2080 2082 suo
2091 2047 2182 2084 adie-

336 2102 381 2132 cit
394 2123 403 2136 ‚
415 2111 492 2132 eum
513 2096 630 2131 dediffe
642 2098 730 2131 dona
741 2119 750 2133 ,
775 2107 809 2129 vt
820 2094 856 2130 sit
868 2097 1009 2129 minoris
1028 2099 1062 2130 ὃς
1076 2097 1211 2130 maioris
1230 2096 1438 2142 comparatio
1450 2107 1458 2127 :
1478 2106 1543 2140 qua
1553 2094 1720 2127 ostendere
1731 2093 1803 2127 vult
1815 2093 1935 2129 Paulus
1946 2106 2074 2141 quanto
2093 2108 2178 2143 prae-

337 2147 472 2180 stantior
486 2145 521 2179 sit
543 2146 599 2180 ista
609 2147 674 2179 Dei
686 2143 829 2178 ascensio
849 2146 884 2178 in
896 2143 1020 2177 Christi
1032 2143 1168 2191 persona
1180 2169 1189 2181 ‚
1212 2145 1313 2190 quarn
1335 2142 1434 2177 fuerit
1454 2144 1489 2176 in
1508 2141 1673 2176 veteribus
1691 2141 1842 2176 Ecclefiae
1859 2143 2050 2190 triumphis.
2070 2156 2180 2190 quan-

339 2205 376 2228 to
386 2193 505 2230 scilicet
517 2193 728 2228 excellentius
739 2193 781 2226 est
791 2217 802 2229 ,
823 2194 987 2226 victorem
1005 2190 1183 2226 liberaliter
1201 2194 1317 2226 omnia
1328 2189 1488 2225 omnibus
1506 2189 1618 2236 largiri
1628 2213 1638 2225 ‚
1656 2191 1758 2236 quam
1769 2191 1787 2224 a
1796 2192 1893 2226 victis
1913 2189 2018 2238 spolia
2036 2190 2178 2239 collige-

337 2255 381 2276 re.
420 2244 525 2287 Qd
541 2242 597 2276 alii
617 2252 789 2289 exponunt
798 2264 807 2277 ‚
833 2240 1005 2275 Christum
1021 2241 1040 2274 a
1058 2241 1149 2274 Patre
1174 2238 1330 2288 accepisse
1340 2252 1411 2286 quae
1423 2237 1521 2272 nobis
1532 2237 1737 2272 distribueret
1748 2264 1758 2278 ‚
1769 2241 1923 2274 coactum
1944 2240 1988 2273 est
1997 2262 2006 2276 ‚
2022 2243 2056 2274 ὃ(
2079 2252 2175 2287 pror-

340 2289 391 2325 sus
413 2291 557 2325 alienum
569 2289 776 2337 apropofiro.
802 2287 926 2325 Nulla,
939 2302 1015 2322 meo
1027 2290 1153 2322 iudicio
1165 2311 1174 2326 ‚
1194 2291 1299 2336 magis
1309 2299 1465 2336 germana
1482 2285 1605 2320 solutio
1624 2286 1667 2319 est
1680 2288 1779 2332 quam
1791 2286 1847 2320 illa
1856 2287 1947 2333 quod
1958 2285 2036 2321 loco
2055 2287 2176 2323 Psalmi

341 2339 484 2374 breuiter
497 2341 642 2372 indicato
655 2365 664 2378 ‚
684 2337 802 2372 Paulus
813 2336 871 2370 sibi
883 2335 984 2371 libere
996 2335 1181 2384 promiserit
1194 2338 1308 2371 addere
1318 2336 1411 2382 quod
1422 2337 1456 2368 in
1467 2333 1599 2370 Psalmo
1608 2347 1678 2368 non
1690 2333 1827 2369 habetur
1837 2358 1847 2372 ‚
1865 2334 2000 2370 Christo
2010 2346 2125 2370 tamen
2136 2350 2173 2370 a-

341 2386 449 2434 lioqui
463 2389 624 2422 conuenit
634 2400 642 2420 ι
654 2387 724 2420 imo
740 2388 774 2420 in
787 2397 856 2432 quo
873 2385 1001 2420 excellit
1016 2397 1054 2420 ac
1067 2384 1267 2434 'praefercnda
1278 2386 1321 2420 est
1331 2383 1455 2422 Christi
1472 2381 1613 2417 ascensio
1625 2382 1787 2417 veteribus
1798 2382 1864 2417 illis
1891 2384 1955 2417 Dei
1965 2382 2081 2432 gloriis
2093 2397 2176 2431 quas

340 2437 451 2470 Dmd
462 2434 627 2469 recenset..

391 2494 411 2525 9
462 2482 546 2518 Illud
556 2494 657 2516 autem
670 2480 838 2526 Ascendit.)
888 2479 1033 2515 Rursum
1041 2481 1097 2516 hic
1109 2480 1247 2517 Paulum
1264 2482 1430 2528 exagitant
1439 2479 1705 2516 calumniatores,
1714 2477 1805 2524 qubd
1816 2477 1936 2514 friuola
1946 2482 1981 2514 δε
1990 2478 2110 2528 puerili
2121 2493 2187 2515 arm

343 2535 482 2579 gurione
493 2532 531 2565 ad
551 2531 671 2565 realem
681 2531 803 2565 Christi
814 2527 980 2564 ascensum
994 2530 1119 2564 trahere
1136 2540 1275 2565 conetur
1285 2529 1377 2576 quod
1387 2529 1426 2562 de
1440 2527 1656 2562 illustratione
1666 2529 1800 2561 Diuinae
1814 2527 1926 2574 gloriae
1936 2525 2074 2575 figurate*
2084 2529 2176 2564 diem

339 2581 396 2614 est.
428 2581 514 2619 Quis
527 2582 616 2613 enim
629 2582 779 2626 ignorat,
800 2580 959 2624 inquiunt
975 2601 985 2617 ‚
997 2580 1032 2612 in
1041 2578 1143 2612 verbo
1158 2577 1312 2613 Ascendit
1323 2601 1333 2616 ,
1344 2575 1404 2610 effe
1416 2577 1667 2624 metaphoram?
1687 2573 1819 2609 nullum
1835 2587 1914 2622 ergo
1932 2577 2064 2624 pondus
2075 2576 2175 2611 habet

345 2629 436 2674 quod
451 2628 556 2663 infert.
570 2626 748 2674 oportuisse
757 2630 838 2676 prins
847 2624 1033 2670 descendere.
1044 2626 1332 2674 Respondeomon
1342 2624 1397 2659 hic
1407 2625 1605 2660 contendere
1616 2635 1708 2657 more
1719 2622 1893 2658 dialectico
1904 2624 1985 2669 quid
1995 2623 2174 2659 necessatib

344 2690 383 2710 ex
403 2676 572 2722 Prophetae
585 2675 691 2709 verbis
701 2675 864 2721 sequatur,
877 2673 930 2707 vel
942 2673 1054 2708 inferri
1064 2685 1170 2721 queat.
1183 2675 1356 2710 Nouerat,
1376 2672 1603 2720 metaphorice
1610 2671 1775 2706 Dauidem
1792 2671 1830 2705 de
1838 2671 2035 2708 exaltatione
2046 2674 2110 2707 Dei
2119 2672 2174 2708 lo-

347 2735 502 2770 quutum.
514 2721 565 2756 sed
577 2727 654 2769 quia
665 2721 769 2757 rursus
784 2725 896 2770 negari
915 2735 985 2756 non
995 2724 1100 2770 potest
1113 2725 1194 2769 quin
1203 2724 1314 2756 Deum
1325 2723 1364 2755 ad
1373 2719 1767 2769 tempusquodammodo
1780 2718 1994 2753 humiliatum
2007 2718 2100 2754 fuisse
2120 2723 2174 2756 in-

346 2783 425 2806 nuat
436 2798 445 2811 ‚
469 2773 526 2817 qui
540 2784 614 2805 cuni
627 2773 779 2818 praedicar
799 2768 890 2806 fuilse
901 2770 1079 2806 exaltatum
1090 2786 1100 2804 .·
1120 2771 1239 2805 merito
1250 2769 1369 2804 Paulus
1381 2768 1560 2817 priusillud
1574 2781 1609 2802 cx
1622 2768 1686 2803 lioc
1698 2766 1838 2812 secundo
1850 2766 1990 2814 colligit.
2009 2770 2077 2802 Iam
2091 2769 2171 2803 verb

342 2822 421 2866 quis
435 2832 581 2865 vnquam
601 2819 736 2853 inferior
747 2821 810 2853 Dei
829 2818 892 2853 fuit
902 2817 1070 2854 descensus
1082 2843 1092 2858 ,
1119 2821 1220 2866 quam
1230 2819 1309 2853 dum
1322 2818 1471 2853 Christus
1482 2815 1619 2865 seipsum
1632 2817 1838 2852 exinaniuit?
1849 2827 1928 2863 ergo
1941 2813 1960 2848 {i
1972 2828 2121 2862 vnquam
2138 2816 2170 2852 se

347 2866 522 2915 nngm‘fice·
540 2867 654 2900 extulit
669 2870 756 2901 Deus
769 2895 777 2907 ,
790 2869 964 2914 postquam
974 2866 1061 2902 visus
1073 2867 1176 2901 fuerat
1187 2866 1350 2914 inglorius
1370 2863 1516 2905 iacuiffe,
1535 2866 1565 2898 i'd
1578 2863 1742 2911 praecipu&
1759 2862 1882 2897 fastum
1894 2864 1937 2896 est
1948 2876 2052 2910 quum
2067 2864 2172 2900 Chri-

348 2919 412 2952 stus
425 2929 460 2949 cx
476 2914 592 2949 infima
611 2915 670 2948 hac
682 2917 788 2950 nostra
799 2917 993 2950 conditione
1014 2919 1047 2950 in
1059 2915 1216 2950 caelestem
1227 2914 1368 2962 gloriam
1389 2925 1537 2961 receptus
1549 2914 1602 2947 est.
1621 2913 1763 2956 denique
1775 2924 1845 2944 non
1856 2910 1911 2945 hic
1940 2913 2115 2957 quaerenda
2125 2914 2170 2948 est

347 2963 534 3011 scrupulose*-
553 2962 686 2996 literalis
696 2962 813 2997 Pitilmi
825 2962 984 3010 expositio
996 2989 1004 3000 ‚
1023 2977 1127 3010 quum
1140 2963 1270 2998 tantum
1282 2964 1321 2996 ad
1340 2962 1510 3010 Prophetae
1520 2960 1618 2998 verba
1627 2959 1748 2994 alludat
1756 2959 1875 2992 Paulus
1890 2986 1899 2998 ‚
1910 2958 2050 3005 qualiter
2067 2963 2171 2996 etiam

343 3011 460 3047 locum
472 3011 572 3046 Molis
583 3012 620 3044 ad
632 3009 663 3044 su
670 3025 726 3045 um
742 3013 928 3045 institutum
940 3011 1084 3047 deflectit
1095 3039 1104 3053 ‚
1117 3015 1219 3046 Rom.
1229 3024 1299 3059 cap.
1310 3023 1355 3044 10.
1366 3023 1393 3044 a.
1407 3013 1438 3044 6.
1467 3011 1683 3054 Praeterqunm
1694 3017 1802 3040 autem
1815 3007 1904 3053 quod
1922 3006 2008 3041 nihil
2018 3007 2078 3043 nisi
2091 3021 2174 3056 pro-

345 3062 415 3108 prie
432 3065 465 3096 ὃς
479 3062 718 3094 conuenienter·
729 3060 960 3093 accommodat
969 3060 1090 3094 Paulus
1100 3061 1139 3094 ad
1148 3061 1271 3095 Christi
1284 3057 1475 3107 personam:
1489 3056 1630 3092 clausula
1640 3054 1704 3091 Psi]
1712 3057 1757 3088 mi
1767 3053 1839 3088 satis
1849 3056 2050 3091 demonstrat
2063 3080 2074 3094 ‚
2086 3058 2127 3091 ad
2136 3070 2172 3092 e-

346 3114 396 3143 ius
408 3121 546 3155 reguum
558 3110 719 3155 pertinere
752 3121 822 3154 quae
836 3106 904 3141 illic
914 3119 1087 3142 canuntur.
1109 3110 1314 3144 Vaticinium
1326 3109 1414 3142 enim
1424 3117 1572 3153 apertum
1584 3107 1735 3138 continet
1744 3103 1782 3137 de
1794 3103 1958 3139 Gentium
1977 3107 2169 3146 vocatione,

347 3169 381 3190 vt
393 3156 456 3190 alia
466 3168 599 3191 taccam.
643 3158 682 3188 In
692 3156 847 3199 inferiores
854 3166 966 3201 partes.
1008 3157 1084 3190 Hoc
1095 3157 1172 3190 vero
1185 3156 1296 3204 inepte
1306 3165 1463 3201 torquent
1475 3154 1608 3200 quidam
1620 3151 1671 3185 vel
1682 3152 1720 3184 ad
1735 3150 1885 3196 lymbum
1897 3175 1907 3189 ,
1919 3151 1972 3187 vel
1983 3153 2022 3187 ad
2032 3152 2169 3188 inferos:

343 3218 449 3250 quum
461 3206 499 3238 de
510 3203 670 3252 prael'enti's
680 3204 809 3238 tantum
821 3206 892 3237 vitae
903 3205 1098 3238 conditione
1108 3217 1181 3252 agat
1190 3204 1319 3239 Paulus.
1330 3205 1368 3237 Et
1378 3213 1612 3249 argumentum
1623 3201 1714 3246 quod
1725 3197 1858 3234 sumunt
1870 3212 1907 3234 ex
1919 3200 2022 3248 gradu
2031 3212 2173 3247 compa—-

344 3254 464 3289 ranno,
479 3256 578 3286 nimis
592 3251 762 3286 infirmum
775 3254 829 3286 est.
839 3263 1051 3298 comparatur
1064 3255 1155 3287 enim
1165 3265 1234 3286 non
1246 3265 1310 3286 vna
1322 3263 1394 3298 pars
1404 3263 1492 3284 terrae
1503 3259 1579 3284 cum
1589 3245 1751 3299 altera,sc*d
1761 3260 1832 3282 tota
1843 3259 1925 3283 terra
1933 3260 2011 3284 cum
2021 3247 2170 3291 celomcsi

340 3301 471 3336 diceret,
485 3303 527 3333 Ee<
543 3300 610 3334 sede
622 3312 687 3334 tam
702 3299 832 3335 excelsa.
847 3303 882 3334 in
893 3300 958 3333 lioc
971 3300 1118 3333 nostruin
1134 3299 1338 3347 profundum
1349 3298 1538 3333 barathrum
1551 3295 1755 3330 desceiidillc.

381 3358 417 3380 ro
467 3348 666 3396 Sapetomaezes
675 3352 766 3383 celos.
773 3354 784 3388 j
823 3348 962 3383 Perinde
974 3348 1017 3382 cst
1028 3346 1088 3384 acfi
1101 3349 1222 3387 diceret
1241 3372 1251 3386 ,
1262 3349 1362 3384 Extra
1373 3347 1537 3384 mundum
1559 3345 1652 3380 hunc
1665 3356 1824 3380 creatum.
1843 3346 1933 3380 Nam
1944 3344 2170 3428 ςυιιὲιιάἱῗιικ

2063 3405 2102 3429 iri
2134 3406 2171 3430 us
