2268 3705
477 110 592 161 AD
640 111 1598 165 CORINTHCAP-errr-
1919 129 1968 175 2³5?

123 183 241 220 melius
252 184 479 232 expenderent.
492 185 597 229 Qod
607 194 718 218 autem
728 186 763 218 in
774 184 861 231 Lege
872 183 1029 233 scriptum
1043 183 1102 219 ess‘c
1112 186 1277 223 dicit,non
1288 185 1442 222 abhorret
1454 191 1471 222 a
1483 194 1658 226 communi
1670 193 1736 229 vsu„
1746 185 1916 242 Propheta:
1926 212 1942 232 e
1952 218 1962 224 —

87 228 93 237 ἴ
124 236 196 268 nim
206 246 277 268 non
287 232 473 267 habuerunt
484 234 703 266 ministerium
716 233 734 266 ‘a
744 233 831 279 Lege
842 230 1037 280 separatum,
1047 232 1099 268 sed
1113 233 1246 269 fuerunt
1258 236 1355 282 Legis
1369 238 1570 284 interpretes:
1584 244 1616 272 oe·
1630 251 1698 274 tora
1708 255 1823 277 eorum
1834 246 1960 280 doetri—

120 282 327 328 na‚quaedam
337 281 381 314 est
394 278 497 314 veluti
507 280 597 314 illius
609 281 783 328 appendix:
795 281 879 314 vnde
887 282 954 315 Lex
967 283 1010 315 est
1021 291 1132 317 torum
1145 285 1316 331 Scriptura·
1327 296 1446 333 corpus
1472 286 1569 332 vl'que
1581 289 1618 320 ad
1630 290 1752 322 Christi
1762 294 1954 329 aduentumz,

121 332 167 364 Ex
178 343 218 364 eo
228 339 316 364 nunc
327 326 499 362 concludit
510 328 641 368 Paulus,
656 330 788 366 Fratres,
801 330 946 363 cauenda
961 331 1004 363 est
1015 330 1082 365 haec
1097 334 1248 379 pueritia,
1262 343 1334 379 quae
1345 344 1412 366 tam
1424 332 1531 368 seuere
1542 335 1560 368 a
1569 334 1732 382 Propheta
1744 341 1955 385 reprehendi-

122 390 186 411 tur:
197 389 230 411 vr
243 389 306 411 vox
315 377 380 410 Dei
392 378 427 409 in
438 376 570 412 auribus
581 377 691 411 vestris
701 374 828 410 resonet
839 376 959 423 abique
969 376 1090 412 fructu.
1108 381 1226 425 Quum
1237 380 1314 413 vero
1325 380 1470 416 oblatam
1482 383 1522 417 ad
1532 395 1667 417 manum
1679 388 1889 432 prophetiam
1900 402 1952 423 re-

121 425 248 472 spuitis,
262 428 296 458 ὃ(
307 421 530 472 obstupescere
542 424 699 459 mauultis
709 426 748 458 ad
760 428 893 460 inanem
906 423 1065 463 sonituum
1077 427 1191 461 nonne
1202 429 1235 461 id
1246 429 1289 462 est
1301 428 1384 463 vltro
1396 431 1559 464 incurrere
1572 434 1607 465 in
1619 432 1854 468 maledictione}
1871 438 1952 470 Dei?

119 473 221 508 Porro
232 485 273 506 ne
284 474 470 520 exciperent
480 473 664 513 Corinthii,
675 472 797 508 laudari
807 472 928 508 alicubi
939 476 1115 521 pueritiam
1127 474 1339 523 spiritualem:
1352 482 1525 513 anteucrtit
1536 479 1706 518 Paulusne
1715 481 1864 515 hortatur
1874 487 1950 529 qui-

119 524 195 555 dem
205 533 261 554 eos
271 531 303 554 vt
317 523 409 567 pueri
420 519 481 554 sint
493 521 618 555 malitia
627 545 636 559 ‚
657 520 708 565 sed
718 524 893 568 pueritiam
905 519 1010 556 sensus
1024 534 1171 557 caueant.
1183 525 1277 557 Vnde
1288 525 1481 572 colligimus
1498 530 1599 573 quam
1609 531 1819 575 impudenter
1830 530 1950 566 iaciant

117 571 177 614 qui
188 567 431 615 simplicitatem
441 569 708 605 Christianorum
718 570 924 605 constituunt
935 572 969 604 in
982 573 1180 617 ignorantia:
1192 571 1262 605 vult
1274 573 1393 607 Paulus
1410 587 1527 609 ornnes
1543 574 1651 610 fideles
1660 576 1762 618 iensu,
1769 579 1878 623 quoad
1889 579 1946 614 lie-

117 630 144 652 ri
157 618 272 664 potest,
283 614 343 651 else
353 616 527 665 perfectos:
541 620 625 666 Papa
635 639 645 655 ,
660 619 737 664 quia
748 616 876 652 facilius
887 619 930 652 est
939 617 1044 652 asinos
1053 619 1170 654 ducere
1181 621 1279 666 quam
1291 621 1447 656 homines
1458 646 1468 660 ,
1478 635 1632 670 praetextu
1644 624 1861 673 limplicitatis
1871 645 1880 664 5
1892 640 1947 661 ru-

118 668 172 700 des
186 665 419 716 manere-iubet
428 678 545 701 ornnes
555 664 628 701 suos
639 679 647 699 z
658 665 738 700 hinc
757 664 812 700 fiat
831 669 1037 715 comparatio
1056 667 1152 715 quale
1166 668 1204 703 lit
1214 670 1362 715 regimen
1373 671 1513 717 Papatus
1525 695 1534 708 ,
1555 676 1587 707 ὅ(
1600 674 1701 719 quam
1711 673 1748 710 lit
1761 675 1883 709 chtisti
1893 679 1930 710 in
1939 697 1946 700 -

111 715 227 749 stituto
239 719 506 749 conieiitaneum.
635 750 641 764 Ι
850 751 853 754 ,

164 773 199 796 2:
249 764 360 806 Itaque
370 763 551 810 lmguaefigni
560 763 655 807 vic‘e.)
702 761 891 811 Dupliciter
900 765 1005 811 potest
1015 763 1137 812 exponi
1148 764 1202 798 hic
1212 763 1322 800 locus:
1336 779 1457 815 nempe
1470 779 1505 802 vt
1528 767 1653 803 illatiua
1665 770 1824 817 particula
1834 775 1946 819 proxi-

117 823 178 845 mx
189 811 318 845 rantum
328 808 494 844 sententiae
504 810 696 858 respondeat
709 821 717 842 ε
736 810 786 844 vel
797 822 832 845 vt
845 811 993 859 respiciat
1003 812 1198 859 generaliter
1207 815 1245 847 ad
1259 825 1363 848 totam
1373 814 1572 864 luperiorern
1585 816 1851 865 disputationem.
1866 822 1897 854 Si
1907 820 1946 856 fit

113 858 320 909 particularis
330 856 556 898 illatio,sensus
567 860 636 893 erit.
648 860 772 893 Videtis
783 858 971 899 fratres‚hoc
982 863 1073 907 quod
1085 872 1152 895 tam
1162 863 1279 910 cupide
1290 866 1527 910 appetitis,non
1538 863 1597 898 esse
1607 862 1669 899 Dei
1682 865 1882 903 beneficium
1894 879 1945 904 'er-

114 920 156 955 ga
166 906 287 945 fideles,
298 905 350 941 sed
359 919 495 955 poenam
507 919 573 954 qua
582 907 769 942 incredulos
783 906 958 942 vlciscitur.
971 909 1047 943 Hoc
1059 910 1161 944 modo
1173 923 1243 945 non
1262 908 1528 959 coinprehEderet
1538 914 1659 947 Paulus
1670 926 1866 961 perpetuum
1878 917 1946 954 lin*

113 967 254 1004 guarum
269 953 372 991 vsum:
392 952 445 988 sed
458 956 588 989 tantum
599 959 773 1003 attingeret
785 958 876 1002 quod
886 955 983 991 semel
993 959 1124 992 accidit.
1135 959 1245 1005 Siquis
1257 971 1370 995 tamen
1382 960 1474 995 malit
1484 963 1655 996 extendere
1664 963 1703 996 ad
1713 974 1819 997 totam
1831 964 1946 1015 dispu-

112 1007 290 1045 tationem,
302 1004 443 1038 minime
455 1015 618 1051 repugno:
629 1017 821 1051 quanquam
835 1004 891 1038 illa
900 1008 990 1053 prior
1002 1008 1229 1054 interpretatio
1240 1007 1324 1042 mihi
1343 1021 1414 1044 non
1425 1008 1584 1057 displicet.
1598 1010 1804 1045 Generaliter
1814 1011 1948 1050 sumeni-

110 1055 168 1091 do,
178 1050 284 1087 sensus
294 1053 367 1092 erit,
377 1052 527 1098 Linguae,
537 1064 699 1098 quatenus
709 1055 744 1087 in
756 1052 885 1100 lignum
895 1055 976 1089 darae
984 1053 1137 1093 sunc,h0c
1147 1056 1237 1090 estin
1249 1056 1531 1098 miraculum,non
1544 1061 1676 1107 proprie
1688 1059 1840 1094 fidelibus
1850 1061 1961 1095 desti--⁴

111 1113 246 1139 uantur,
257 1101 307 1135 sed
317 1100 506 1135 incredulis.
516 1100 695 1149 Multiplex
705 1113 770 1136 erat
780 1102 971 1148 linguarum
980 1101 1066 1138 vsus:
1075 1102 1259 1138 seruiebant
1269 1104 1459 1144 neceffitati‚
1467 1120 1508 1140 ne
1517 1109 1692 1154 impediret
1704 1108 1868 1143 diuersitas
1880 1110 1947 1144 lin-

107 1162 250 1196 guarum
259 1147 449 1198 Apostolos,
462 1151 646 1195 quominus
663 1148 881 1198 Euangelium
902 1149 1087 1198 spargerent
1096 1165 1152 1199 per
1161 1163 1272 1189 totum
1282 1153 1397 1190 orbem
1409 1155 1518 1190 :nulla
1530 1168 1608 1203 ergo
1624 1168 1703 1203 gens
1717 1168 1782 1190 crat
1791 1169 1869 1192 cum
1880 1172 1947 1205 qua

110 1211 182 1232 non
194 1195 322 1245 pulsent
332 1199 592 1232 communicare.
612 1195 793 1233 seruiebant
803 1200 901 1232 etiam
916 1200 955 1233 ad
975 1201 1160 1235 monendos
1170 1199 1318 1236 infideles
1329 1214 1385 1236 aut
1394 1204 1562 1238 terrendos
1580 1203 1730 1239 miraculi
1753 1205 1944 1253 conspeetut

108 1259 188 1281 nam
200 1245 293 1281 licuti
303 1246 445 1280 aliorum
456 1245 707 1285 miraculorum,
717 1249 762 1281 ita
772 1249 871 1281 etiam
882 1246 981 1282 huius
992 1246 1066 1282 finis
1078 1248 1283 1286 erat‚alienos
1292 1251 1398 1285 adhuc
1409 1253 1427 1285 a
1439 1252 1572 1286 Christo
1584 1265 1760 1302 praeparare
1770 1255 1810 1287 ad
1822 1257 1890 1289 eius
1903 1268 1943 1290 o-

108 1293 324 1329 bedientiam.
335 1293 459 1328 Fideles
468 1296 527 1341 qui
539 1293 645 1328 seiam
657 1297 726 1330 eius
736 1297 894 1330 doctrinae
904 1295 1102 1334 addixerant,
1114 1309 1186 1330 non
1195 1298 1276 1330 adeo
1290 1298 1485 1345 infligebant
1496 1299 1552 1333 tali
1567 1304 1814 1348 praeparatione»
1826 1303 1945 1351 Perpe-

105 1355 178 1377 ram
188 1355 269 1390 ergo
280 1347 314 1378 δέ
325 1353 412 1377 extra
422 1343 549 1383 locum,
560 1344 688 1377 donum
700 1342 781 1378 illud
791 1342 990 1391 promebant
999 1344 1184 1384 Corinthii,
1193 1344 1343 1392 neglecta
1356 1351 1389 1382 ὅς
1400 1349 1528 1381 iacente
1539 1349 1798 1395 prophetia,quae
1809 1355 1942 1399 proprie

106 1396 143 1426 δε
163 1391 372 1439 peculiariter
381 1392 487 1426 dicata
496 1392 540 1425 est
550 1390 702 1426 fidelibus
711 1415 722 1430 ‚
745 1392 885 1439 ideoque
895 1391 1066 1426 familiaris
1088 1392 1154 1427 illis
1164 1391 1224 1427 esse
1235 1392 1330 1429 debet
1342 1407 1349 1427 :
1360 1407 1439 1428 nam
1449 1407 1485 1431 in
1510 1395 1635 1444 linguis
1645 1397 1732 1432 nihil
1753 1397 1942 1445 speritabant

104 1451 222 1488 praeter
231 1439 442 1475 miraculum.
1885 1452 1887 1455 '

153 1499 188 1533 23
238 1492 317 1536 Ergo
321 1488 350 1534 fi
356 1491 526 1522 conuenerit
533 1489 689 1534 Scelesta.)
740 1489 915 1533 Qoniam
928 1490 1149 1537 praeoccupati
1160 1488 1256 1524 stulta
1271 1493 1306 1526 δε
1321 1503 1420 1537 praua
1431 1493 1621 1540 cupiditate,
1633 1495 1754 1528 vitium
1765 1493 1858 1530 suum
1871 1504 1941 1533 non

106 1535 298 1571 cernebant:
307 1536 466 1571 admonet
477 1536 621 1572 ludibrio
632 1540 815 1585 impiorum
825 1548 881 1572 aut
891 1537 1107 1572 indoctorum
1117 1536 1281 1585 expositos
1289 1537 1359 1572 fore
1369 1539 1452 1586 liqui
1462 1544 1499 1575 in
1511 1552 1626 1575 eurum
1637 1553 1726 1576 coetu
1739 1542 1942 1591 ingreffnau-

104 1585 198 1618 diant
210 1582 297 1632 ipsos
309 1582 582 1623 resonantesmon
593 1585 780 1633 loquentes.
789 1587 863 1631 quis
873 1588 964 1620 enim
974 1586 1130 1620 indoctus
1141 1599 1212 1621 non
1224 1586 1383 1622 iudicabit
1393 1588 1536 1636 defipere
1545 1590 1702 1625 homines
1712 1595 1771 1637 qui
1781 1590 1942 1631 sermonis

102 1633 184 1667 loco
195 1634 292 1667 edent
302 1631 436 1667 inanem
446 1633 605 1674 sonitum,
618 1645 650 1667 at
677 1646 717 1667 ue
727 1635 763 1668 in
773 1632 830 1666 illa
837 1636 982 1668 vanitate
991 1633 1317 1682 occupabuntur‚qui
1328 1646 1439 1671 tamen
1452 1649 1544 1672 erant
1553 1643 1745 1687 congregati
1755 1641 1794 1673 ad
1804 1641 1942 1679 audien-
1961 1666 1963 1668 -

103 1682 180 1716 dam
189 1682 256 1717 Dei
263 1682 451 1716 doetrinam
464 1688 473 1714 Ξ
492 1681 600 1716 Habet
610 1694 667 1716 mu
683 1693 756 1716 turn
773 1681 880 1716 aculei
891 1682 959 1717 haec
973 1680 1144 1720 sententia,
1155 1682 1313 1717 Plauditis
1327 1687 1335 1717 i
1363 1683 1385 1718 fi
1402 1685 1498 1720 vobis
1510 1688 1544 1720 in
1559 1684 1629 1721 finu
1641 1700 1649 1720 t
1663 1690 1759 1735 impii
1768 1699 1880 1723 autem
1904 1694 1942 1725 δε

99 1730 383 1778 ίηάοὗὲίίηερῐίεις
393 1730 509 1763 vestras
517 1730 720 1765 rident.Non
731 1730 847 1765 videtis
856 1743 935 1778 ergo
947 1731 980 1765 id
990 1731 1081 1778 quod
1091 1732 1236 1767 indoctis
1248 1736 1282 1766 ὅ(
1291 1734 1327 1766 in
1353 1732 1480 1769 delibus
1491 1735 1534 1769 est
1545 1734 1846 1782 conspicuum.Hic
1857 1747 1941 1784 que*

99 1777 245 1813 {tionem
255 1787 369 1812 mouet
379 1776 645 1823 Chrysostomus:
657 1791 762 1825 quum
774 1778 896 1826 lingua:
907 1780 988 1813 datae
998 1777 1060 1813 fint
1071 1779 1249 1816 incredulis
1257 1782 1292 1815 in
1302 1780 1445 1828 iignum,
1462 1795 1520 1817 cur
1529 1796 1621 1818 nunc
1630 1784 1718 1818 dicat
1728 1785 1768 1820 ab
1779 1784 1843 1820 illis
1854 1787 1941 1821 derin

100 1825 175 1862 sum
184 1828 245 1860 iri?
266 1822 460 1874 Respondet
472 1850 483 1864 ‚
495 1828 530 1861 in
541 1825 674 1874 iignum
687 1825 746 1861 effe
755 1840 824 1874 quo
839 1825 1060 1875 obstupefiant
1070 1841 1078 1862 ι
1089 1841 1160 1863 non
1171 1839 1281 1863 autem
1293 1831 1483 1867 erudiantur
1491 1838 1548 1866 aut
1560 1832 1598 1865 ad
1609 1831 1783 1868 meliorem
1806 1832 1939 1881 frugem

99 1875 313 1910 reducantur:
334 1879 369 1909 &
378 1883 490 1909 tamen
500 1888 616 1910 eorum
636 1875 850 1923 improbitate
862 1875 931 1910 fieri
945 1875 1115 1923 subiungit
1132 1886 1167 1911 vt
1176 1875 1439 1924 fignumducant
1448 1892 1508 1927 pro
1518 1883 1682 1918 amentia,
1702 1881 1791 1918 Mihi
1814 1880 1938 1919 solutio

99 1923 211 1958 isthaec
220 1935 290 1957 non
301 1921 427 1971 placet:
440 1936 519 1958 nam
530 1936 700 1971 vtcunque
719 1936 894 1958 moueatur
914 1922 1057 1959 infidelis
1068 1936 1124 1959 aut
1133 1925 1238 1960 idiota
1248 1926 1410 1972 miraculo
1420 1949 1430 1966 ,
1454 1927 1649 1975 donumque
1658 1929 1722 1963 Dei
1742 1942 1937 1965 reuereatur:

97 1984 171 2007 non
182 1982 295 2006 tamen
308 1972 383 2005 ideo
406 1973 509 2006 ridere
520 1971 641 2007 desinet
651 1985 688 2007 ac
705 1973 860 2007 damnare
870 1974 1145 2021 intempestiuum
1154 1974 1235 2008 doni
1246 1973 1397 2012 abusum,
1407 1980 1440 2010 ὃ(
1455 1973 1541 2024 apud
1554 1975 1639 2010 scita
1655 1979 1821 2025 cogitare,
1843 1979 1939 2024 Quid

96 2022 150 2055 isti
160 2019 219 2054 fibi
234 2019 355 2054 volunt
367 2042 378 2057 ‚
390 2018 510 2067 seipsos
521 2025 556 2055 δε
566 2020 650 2055 alios
661 2023 804 2056 inaniter
817 2021 1004 2069 fatigando?
1022 2019 1181 2069 quorsum
1195 2025 1336 2070 pertinet
1350 2023 1448 2070 loqui
1457 2037 1491 2058 vr
1500 2025 1587 2059 nihil
1600 2024 1745 2060 discant?
1770 2030 1884 2073 ltaque
1895 2027 1936 2061 si-

97 2068 235 2116 gnificat
245 2067 378 2110 Paulus,
391 2070 512 2103 merito
521 2069 717 2105 damnatum
728 2071 767 2104 iti
776 2069 908 2105 insaniae
922 2068 1122 2107 Corinthios
1131 2069 1171 2105 ab
1182 2070 1359 2107 incredulis
1372 2076 1406 2106 δε
1419 2072 1575 2111 indoctis,
1591 2084 1760 2120 vtcunque
1770 2074 1829 2111 sibi
1849 2074 1939 2112 mul-⁷

94 2127 172 2152 tum
186 2117 347 2165 placeant.
1872 2130 1878 2134 '

94 2170 98 2172 “
145 2173 190 2212 24
275 2163 473 2213 ubdfiomnes·
484 2166 689 2216 Prophetent.)
730 2167 1028 2212 Qemadmodurn
1039 2167 1115 2202 ante
1125 2168 1281 2203 docuerat
1291 2180 1419 2215 quanto
1430 2167 1628 2204 fruetuofior
1637 2169 1674 2204 sit
1687 2171 1863 2219 prophetia
1872 2173 1934 2207 do„

97 2215 242 2249 mesticis
252 2213 272 2248 fi
297 2215 443 2261 eisquam
455 2213 589 2263 lingum,
600 2218 645 2250 ita
654 2228 744 2250 nunc
755 2218 914 2250 extraneis
925 2228 1061 2263 quoque
1071 2215 1151 2250 vtile
1161 2215 1232 2250 fore
1242 2217 1424 2263 doceuquae
1435 2216 1629 2252 validiffima
1641 2219 1684 2253 est
1696 2223 1780 2254 ratio
1791 2222 1829 2254 ad
1841 2232 1935 2255 coar-

92 2263 245 2311 guendos
255 2262 465 2298 Corinthios.
477 2267 620 2308 Qantae
632 2266 722 2298 enim
734 2266 904 2311 prauitatis
916 2264 1102 2303 est‚donum
1111 2263 1309 2313 paruifacere
1318 2267 1408 2312 quod
1419 2268 1510 2309 intus
1522 2271 1556 2301 &
1567 2279 1655 2301 extra
1665 2266 1871 2304 vtiliffimum
1880 2268 1928 2304 siti

94 2313 201 2346 teneri
211 2322 322 2346 autern
331 2310 455 2347 defixos
465 2315 501 2346 in
510 2312 577 2346 allo
587 2313 678 2359 quod
688 2313 781 2346 domi
792 2311 828 2347 fit
839 2311 905 2346 illis
916 2312 1086 2352 inutile,&
1098 2313 1185 2360 apud
1196 2323 1366 2347 extraneos
1378 2312 1619 2351 ostendiculum
1635 2317 1698 2350 etii
1712 2319 1930 2363 pariatiffiuuc

93 2371 157 2408 pro
184 2359 278 2394 hetiae
289 2358 435 2395 fructum
446 2363 620 2408 proponit,
630 2360 722 2407 quod
731 2363 916 2407 impiorum
930 2358 1147 2395 conscientias
1157 2363 1236 2395 citat
1244 2362 1285 2395 ad
1293 2361 1439 2397 tribunal
1451 2364 1529 2401 Dei,
1545 2368 1578 2398 &
1589 2367 1669 2398 viuo
1678 2366 1798 2399 Diuini
1816 2367 1933 2401 iudicii

92 2408 150 2443 sen
166 2418 186 2442 u
196 2409 242 2442 ita
251 2407 400 2456 percellit
409 2431 419 2446 ‚
446 2419 482 2442 vt
490 2411 549 2456 qui
559 2409 636 2443 ante
646 2407 774 2444 securus
783 2406 892 2443 sanam
903 2409 1090 2444 doctrinam
1102 2408 1299 2457 despiciebat
1310 2436 1320 2450 ,
1330 2421 1469 2458 cogatur
1478 2412 1552 2446 dare
1562 2411 1703 2459 gloriam
1715 2413 1800 2447 Deo.
1823 2415 1932 2449 Caete-

91 2457 168 2492 rum
177 2455 306 2491 facilior
320 2450 429 2490 multo
441 2460 500 2491 erit
513 2457 613 2492 huius
625 2454 692 2492 loci
703 2456 936 2504 intelligentia3
951 2456 973 2491 si
984 2469 1061 2492 cum
1071 2456 1174 2492 altero
1184 2457 1372 2493 conferatur
1381 2462 1440 2506 qui
1449 2459 1587 2494 habetur
1596 2462 1634 2494 ad
1646 2461 1679 2494 H
1684 2461 1803 2496 ebraeos
1817 2465 1929 2510 cap.4;

89 2516 165 2540 οη.
173 2506 280 2540 Viuus
292 2505 336 2539 est
346 2502 452 2540 sermo
462 2506 572 2540 Dei&
582 2503 747 2546 efficax‚&
757 2507 984 2553 penetrantior
991 2508 1113 2553 quouis
1124 2506 1235 2554 gladio
1246 2509 1401 2553 vtrinque
1411 2506 1587 2546 scindente,
1593 2512 1784 2556 pertingens
1795 2513 1833 2545 ad
1844 2513 1932 2548 diui-

90 2552 220 2589 sionem
230 2556 349 2588 anima:
360 2551 457 2587 simul
469 2557 502 2588 δε
515 2552 932 2602 spiritus,compagi'1mque
942 2565 979 2588 ac
991 2553 1223 2596 medullarum,
1233 2554 1386 2590 discretor
1394 2558 1641 2604 cogitationum
1652 2559 1771 2592 cordis.
1783 2559 1933 2606 Vtroque

92 2600 184 2637 ‘enim
195 2600 274 2637 loc'o
284 2601 398 2636 similis
409 2602 602 2649 praedicatur
612 2601 704 2637 verbi
713 2604 778 2637 Dei
789 2600 999 2649 efficaciazsed
1011 2602 1079 2637 illic
1094 2603 1226 2651 plenius
1238 2607 1272 2639 &
1281 2606 1436 2652 apertius:
1449 2605 1554 2651 Qod
1566 2606 1605 2638 ad
1614 2604 1805 2654 praesentem
1816 2607 1931 2643 locum

91 2649 301 2699 spectatmon
313 2651 356 2684 est
365 2648 502 2685 difficile
512 2662 603 2685 nunc
613 2649 798 2698 intelligere
822 2651 903 2697 quid
913 2648 951 2684 sit
970 2663 1089 2699 coargm
1098 2656 1136 2691 ῥ’
1147 2649 1319 2686 diiudicari.
1344 2654 1497 2700 Torpent
1514 2654 1695 2688 hominum
1707 2654 1928 2694 conscientiaess

93 2711 157 2735 nec
167 2698 333 2734 malorum
343 2697 479 2733 suorum
487 2698 695 2747 displicentia
705 2709 888 2746 tanguntur
899 2700 1046 2746 quandiu
1055 2701 1252 2747 ignorantiae
1262 2700 1404 2735 tenebris
1414 2700 1488 2735 sunt
1500 2701 1670 2737 obuol'urae
1681 2716 1689 2737 t
1700 2704 1843 2750 denique
1853 2703 1932 2739 infi-‘

93 2746 211 2783 deliras
225 2747 270 2782 est
286 2746 391 2782 veluti
403 2746 570 2795 lethargus
581 2749 640 2793 qui
652 2745 779 2781 sensum
791 2747 919 2782 adimit.
940 2746 1087 2782 Verbum
1097 2759 1209 2782 autem
1217 2750 1283 2783 Dei
1292 2747 1394 2795 vsque
1418 2752 1452 2784 in
1464 2749 1601 2785 vltimos
1612 2753 1716 2786 animi
1728 2751 1862 2786 recessus
1875 2766 1931 2800 pe-

94 2799 250 2836 netrat‚&
261 2795 351 2843 quasi
360 2794 455 2830 illato
465 2794 594 2829 lumine
603 2795 751 2831 tenebras
761 2793 941 2836 discutit,&
953 2799 1077 2840 excutit
1091 2795 1301 2831 mortiferum
1311 2797 1407 2831 illum
1416 2797 1732 2847 ‘torporem2iic'ergo
1742 2811 1931 2847 coarguun-

95 2853 150 2877 tur
160 2843 400 2891 infideles,quia
407 2843 489 2878 dum
498 2842 693 2891 intelligunt
706 2842 765 2878 fibi
776 2845 951 2891 negotium
960 2843 1020 2878 elle
1030 2856 1107 2881 cum
1118 2843 1290 2885 Deo‚serio'
1301 2854 1484 2893 tanguntur
1494 2850 1529 2881 &
1541 2846 1759 2897 expauescunt
1769 2863 1777 2882 z
1787 2852 1866 2883 item
1877 2849 1928 2882 di-

94 2891 375 2940 iudicantur,quia
384 2905 491 2940 quum
502 2892 577 2926 ante
589 2894 625 2926 in
637 2891 787 2927 tenebras
798 2892 911 2930 abditi,
917 2891 1079 2927 miseriam
1090 2892 1399 2940 turpitudinemque
1411 2892 1501 2929 suam
1513 2908 1582 2929 non
1594 2908 1774 2934 cernerent,
1793 2909 1884 2931 nunc
1894 2899 1930 2931 in

95 2938 204 2973 lucem
215 2943 530 2988 extracthcoguntur
539 2941 770 2975 testimonium
780 2951 896 2986 contra
906 2938 935 2975 se
944 2940 1036 2975 ferre.
1047 2942 1151 2988 de
1160 2942 1252 2980 dicit.
1261 2940 1318 2976 Ab
1331 2941 1466 2977 omnibus
1475 2941 1639 2978 diiudicari
1650 2949 1686 2984 0¹*
1697 2943 1930 2992 coarguisinteb

95 2987 163 3034 lige
174 2990 231 3034 qui
241 2989 532 3037 prophet-antenam
543 2988 644 3037 paulo
661 2990 737 3024 ante
747 2990 882 3027 dixerat,
895 2991 929 3023 Si
939 3002 1056 3025 omnes
1066 2989 1503 3037 prophetetis.Noininatiin
1515 2989 1587 3026 vsus
1599 2991 1640 3035 est
1651 3003 1731 3026 nota
1745 2990 1931 3029 vniuersali3

95 3047 132 3071 vr
142 3035 272 3071 tolleret
282 3038 466 3085 prophetiae
475 3036 653 3072 fastidium.
671 3039 876 3084 Coarguitur
886 3040 1025 3084 inquam
1037 3035 1179 3072 infidelis
1189 3062 1198 3077 ,
1221 3048 1293 3072 non
1304 3039 1395 3085 quod
1404 3039 1635 3088 Propheta‚vel
1646 3043 1743 3074 tacita
1753 3043 1931 3088 opinione„

95 3082 149 3118 vel
159 3095 215 3118 ore
226 3086 331 3132 palam
344 3087 506 3121 iudicium
516 3084 608 3124 ferat,
629 3083 682 3120 sed
697 3088 776 3132 quia
785 3086 948 3120 audientis
959 3083 1161 3121 conscientia
1171 3087 1334 3121 iudicium
1345 3085 1440 3122 suum
1449 3101 1486 3122 ex
1497 3089 1651 3122 doetrina
1661 3091 1811 3134 concipit
1823 3101 1829 3123 :
1843 3083 1940 3123 driu)

97 3133 317 3179 dicatur,quia
325 3132 487 3169 descendit
497 3137 532 3168 in
545 3132 735 3182 seipsum,&
748 3128 862 3168 habito
875 3136 1025 3168 examine
1039 3132 1098 3168 fibi
1108 3132 1286 3170 innotescit
1298 3138 1357 3182 qui
1368 3136 1444 3170 ante
1453 3135 1501 3170 sui
1511 3136 1636 3170 oblitus
1650 3144 1724 3171 erat.
1736 3136 1817 3181 Q&
1830 3140 1932 3171 etiam
1950 3144 2121 3184 marsum*

96 3182 240 3229 pertinet
248 3179 329 3215 illud
341 3182 464 3217 Christi
472 3183 614 3222 dietum,
626 3184 766 3229 Spiritus
800 3194 882 3216 uum
893 3184 1003 3216 veniet
1012 3203 1022 3222 ,
1032 3193 1146 3229 arguet
1158 3184 1323 3218 mundum
1335 3185 1374 3217 de
1385 3195 1532 3231 peccato,
1549 3192 1648 3231 atque
1658 3184 1690 3216 id
1702 3183 1745 3216 est
1757 3185 1848 3229 quod
1858 3182 1934 3219 sub-

95 3231 168 3263 iicit
178 3229 472 3265 continub‚occulea
482 3229 582 3265 cordis
593 3234 657 3275 eius
667 3230 779 3274 manife
803 3231 895 3277 afieri
909 3243 916 3264 :
930 3240 1039 3276 neque
1050 3232 1142 3265 enim
1152 3229 1313 3279 fignificat
1323 3232 1413 3273 (meo
1428 3233 1561 3278 quidem
1575 3232 1712 3272 iudicio)
1723 3231 1859 3278 reliquis
1871 3246 1946 3280 pao

96 3276 201 3312 reficti
211 3273 318 3323 qualis
328 3275 374 3310 iit:
386 3276 436 3312 sed
445 3281 556 3325 potius
566 3277 804 3314 conscientiam
815 3276 1076 3326 expergefieriwt
1087 3277 1142 3313 sua
1151 3289 1224 3326 quae
1235 3280 1311 3314 ante
1321 3279 1482 3316 latebant,
1511 3277 1596 3313 mala
1606 3278 1793 3326 cognoscat.
1822 3281 1887 3316 Hic
1899 3294 1934 3315 e-

97 3328 180 3360 nam
191 3327 306 3372 quaerit
319 3323 573 3369 Chrysostomus
585 3350 594 3364 ‚
607 3329 856 3374 quiconueniat
866 3349 876 3364 ‚
886 3326 1100 3374 prophetiam
1109 3328 1192 3362 adeo
1203 3327 1263 3361 effe
1281 3326 1446 3362 efficacem
1457 3327 1495 3360 ad
1505 3325 1654 3362 infideles
1672 3330 1932 3374 permouendos‚

94 3386 197 3421 quam
205 3385 311 3426 nuper
321 3373 447 3426 differat
453 3374 571 3411 Paulus
581 3374 645 3412 illis
654 3380 700 3412 no
713 3375 774 3412 ess'e
782 3375 904 3411 datam.
910 3372 1192 3424 Respondessnon
1203 3373 1264 3411 effe
1273 3375 1457 3411 illis-datam
1468 3383 1503 3411 Vt
1512 3373 1642 3423 signum
1661 3375 1807 3418 intutilc,
1818 3378 1931 3415 vertitu
