<?xml version="1.0" encoding="UTF-8"?>
<!DOCTYPE html PUBLIC "-//W3C//DTD XHTML 1.0 Transitional//EN"
    "http://www.w3.org/TR/xhtml1/DTD/xhtml1-transitional.dtd">
<html xmlns="http://www.w3.org/1999/xhtml" xml:lang="en" lang="en">
 <head>
  <title>
</title>
<meta http-equiv="Content-Type" content="text/html;charset=utf-8" />
  <meta name='ocr-system' content='tesseract 3.04.00' />
  <meta name='ocr-capabilities' content='ocr_page ocr_carea ocr_par ocr_line ocrx_word'/>
</head>
<body>
  <div class='ocr_page' id='page_1' title='image "./commentariiomnes00calv_0353.png"; bbox 0 0 2268 3705; ppageno 0'>
   <div class='ocr_carea' id='block_1_1' title="bbox 73 76 2099 598">
    <p class='ocr_par' dir='ltr' id='par_1_1' title="bbox 509 76 1931 143">
     <span class='ocr_line' id='line_1_1' title="bbox 509 76 1931 143; baseline 0.001 -16"><span class='ocrx_word' id='word_1_1' title='bbox 509 76 624 127; x_wconf 83' lang='lat' dir='ltr'>Ao</span> <span class='ocrx_word' id='word_1_2' title='bbox 675 77 1102 127; x_wconf 75' lang='lat' dir='ltr'>GALATAS</span> <span class='ocrx_word' id='word_1_3' title='bbox 1153 76 1540 130; x_wconf 53' lang='lat' dir='ltr'>ciem-1111·</span> <span class='ocrx_word' id='word_1_4' title='bbox 1883 100 1931 143; x_wconf 59' lang='lat'>335</span> 
     </span>
    </p>

    <p class='ocr_par' dir='ltr' id='par_1_2' title="bbox 74 148 1918 260">
     <span class='ocr_line' id='line_1_2' title="bbox 131 148 1918 221; baseline 0.001 -28"><span class='ocrx_word' id='word_1_5' title='bbox 131 166 180 203; x_wconf 76' lang='lat'>27</span> <span class='ocrx_word' id='word_1_6' title='bbox 237 155 394 208; x_wconf 73' lang='lat' dir='ltr'><em>Scriptum</em></span> <span class='ocrx_word' id='word_1_7' title='bbox 401 150 558 203; x_wconf 83' lang='lat' dir='ltr'>estenim‚</span> <span class='ocrx_word' id='word_1_8' title='bbox 574 148 828 203; x_wconf 73' lang='lat' dir='ltr'>Exultaestert&#39;lt&#39;c</span> <span class='ocrx_word' id='word_1_9' title='bbox 837 165 910 206; x_wconf 78' lang='lat' dir='ltr'>quae</span> <span class='ocrx_word' id='word_1_10' title='bbox 921 164 1042 208; x_wconf 76' lang='lat' dir='ltr'>nonpa</span> <span class='ocrx_word' id='word_1_11' title='bbox 1046 153 1107 196; x_wconf 68' lang='lat' dir='ltr'>ris,</span> <span class='ocrx_word' id='word_1_12' title='bbox 1111 163 1246 208; x_wconf 69' lang='lat' dir='ltr'>erumpe</span> <span class='ocrx_word' id='word_1_13' title='bbox 1256 152 1298 200; x_wconf 63' lang='grc' dir='ltr'>ῤ’</span> <span class='ocrx_word' id='word_1_14' title='bbox 1310 152 1419 194; x_wconf 79' lang='lat' dir='ltr'>clama</span> <span class='ocrx_word' id='word_1_15' title='bbox 1429 167 1501 210; x_wconf 73' lang='lat' dir='ltr'>qua</span> <span class='ocrx_word' id='word_1_16' title='bbox 1511 159 1745 212; x_wconf 62' lang='lat' dir='ltr'>nonpartuni:</span> <span class='ocrx_word' id='word_1_17' title='bbox 1757 164 1839 216; x_wconf 61' lang='lat' dir='ltr'>quia</span> <span class='ocrx_word' id='word_1_18' title='bbox 1843 165 1918 221; x_wconf 60' lang='lat' dir='ltr'>plu.</span> 
     </span>
     <span class='ocr_line' id='line_1_3' title="bbox 74 204 1381 260; baseline -0.003 -12"><span class='ocrx_word' id='word_1_19' title='bbox 74 222 129 248; x_wconf 81' lang='lat' dir='ltr'>res</span> <span class='ocrx_word' id='word_1_20' title='bbox 138 208 338 248; x_wconf 74' lang='lat' dir='ltr'>eruntlt&#39;bert‘</span> <span class='ocrx_word' id='word_1_21' title='bbox 348 206 494 260; x_wconf 56' lang='lat' dir='ltr'>defixa,</span> <span class='ocrx_word' id='word_1_22' title='bbox 508 206 612 260; x_wconf 61' lang='lat' dir='ltr'>quim</span> <span class='ocrx_word' id='word_1_23' title='bbox 624 204 783 245; x_wconf 79' lang='lat' dir='ltr'>habentis</span> <span class='ocrx_word' id='word_1_24' title='bbox 791 209 967 245; x_wconf 81' lang='lat' dir='ltr'>maritum.</span> <span class='ocrx_word' id='word_1_25' title='bbox 1379 217 1381 219; x_wconf 80' lang='grc'><strong>’</strong></span> 
     </span>
    </p>

    <p class='ocr_par' dir='ltr' id='par_1_3' title="bbox 132 259 1316 318">
     <span class='ocr_line' id='line_1_4' title="bbox 132 259 1316 318; baseline -0.003 -15"><span class='ocrx_word' id='word_1_26' title='bbox 132 267 177 305; x_wconf 79' lang='lat'>28</span> <span class='ocrx_word' id='word_1_27' title='bbox 235 271 318 314; x_wconf 69' lang='lat' dir='ltr'>NJs</span> <span class='ocrx_word' id='word_1_28' title='bbox 324 273 437 301; x_wconf 82' lang='lat' dir='ltr'>autem</span> <span class='ocrx_word' id='word_1_29' title='bbox 445 260 581 312; x_wconf 66' lang='lat' dir='ltr'>fratres,</span> <span class='ocrx_word' id='word_1_30' title='bbox 586 259 776 316; x_wconf 70' lang='lat' dir='ltr'>strandum</span> <span class='ocrx_word' id='word_1_31' title='bbox 788 259 1230 318; x_wconf 59' lang='lat' dir='ltr'>[fiacpromisnonissumus</span> <span class='ocrx_word' id='word_1_32' title='bbox 1237 262 1316 316; x_wconf 72' lang='lat' dir='ltr'>filii,</span> 
     </span>
    </p>

    <p class='ocr_par' dir='ltr' id='par_1_4' title="bbox 74 311 2084 435">
     <span class='ocr_line' id='line_1_5' title="bbox 134 311 2084 384; baseline 0.008 -26"><span class='ocrx_word' id='word_1_33' title='bbox 134 337 178 369; x_wconf 71' lang='lat'>29</span> <span class='ocrx_word' id='word_1_34' title='bbox 236 317 308 360; x_wconf 78' lang='lat' dir='ltr'>Sed</span> <span class='ocrx_word' id='word_1_35' title='bbox 312 311 601 372; x_wconf 69' lang='lat' dir='ltr'><em>quemadmodum</em></span> <span class='ocrx_word' id='word_1_36' title='bbox 612 328 692 356; x_wconf 78' lang='lat' dir='ltr'>tunc</span> <span class='ocrx_word' id='word_1_37' title='bbox 701 319 762 371; x_wconf 82' lang='lat' dir='ltr'>qui</span> <span class='ocrx_word' id='word_1_38' title='bbox 766 314 955 372; x_wconf 67' lang='lat' dir='ltr'>secundum</span> <span class='ocrx_word' id='word_1_39' title='bbox 963 334 1099 359; x_wconf 75' lang='lat' dir='ltr'>carnem</span> <span class='ocrx_word' id='word_1_40' title='bbox 1107 323 1324 378; x_wconf 80' lang='lat' dir='ltr'>eratgenitus</span> <span class='ocrx_word' id='word_1_41' title='bbox 1332 350 1343 368; x_wconf 87' lang='lat'><em>‚</em></span> <span class='ocrx_word' id='word_1_42' title='bbox 1348 321 1609 379; x_wconf 66' lang='lat' dir='ltr'>petftquebatur</span> <span class='ocrx_word' id='word_1_43' title='bbox 1615 338 1693 366; x_wconf 79' lang='lat' dir='ltr'>eum</span> <span class='ocrx_word' id='word_1_44' title='bbox 1701 329 1916 384; x_wconf 70' lang='lat' dir='ltr'>quisbmndia&#39;</span> <span class='ocrx_word' id='word_1_45' title='bbox 1930 333 2084 365; x_wconf 57' lang='lat' dir='ltr'>amm&amp;</span> 
     </span>
     <span class='ocr_line' id='line_1_6' title="bbox 74 372 679 435; baseline -0.008 -18"><span class='ocrx_word' id='word_1_46' title='bbox 74 376 367 435; x_wconf 51' lang='lat' dir='ltr'>spiritur-»genitus</span> <span class='ocrx_word' id='word_1_47' title='bbox 377 372 511 428; x_wconf 62' lang='lat' dir='ltr'>eraufic</span> <span class='ocrx_word' id='word_1_48' title='bbox 522 375 563 421; x_wconf 58' lang='grc' dir='ltr'><em>ά</em></span> <span class='ocrx_word' id='word_1_49' title='bbox 574 387 679 415; x_wconf 78' lang='lat' dir='ltr'>nunc.</span> 
     </span>
    </p>

    <p class='ocr_par' dir='ltr' id='par_1_5' title="bbox 73 427 2099 541">
     <span class='ocr_line' id='line_1_7' title="bbox 133 427 2099 495; baseline 0.007 -25"><span class='ocrx_word' id='word_1_50' title='bbox 133 447 177 482; x_wconf 85' lang='lat'>30</span> <span class='ocrx_word' id='word_1_51' title='bbox 234 429 301 471; x_wconf 80' lang='lat' dir='ltr'>sed</span> <span class='ocrx_word' id='word_1_52' title='bbox 305 429 397 481; x_wconf 80' lang='lat' dir='ltr'>quid</span> <span class='ocrx_word' id='word_1_53' title='bbox 402 430 486 468; x_wconf 81' lang='lat' dir='ltr'>dicit</span> <span class='ocrx_word' id='word_1_54' title='bbox 493 434 654 486; x_wconf 82' lang='lat' dir='ltr'><em>Scriptura</em></span> <span class='ocrx_word' id='word_1_55' title='bbox 662 432 679 468; x_wconf 83' lang='lat'><em>?</em></span> <span class='ocrx_word' id='word_1_56' title='bbox 691 432 785 475; x_wconf 65' lang='lat' dir='ltr'>Eiice,</span> <span class='ocrx_word' id='word_1_57' title='bbox 790 427 1008 481; x_wconf 53' lang='lat' dir='ltr'>ancillam&amp;</span> <span class='ocrx_word' id='word_1_58' title='bbox 1015 431 1130 483; x_wconf 76' lang='lat' dir='ltr'>filium</span> <span class='ocrx_word' id='word_1_59' title='bbox 1139 436 1210 473; x_wconf 76' lang='lat' dir='ltr'>eim</span> <span class='ocrx_word' id='word_1_60' title='bbox 1224 446 1296 473; x_wconf 81' lang='lat' dir='ltr'>non</span> <span class='ocrx_word' id='word_1_61' title='bbox 1304 437 1397 474; x_wconf 82' lang='lat' dir='ltr'>enim</span> <span class='ocrx_word' id='word_1_62' title='bbox 1406 432 1637 483; x_wconf 73' lang='lat' dir='ltr'>haereditatem</span> <span class='ocrx_word' id='word_1_63' title='bbox 1645 438 1812 486; x_wconf 75' lang='lat' dir='ltr'><em>obtinebit</em></span> <span class='ocrx_word' id='word_1_64' title='bbox 1818 444 1912 494; x_wconf 70' lang='lat' dir='ltr'>filius</span> <span class='ocrx_word' id='word_1_65' title='bbox 1929 459 2099 495; x_wconf 55' lang='lat' dir='ltr'>aninmo,</span> 
     </span>
     <span class='ocr_line' id='line_1_8' title="bbox 73 482 2080 541; baseline -0.005 -13"><span class='ocrx_word' id='word_1_66' title='bbox 73 488 203 528; x_wconf 66' lang='lat' dir='ltr'>ancilla</span> <span class='ocrx_word' id='word_1_67' title='bbox 214 499 288 526; x_wconf 83' lang='lat' dir='ltr'>cum</span> <span class='ocrx_word' id='word_1_68' title='bbox 295 485 368 537; x_wconf 71' lang='lat' dir='ltr'>filio</span> <span class='ocrx_word' id='word_1_69' title='bbox 379 482 499 524; x_wconf 68' lang='lat' dir='ltr'>libera.</span> <span class='ocrx_word' id='word_1_70' title='bbox 776 497 778 499; x_wconf 83' lang='lat'>·</span> <span class='ocrx_word' id='word_1_71' title='bbox 815 538 818 541; x_wconf 13' lang='grc' dir='ltr'><strong><em>ἢ</em></strong></span> <span class='ocrx_word' id='word_1_72' title='bbox 1953 493 1958 495; x_wconf 61' lang='grc'>“</span> <span class='ocrx_word' id='word_1_73' title='bbox 2023 493 2046 498; x_wconf 63' lang='grc'><em>“</em></span> <span class='ocrx_word' id='word_1_74' title='bbox 2070 494 2080 497; x_wconf 63' lang='grc'><strong>-</strong></span> 
     </span>
    </p>

    <p class='ocr_par' dir='ltr' id='par_1_6' title="bbox 127 537 1069 598">
     <span class='ocr_line' id='line_1_9' title="bbox 127 537 1069 598; baseline 0.007 -20"><span class='ocrx_word' id='word_1_75' title='bbox 127 559 157 595; x_wconf 82' lang='lat'>3¹</span> <span class='ocrx_word' id='word_1_76' title='bbox 215 549 302 598; x_wconf 76' lang='lat' dir='ltr'>Ergo</span> <span class='ocrx_word' id='word_1_77' title='bbox 303 539 443 594; x_wconf 80' lang='lat' dir='ltr'>fratres,</span> <span class='ocrx_word' id='word_1_78' title='bbox 454 555 525 581; x_wconf 82' lang='lat' dir='ltr'>non</span> <span class='ocrx_word' id='word_1_79' title='bbox 524 537 644 592; x_wconf 70' lang='lat' dir='ltr'>fiamus</span> <span class='ocrx_word' id='word_1_80' title='bbox 655 539 936 596; x_wconf 61' lang='lat' dir='ltr'>ancillaefiliistd</span> <span class='ocrx_word' id='word_1_81' title='bbox 940 539 1069 585; x_wconf 67' lang='lat' dir='ltr'>libera.</span> 
     </span>
    </p>
   </div>
   <div class='ocr_carea' id='block_1_2' title="bbox 0 185 2098 307">
    <p class='ocr_par' dir='ltr' id='par_1_7' title="bbox 0 185 2098 307">
     <span class='ocr_line' id='line_1_10' title="bbox 1 185 2098 235; baseline -0.003 -6"><span class='ocrx_word' id='word_1_82' title='bbox 1 197 5 235; x_wconf 64' lang='grc' dir='ltr'>ς’</span> <span class='ocrx_word' id='word_1_83' title='bbox 1938 185 2098 227; x_wconf 54' lang='lat' dir='ltr'>lest-5425}</span> 
     </span>
     <span class='ocr_line' id='line_1_11' title="bbox 0 239 3 307; baseline 0 0"><span class='ocrx_word' id='word_1_84' title='bbox 0 239 3 307; x_wconf 78' lang='grc' dir='ltr'><strong><em>ἒ</em></strong></span> 
     </span>
    </p>
   </div>
   <div class='ocr_carea' id='block_1_3' title="bbox 25 627 1913 3388">
    <p class='ocr_par' dir='ltr' id='par_1_8' title="bbox 65 627 1913 1119">
     <span class='ocr_line' id='line_1_12' title="bbox 119 627 1912 691; baseline 0.006 -26"><span class='ocrx_word' id='word_1_85' title='bbox 119 643 159 677; x_wconf 79' lang='lat'>27</span> <span class='ocrx_word' id='word_1_86' title='bbox 208 634 359 678; x_wconf 80' lang='lat' dir='ltr'><em>Scriptum</em></span> <span class='ocrx_word' id='word_1_87' title='bbox 368 630 430 674; x_wconf 77' lang='lat' dir='ltr'>est.)</span> <span class='ocrx_word' id='word_1_88' title='bbox 478 627 598 663; x_wconf 85' lang='lat' dir='ltr'>Probat</span> <span class='ocrx_word' id='word_1_89' title='bbox 613 627 716 664; x_wconf 77' lang='lat' dir='ltr'>lesaiae</span> <span class='ocrx_word' id='word_1_90' title='bbox 728 630 934 668; x_wconf 81' lang='lat' dir='ltr'>testimonio,</span> <span class='ocrx_word' id='word_1_91' title='bbox 945 629 1032 666; x_wconf 89' lang='lat' dir='ltr'>nasci</span> <span class='ocrx_word' id='word_1_92' title='bbox 1043 630 1213 680; x_wconf 87' lang='lat' dir='ltr'>legitimos</span> <span class='ocrx_word' id='word_1_93' title='bbox 1224 646 1261 669; x_wconf 80' lang='lat' dir='ltr'>ex</span> <span class='ocrx_word' id='word_1_94' title='bbox 1271 634 1410 671; x_wconf 79' lang='lat' dir='ltr'>Ecclesia</span> <span class='ocrx_word' id='word_1_95' title='bbox 1421 635 1509 672; x_wconf 78' lang='lat' dir='ltr'>filios</span> <span class='ocrx_word' id='word_1_96' title='bbox 1520 636 1700 679; x_wconf 84' lang='lat' dir='ltr'>secundum</span> <span class='ocrx_word' id='word_1_97' title='bbox 1720 645 1912 691; x_wconf 60' lang='lat' dir='ltr'>promiffiq-</span> 
     </span>
     <span class='ocr_line' id='line_1_13' title="bbox 69 676 1913 742; baseline 0.008 -26"><span class='ocrx_word' id='word_1_98' title='bbox 69 694 159 718; x_wconf 83' lang='lat' dir='ltr'>nem.</span> <span class='ocrx_word' id='word_1_99' title='bbox 172 681 283 715; x_wconf 87' lang='lat' dir='ltr'>Locus</span> <span class='ocrx_word' id='word_1_100' title='bbox 293 679 384 715; x_wconf 85' lang='lat' dir='ltr'>estin</span> <span class='ocrx_word' id='word_1_101' title='bbox 396 690 466 726; x_wconf 85' lang='lat' dir='ltr'>cap.</span> <span class='ocrx_word' id='word_1_102' title='bbox 488 686 569 724; x_wconf 74' lang='lat'>542.</span> <span class='ocrx_word' id='word_1_103' title='bbox 580 687 608 720; x_wconf 85' lang='lat'>3,</span> <span class='ocrx_word' id='word_1_104' title='bbox 621 676 678 713; x_wconf 83' lang='lat' dir='ltr'>vbi</span> <span class='ocrx_word' id='word_1_105' title='bbox 689 678 852 730; x_wconf 73' lang='lat' dir='ltr'>Propheta</span> <span class='ocrx_word' id='word_1_106' title='bbox 864 682 898 712; x_wconf 68' lang='grc' dir='ltr'>ὃς</span> <span class='ocrx_word' id='word_1_107' title='bbox 910 678 948 712; x_wconf 90' lang='lat' dir='ltr'>de</span> <span class='ocrx_word' id='word_1_108' title='bbox 959 691 1064 728; x_wconf 84' lang='lat' dir='ltr'>regno</span> <span class='ocrx_word' id='word_1_109' title='bbox 1075 680 1199 718; x_wconf 75' lang='lat' dir='ltr'>Christi</span> <span class='ocrx_word' id='word_1_110' title='bbox 1209 685 1242 716; x_wconf 88' lang='lat'>&amp;</span> <span class='ocrx_word' id='word_1_111' title='bbox 1252 682 1291 715; x_wconf 88' lang='lat' dir='ltr'>dc</span> <span class='ocrx_word' id='word_1_112' title='bbox 1305 683 1469 719; x_wconf 87' lang='lat' dir='ltr'>Gentium</span> <span class='ocrx_word' id='word_1_113' title='bbox 1480 690 1658 725; x_wconf 84' lang='lat' dir='ltr'>vocatione</span> <span class='ocrx_word' id='word_1_114' title='bbox 1671 695 1750 740; x_wconf 86' lang='lat' dir='ltr'>agit.</span> <span class='ocrx_word' id='word_1_115' title='bbox 1767 699 1913 742; x_wconf 84' lang='lat' dir='ltr'>promit-</span> 
     </span>
     <span class='ocr_line' id='line_1_14' title="bbox 71 725 1909 784; baseline 0.005 -20"><span class='ocrx_word' id='word_1_116' title='bbox 71 733 111 764; x_wconf 87' lang='lat' dir='ltr'>tit</span> <span class='ocrx_word' id='word_1_117' title='bbox 122 740 234 764; x_wconf 83' lang='lat' dir='ltr'>autem</span> <span class='ocrx_word' id='word_1_118' title='bbox 246 732 280 762; x_wconf 70' lang='grc' dir='ltr'>ὅ(</span> <span class='ocrx_word' id='word_1_119' title='bbox 293 725 392 763; x_wconf 86' lang='lat' dir='ltr'>sterili</span> <span class='ocrx_word' id='word_1_120' title='bbox 403 731 436 762; x_wconf 68' lang='lat' dir='ltr'>&amp;e</span> <span class='ocrx_word' id='word_1_121' title='bbox 448 725 773 762; x_wconf 86' lang='lat' dir='ltr'>viduaenumerosam</span> <span class='ocrx_word' id='word_1_122' title='bbox 781 726 942 761; x_wconf 76' lang='lat' dir='ltr'>sobolem.</span> <span class='ocrx_word' id='word_1_123' title='bbox 953 727 1022 763; x_wconf 83' lang='lat' dir='ltr'>haec</span> <span class='ocrx_word' id='word_1_124' title='bbox 1032 731 1123 764; x_wconf 88' lang='lat' dir='ltr'>enirn</span> <span class='ocrx_word' id='word_1_125' title='bbox 1133 729 1252 764; x_wconf 82' lang='lat' dir='ltr'>laetitiae</span> <span class='ocrx_word' id='word_1_126' title='bbox 1264 734 1297 764; x_wconf 91' lang='lat'>&amp;</span> <span class='ocrx_word' id='word_1_127' title='bbox 1311 731 1525 769; x_wconf 84' lang='lat' dir='ltr'>exultationis</span> <span class='ocrx_word' id='word_1_128' title='bbox 1537 758 1547 775; x_wconf 84' lang='lat'><strong>,</strong></span> <span class='ocrx_word' id='word_1_129' title='bbox 1569 738 1608 771; x_wconf 86' lang='lat' dir='ltr'>ad</span> <span class='ocrx_word' id='word_1_130' title='bbox 1619 751 1721 784; x_wconf 79' lang='lat' dir='ltr'>quam</span> <span class='ocrx_word' id='word_1_131' title='bbox 1733 742 1909 780; x_wconf 70' lang='lat' dir='ltr'>Ecclefiam</span> 
     </span>
     <span class='ocr_line' id='line_1_15' title="bbox 68 773 1908 834; baseline 0.007 -21"><span class='ocrx_word' id='word_1_132' title='bbox 68 779 234 815; x_wconf 75' lang='lat' dir='ltr'>hortatur,</span> <span class='ocrx_word' id='word_1_133' title='bbox 243 773 399 811; x_wconf 85' lang='lat' dir='ltr'>causaest.</span> <span class='ocrx_word' id='word_1_134' title='bbox 409 774 608 810; x_wconf 78' lang='lat' dir='ltr'>Notandum</span> <span class='ocrx_word' id='word_1_135' title='bbox 620 786 730 809; x_wconf 86' lang='lat' dir='ltr'>autem</span> <span class='ocrx_word' id='word_1_136' title='bbox 742 774 920 809; x_wconf 78' lang='lat' dir='ltr'>consilium</span> <span class='ocrx_word' id='word_1_137' title='bbox 930 776 1085 823; x_wconf 86' lang='lat' dir='ltr'>Apostoli</span> <span class='ocrx_word' id='word_1_138' title='bbox 1095 778 1160 812; x_wconf 88' lang='lat' dir='ltr'>huc</span> <span class='ocrx_word' id='word_1_139' title='bbox 1170 779 1303 815; x_wconf 82' lang='lat' dir='ltr'>tendere</span> <span class='ocrx_word' id='word_1_140' title='bbox 1313 806 1323 820; x_wconf 88' lang='lat'>‚</span> <span class='ocrx_word' id='word_1_141' title='bbox 1346 792 1380 815; x_wconf 89' lang='lat' dir='ltr'>vt</span> <span class='ocrx_word' id='word_1_142' title='bbox 1391 782 1487 816; x_wconf 85' lang='lat' dir='ltr'>istam</span> <span class='ocrx_word' id='word_1_143' title='bbox 1507 780 1709 830; x_wconf 82' lang='lat' dir='ltr'>spiritualem</span> <span class='ocrx_word' id='word_1_144' title='bbox 1721 789 1908 834; x_wconf 64' lang='lat' dir='ltr'>Ierusaleim</span> 
     </span>
     <span class='ocr_line' id='line_1_16' title="bbox 68 822 1908 885; baseline 0.001 -24"><span class='ocrx_word' id='word_1_145' title='bbox 68 829 108 862; x_wconf 81' lang='lat' dir='ltr'>dc</span> <span class='ocrx_word' id='word_1_146' title='bbox 118 839 184 875; x_wconf 83' lang='lat' dir='ltr'>qua</span> <span class='ocrx_word' id='word_1_147' title='bbox 195 822 305 859; x_wconf 84' lang='lat' dir='ltr'>Iesaias</span> <span class='ocrx_word' id='word_1_148' title='bbox 315 822 648 863; x_wconf 82' lang='lat' dir='ltr'>vaticinatur‚adirnat</span> <span class='ocrx_word' id='word_1_149' title='bbox 658 824 784 858; x_wconf 84' lang='lat' dir='ltr'>Iudaeis:</span> <span class='ocrx_word' id='word_1_150' title='bbox 795 834 910 870; x_wconf 88' lang='lat' dir='ltr'>vtpote</span> <span class='ocrx_word' id='word_1_151' title='bbox 920 827 975 859; x_wconf 90' lang='lat' dir='ltr'>cui</span> <span class='ocrx_word' id='word_1_152' title='bbox 985 823 1074 860; x_wconf 87' lang='lat' dir='ltr'>filios</span> <span class='ocrx_word' id='word_1_153' title='bbox 1084 827 1230 873; x_wconf 81' lang='lat' dir='ltr'>vndique</span> <span class='ocrx_word' id='word_1_154' title='bbox 1242 840 1278 861; x_wconf 86' lang='lat' dir='ltr'>ex</span> <span class='ocrx_word' id='word_1_155' title='bbox 1290 831 1420 866; x_wconf 65' lang='lat' dir='ltr'>cunctis</span> <span class='ocrx_word' id='word_1_156' title='bbox 1431 830 1596 870; x_wconf 76' lang='lat' dir='ltr'>Gentibus</span> <span class='ocrx_word' id='word_1_157' title='bbox 1614 846 1855 885; x_wconf 62' lang='lat' dir='ltr'>congregatum</span> <span class='ocrx_word' id='word_1_158' title='bbox 1866 843 1908 876; x_wconf 56' lang='lat' dir='ltr'>isi</span> 
     </span>
     <span class='ocr_line' id='line_1_17' title="bbox 67 869 1909 928; baseline 0.011 -25"><span class='ocrx_word' id='word_1_159' title='bbox 67 875 241 910; x_wconf 71' lang='lat' dir='ltr'>denuntiat</span> <span class='ocrx_word' id='word_1_160' title='bbox 253 873 426 919; x_wconf 78' lang='lat' dir='ltr'>Propheta:</span> <span class='ocrx_word' id='word_1_161' title='bbox 437 884 545 918; x_wconf 85' lang='lat' dir='ltr'>neque</span> <span class='ocrx_word' id='word_1_162' title='bbox 556 871 588 906; x_wconf 91' lang='lat' dir='ltr'>id</span> <span class='ocrx_word' id='word_1_163' title='bbox 599 869 664 904; x_wconf 88' lang='lat' dir='ltr'>vlla</span> <span class='ocrx_word' id='word_1_164' title='bbox 675 869 728 906; x_wconf 85' lang='lat' dir='ltr'>sua</span> <span class='ocrx_word' id='word_1_165' title='bbox 739 883 802 920; x_wconf 71' lang='lat' dir='ltr'>prm</span> <span class='ocrx_word' id='word_1_166' title='bbox 828 874 988 910; x_wconf 86' lang='lat' dir='ltr'>aratione,</span> <span class='ocrx_word' id='word_1_167' title='bbox 997 871 1049 908; x_wconf 86' lang='lat' dir='ltr'>sed</span> <span class='ocrx_word' id='word_1_168' title='bbox 1057 872 1291 912; x_wconf 57' lang='lat' dir='ltr'>benedictione</span> <span class='ocrx_word' id='word_1_169' title='bbox 1304 878 1368 911; x_wconf 87' lang='lat' dir='ltr'>Dei</span> <span class='ocrx_word' id='word_1_170' title='bbox 1379 881 1530 927; x_wconf 82' lang='lat' dir='ltr'>gratuita:</span> <span class='ocrx_word' id='word_1_171' title='bbox 1546 883 1658 928; x_wconf 86' lang='lat' dir='ltr'>itaque</span> <span class='ocrx_word' id='word_1_172' title='bbox 1675 897 1754 919; x_wconf 84' lang='lat' dir='ltr'>mox</span> <span class='ocrx_word' id='word_1_173' title='bbox 1767 889 1909 923; x_wconf 86' lang='lat' dir='ltr'>conclu-</span> 
     </span>
     <span class='ocr_line' id='line_1_18' title="bbox 66 917 1907 972; baseline 0.008 -16"><span class='ocrx_word' id='word_1_174' title='bbox 66 926 114 958; x_wconf 88' lang='lat' dir='ltr'>dit</span> <span class='ocrx_word' id='word_1_175' title='bbox 127 922 213 959; x_wconf 80' lang='lat' dir='ltr'>filios</span> <span class='ocrx_word' id='word_1_176' title='bbox 223 923 286 955; x_wconf 89' lang='lat' dir='ltr'>Dei</span> <span class='ocrx_word' id='word_1_177' title='bbox 298 932 362 956; x_wconf 85' lang='lat' dir='ltr'>nos</span> <span class='ocrx_word' id='word_1_178' title='bbox 373 917 588 968; x_wconf 80' lang='lat' dir='ltr'>promillione</span> <span class='ocrx_word' id='word_1_179' title='bbox 599 917 682 957; x_wconf 78' lang='lat' dir='ltr'>fieri,</span> <span class='ocrx_word' id='word_1_180' title='bbox 693 933 808 967; x_wconf 85' lang='lat' dir='ltr'>exemp</span> <span class='ocrx_word' id='word_1_181' title='bbox 826 933 846 954; x_wconf 93' lang='lat' dir='ltr'>o</span> <span class='ocrx_word' id='word_1_182' title='bbox 858 919 960 956; x_wconf 87' lang='lat' dir='ltr'>Isaac:</span> <span class='ocrx_word' id='word_1_183' title='bbox 986 934 1048 958; x_wconf 86' lang='lat' dir='ltr'>nec</span> <span class='ocrx_word' id='word_1_184' title='bbox 1059 921 1122 956; x_wconf 83' lang='lat' dir='ltr'>alia</span> <span class='ocrx_word' id='word_1_185' title='bbox 1131 926 1259 958; x_wconf 87' lang='lat' dir='ltr'>ratione</span> <span class='ocrx_word' id='word_1_186' title='bbox 1269 924 1428 972; x_wconf 84' lang='lat' dir='ltr'>consequi</span> <span class='ocrx_word' id='word_1_187' title='bbox 1439 927 1528 962; x_wconf 88' lang='lat' dir='ltr'>hunc</span> <span class='ocrx_word' id='word_1_188' title='bbox 1539 928 1715 967; x_wconf 85' lang='lat' dir='ltr'>honorem.</span> <span class='ocrx_word' id='word_1_189' title='bbox 1732 935 1811 969; x_wconf 77' lang='lat' dir='ltr'>Haec</span> <span class='ocrx_word' id='word_1_190' title='bbox 1823 948 1907 972; x_wconf 82' lang='lat' dir='ltr'>con-</span> 
     </span>
     <span class='ocr_line' id='line_1_19' title="bbox 67 968 1907 1030; baseline 0.007 -23"><span class='ocrx_word' id='word_1_191' title='bbox 67 971 170 1007; x_wconf 74' lang='lat' dir='ltr'>elafio</span> <span class='ocrx_word' id='word_1_192' title='bbox 180 971 354 1017; x_wconf 77' lang='lat' dir='ltr'>impetitis,</span> <span class='ocrx_word' id='word_1_193' title='bbox 367 975 400 1003; x_wconf 72' lang='grc' dir='ltr'>ὅ(</span> <span class='ocrx_word' id='word_1_194' title='bbox 415 971 526 1004; x_wconf 80' lang='lat' dir='ltr'>minus</span> <span class='ocrx_word' id='word_1_195' title='bbox 536 970 571 1002; x_wconf 92' lang='lat' dir='ltr'>in</span> <span class='ocrx_word' id='word_1_196' title='bbox 582 969 750 1018; x_wconf 72' lang='lat' dir='ltr'>Scriptura</span> <span class='ocrx_word' id='word_1_197' title='bbox 759 970 940 1005; x_wconf 70' lang='lat' dir='ltr'>exercitatis</span> <span class='ocrx_word' id='word_1_198' title='bbox 951 968 1083 1005; x_wconf 85' lang='lat' dir='ltr'>infirma</span> <span class='ocrx_word' id='word_1_199' title='bbox 1092 972 1221 1008; x_wconf 83' lang='lat' dir='ltr'>videtur</span> <span class='ocrx_word' id='word_1_200' title='bbox 1233 970 1303 1007; x_wconf 79' lang='lat' dir='ltr'>effe:</span> <span class='ocrx_word' id='word_1_201' title='bbox 1317 977 1395 1020; x_wconf 85' lang='lat' dir='ltr'>qnia</span> <span class='ocrx_word' id='word_1_202' title='bbox 1406 978 1611 1024; x_wconf 77' lang='lat' dir='ltr'>principium</span> <span class='ocrx_word' id='word_1_203' title='bbox 1621 993 1692 1015; x_wconf 91' lang='lat' dir='ltr'>non</span> <span class='ocrx_word' id='word_1_204' title='bbox 1706 986 1804 1016; x_wconf 74' lang='lat' dir='ltr'>tenet.</span> <span class='ocrx_word' id='word_1_205' title='bbox 1816 987 1907 1030; x_wconf 86' lang='lat' dir='ltr'>quod</span> 
     </span>
     <span class='ocr_line' id='line_1_20' title="bbox 66 1013 1905 1076; baseline 0.006 -21"><span class='ocrx_word' id='word_1_206' title='bbox 66 1032 178 1055; x_wconf 85' lang='lat' dir='ltr'>tamen</span> <span class='ocrx_word' id='word_1_207' title='bbox 188 1015 404 1053; x_wconf 75' lang='lat' dir='ltr'>certissimum</span> <span class='ocrx_word' id='word_1_208' title='bbox 415 1015 471 1053; x_wconf 87' lang='lat' dir='ltr'>est,</span> <span class='ocrx_word' id='word_1_209' title='bbox 483 1013 715 1063; x_wconf 74' lang='lat' dir='ltr'>promissiones</span> <span class='ocrx_word' id='word_1_210' title='bbox 726 1029 844 1051; x_wconf 89' lang='lat' dir='ltr'>omnes</span> <span class='ocrx_word' id='word_1_211' title='bbox 855 1020 890 1051; x_wconf 88' lang='lat' dir='ltr'>in</span> <span class='ocrx_word' id='word_1_212' title='bbox 901 1016 1014 1052; x_wconf 83' lang='lat' dir='ltr'>Meffia</span> <span class='ocrx_word' id='word_1_213' title='bbox 1022 1017 1184 1058; x_wconf 85' lang='lat' dir='ltr'>fundatas,</span> <span class='ocrx_word' id='word_1_214' title='bbox 1195 1021 1254 1056; x_wconf 82' lang='lat' dir='ltr'>esse</span> <span class='ocrx_word' id='word_1_215' title='bbox 1264 1017 1431 1069; x_wconf 55' lang='lat' dir='ltr'>gratuitas.</span> <span class='ocrx_word' id='word_1_216' title='bbox 1444 1025 1478 1058; x_wconf 85' lang='lat' dir='ltr'>ld</span> <span class='ocrx_word' id='word_1_217' title='bbox 1488 1037 1551 1072; x_wconf 88' lang='lat' dir='ltr'>pro</span> <span class='ocrx_word' id='word_1_218' title='bbox 1562 1026 1709 1065; x_wconf 74' lang='lat' dir='ltr'>confessb</span> <span class='ocrx_word' id='word_1_219' title='bbox 1724 1042 1803 1076; x_wconf 82' lang='lat' dir='ltr'>quia</span> <span class='ocrx_word' id='word_1_220' title='bbox 1812 1031 1905 1069; x_wconf 84' lang='lat' dir='ltr'>sume</span> 
     </span>
     <span class='ocr_line' id='line_1_21' title="bbox 65 1062 1141 1119; baseline -0.001 -15"><span class='ocrx_word' id='word_1_221' title='bbox 65 1068 121 1104; x_wconf 83' lang='lat' dir='ltr'>bat</span> <span class='ocrx_word' id='word_1_222' title='bbox 131 1066 322 1119; x_wconf 85' lang='lat' dir='ltr'>Apostolus,</span> <span class='ocrx_word' id='word_1_223' title='bbox 335 1066 409 1099; x_wconf 83' lang='lat' dir='ltr'>ideo</span> <span class='ocrx_word' id='word_1_224' title='bbox 421 1075 487 1099; x_wconf 86' lang='lat' dir='ltr'>tam</span> <span class='ocrx_word' id='word_1_225' title='bbox 498 1064 606 1101; x_wconf 71' lang='lat' dir='ltr'>secure</span> <span class='ocrx_word' id='word_1_226' title='bbox 618 1062 874 1101; x_wconf 64' lang='lat' dir='ltr'>promissionem</span> <span class='ocrx_word' id='word_1_227' title='bbox 885 1066 966 1114; x_wconf 82' lang='lat' dir='ltr'>Legi</span> <span class='ocrx_word' id='word_1_228' title='bbox 975 1066 1141 1115; x_wconf 87' lang='lat' dir='ltr'>opposuit.</span> 
     </span>
    </p>

    <p class='ocr_par' dir='ltr' id='par_1_9' title="bbox 62 1112 1908 1411">
     <span class='ocr_line' id='line_1_22' title="bbox 114 1112 1902 1176; baseline 0.004 -26"><span class='ocrx_word' id='word_1_229' title='bbox 114 1127 153 1160; x_wconf 84' lang='lat'>29</span> <span class='ocrx_word' id='word_1_230' title='bbox 249 1112 479 1148; x_wconf 72' lang='lat' dir='ltr'>uemadmodum</span> <span class='ocrx_word' id='word_1_231' title='bbox 489 1123 562 1146; x_wconf 86' lang='lat' dir='ltr'>tunc</span> <span class='ocrx_word' id='word_1_232' title='bbox 569 1112 791 1158; x_wconf 72' lang='lat' dir='ltr'>qmftcundum</span> <span class='ocrx_word' id='word_1_233' title='bbox 802 1116 947 1157; x_wconf 78' lang='lat' dir='ltr'>carnem.)</span> <span class='ocrx_word' id='word_1_234' title='bbox 996 1115 1062 1150; x_wconf 86' lang='lat' dir='ltr'>Hic</span> <span class='ocrx_word' id='word_1_235' title='bbox 1073 1115 1428 1167; x_wconf 75' lang='lat' dir='ltr'>pseudoapostolorum</span> <span class='ocrx_word' id='word_1_236' title='bbox 1444 1121 1601 1157; x_wconf 81' lang='lat' dir='ltr'>ferociam</span> <span class='ocrx_word' id='word_1_237' title='bbox 1613 1123 1808 1174; x_wconf 85' lang='lat' dir='ltr'>refutat-‚qui</span> <span class='ocrx_word' id='word_1_238' title='bbox 1819 1140 1902 1176; x_wconf 77' lang='lat' dir='ltr'>pro-</span> 
     </span>
     <span class='ocr_line' id='line_1_23' title="bbox 68 1162 1906 1222; baseline 0.013 -34"><span class='ocrx_word' id='word_1_239' title='bbox 68 1165 159 1200; x_wconf 60' lang='grc' dir='ltr'>ῑςωρ</span> <span class='ocrx_word' id='word_1_240' title='bbox 171 1163 241 1198; x_wconf 65' lang='lat' dir='ltr'>insu</span> <span class='ocrx_word' id='word_1_241' title='bbox 258 1162 371 1197; x_wconf 68' lang='lat' dir='ltr'>tabant</span> <span class='ocrx_word' id='word_1_242' title='bbox 380 1164 443 1209; x_wconf 89' lang='lat' dir='ltr'>piis</span> <span class='ocrx_word' id='word_1_243' title='bbox 453 1163 569 1195; x_wconf 87' lang='lat' dir='ltr'>omnia</span> <span class='ocrx_word' id='word_1_244' title='bbox 579 1162 818 1209; x_wconf 75' lang='lat' dir='ltr'>reponentibus</span> <span class='ocrx_word' id='word_1_245' title='bbox 829 1165 864 1197; x_wconf 92' lang='lat' dir='ltr'>in</span> <span class='ocrx_word' id='word_1_246' title='bbox 877 1162 1021 1198; x_wconf 82' lang='lat' dir='ltr'>Christo.</span> <span class='ocrx_word' id='word_1_247' title='bbox 1033 1165 1105 1202; x_wconf 81' lang='lat' dir='ltr'>Hos</span> <span class='ocrx_word' id='word_1_248' title='bbox 1115 1169 1207 1201; x_wconf 86' lang='lat' dir='ltr'>enim</span> <span class='ocrx_word' id='word_1_249' title='bbox 1222 1168 1371 1202; x_wconf 83' lang='lat' dir='ltr'>turbabat</span> <span class='ocrx_word' id='word_1_250' title='bbox 1384 1169 1546 1205; x_wconf 89' lang='lat' dir='ltr'>eiusmodi</span> <span class='ocrx_word' id='word_1_251' title='bbox 1558 1171 1691 1211; x_wconf 86' lang='lat' dir='ltr'>ferocia,</span> <span class='ocrx_word' id='word_1_252' title='bbox 1711 1175 1855 1222; x_wconf 79' lang='lat' dir='ltr'>ideoque</span> <span class='ocrx_word' id='word_1_253' title='bbox 1866 1190 1906 1213; x_wconf 49' lang='grc' dir='ltr'>ομ</span> 
     </span>
     <span class='ocr_line' id='line_1_24' title="bbox 65 1208 1906 1294; baseline 0.007 -47"><span class='ocrx_word' id='word_1_254' title='bbox 65 1226 127 1263; x_wconf 88' lang='lat' dir='ltr'>pus</span> <span class='ocrx_word' id='word_1_255' title='bbox 139 1211 301 1249; x_wconf 83' lang='lat' dir='ltr'>habebant</span> <span class='ocrx_word' id='word_1_256' title='bbox 311 1209 554 1247; x_wconf 67' lang='lat' dir='ltr'>consolatione,</span> <span class='ocrx_word' id='word_1_257' title='bbox 566 1208 645 1244; x_wconf 82' lang='lat' dir='ltr'>sicut</span> <span class='ocrx_word' id='word_1_258' title='bbox 656 1209 733 1244; x_wconf 85' lang='lat' dir='ltr'>illos</span> <span class='ocrx_word' id='word_1_259' title='bbox 745 1210 885 1245; x_wconf 75' lang='lat' dir='ltr'>seuerius</span> <span class='ocrx_word' id='word_1_260' title='bbox 897 1214 1033 1258; x_wconf 84' lang='lat' dir='ltr'>reprimi</span> <span class='ocrx_word' id='word_1_261' title='bbox 1043 1218 1297 1294; x_wconf 60' lang='lat' dir='ltr'>osperzeptetium</span> <span class='ocrx_word' id='word_1_262' title='bbox 1307 1228 1382 1252; x_wconf 77' lang='lat' dir='ltr'>etat.</span> <span class='ocrx_word' id='word_1_263' title='bbox 1395 1219 1564 1254; x_wconf 85' lang='lat' dir='ltr'>Admonet</span> <span class='ocrx_word' id='word_1_264' title='bbox 1576 1232 1665 1267; x_wconf 82' lang='lat' dir='ltr'>ergo,</span> <span class='ocrx_word' id='word_1_265' title='bbox 1686 1235 1758 1259; x_wconf 86' lang='lat' dir='ltr'>non</span> <span class='ocrx_word' id='word_1_266' title='bbox 1769 1223 1829 1258; x_wconf 78' lang='lat' dir='ltr'>eise</span> <span class='ocrx_word' id='word_1_267' title='bbox 1839 1228 1906 1259; x_wconf 53' lang='lat' dir='ltr'>ini-⁴</span> 
     </span>
     <span class='ocr_line' id='line_1_25' title="bbox 64 1255 1908 1313; baseline 0.009 -20"><span class='ocrx_word' id='word_1_268' title='bbox 64 1274 141 1299; x_wconf 71' lang='lat' dir='ltr'>xum</span> <span class='ocrx_word' id='word_1_269' title='bbox 152 1255 302 1299; x_wconf 56' lang='lat' dir='ltr'>flaciant</span> <span class='ocrx_word' id='word_1_270' title='bbox 315 1260 414 1294; x_wconf 89' lang='lat' dir='ltr'>hodie</span> <span class='ocrx_word' id='word_1_271' title='bbox 426 1257 486 1292; x_wconf 77' lang='lat' dir='ltr'>filii</span> <span class='ocrx_word' id='word_1_272' title='bbox 507 1259 604 1305; x_wconf 75' lang='lat' dir='ltr'>Legis</span> <span class='ocrx_word' id='word_1_273' title='bbox 617 1260 709 1304; x_wconf 88' lang='lat' dir='ltr'>quod</span> <span class='ocrx_word' id='word_1_274' title='bbox 720 1258 796 1293; x_wconf 85' lang='lat' dir='ltr'>fecit</span> <span class='ocrx_word' id='word_1_275' title='bbox 806 1260 904 1293; x_wconf 86' lang='lat' dir='ltr'>initio</span> <span class='ocrx_word' id='word_1_276' title='bbox 917 1271 1008 1306; x_wconf 84' lang='lat' dir='ltr'>pater</span> <span class='ocrx_word' id='word_1_277' title='bbox 1017 1263 1053 1307; x_wconf 84' lang='lat' dir='ltr'>ip</span> <span class='ocrx_word' id='word_1_278' title='bbox 1071 1273 1168 1297; x_wconf 82' lang='lat' dir='ltr'>erum</span> <span class='ocrx_word' id='word_1_279' title='bbox 1178 1261 1292 1298; x_wconf 89' lang='lat' dir='ltr'>Ismael</span> <span class='ocrx_word' id='word_1_280' title='bbox 1303 1288 1312 1301; x_wconf 89' lang='lat'>‚</span> <span class='ocrx_word' id='word_1_281' title='bbox 1327 1268 1387 1313; x_wconf 88' lang='lat' dir='ltr'>qui</span> <span class='ocrx_word' id='word_1_282' title='bbox 1406 1268 1522 1301; x_wconf 77' lang='lat' dir='ltr'>&#39;verum</span> <span class='ocrx_word' id='word_1_283' title='bbox 1534 1267 1695 1304; x_wconf 86' lang='lat' dir='ltr'>haeredem</span> <span class='ocrx_word' id='word_1_284' title='bbox 1717 1270 1801 1306; x_wconf 86' lang='lat' dir='ltr'>Isaac</span> <span class='ocrx_word' id='word_1_285' title='bbox 1812 1285 1908 1308; x_wconf 53' lang='lat' dir='ltr'>vexa*</span> 
     </span>
     <span class='ocr_line' id='line_1_26' title="bbox 65 1306 1904 1363; baseline 0.009 -22"><span class='ocrx_word' id='word_1_286' title='bbox 65 1313 127 1348; x_wconf 80' lang='lat' dir='ltr'>uit,</span> <span class='ocrx_word' id='word_1_287' title='bbox 137 1311 401 1358; x_wconf 76' lang='lat' dir='ltr'>primogenitura</span> <span class='ocrx_word' id='word_1_288' title='bbox 414 1306 467 1341; x_wconf 81' lang='lat' dir='ltr'>sua</span> <span class='ocrx_word' id='word_1_289' title='bbox 476 1306 587 1340; x_wconf 85' lang='lat' dir='ltr'>fretus:</span> <span class='ocrx_word' id='word_1_290' title='bbox 602 1307 716 1341; x_wconf 85' lang='lat' dir='ltr'>eodem</span> <span class='ocrx_word' id='word_1_291' title='bbox 729 1319 819 1344; x_wconf 88' lang='lat' dir='ltr'>nunc</span> <span class='ocrx_word' id='word_1_292' title='bbox 830 1306 1004 1354; x_wconf 86' lang='lat' dir='ltr'>supercilio</span> <span class='ocrx_word' id='word_1_293' title='bbox 1015 1310 1162 1356; x_wconf 83' lang='lat' dir='ltr'>posteros</span> <span class='ocrx_word' id='word_1_294' title='bbox 1174 1323 1308 1363; x_wconf 86' lang='lat' dir='ltr'>propter</span> <span class='ocrx_word' id='word_1_295' title='bbox 1320 1323 1466 1348; x_wconf 81' lang='lat' dir='ltr'>externas</span> <span class='ocrx_word' id='word_1_296' title='bbox 1477 1321 1690 1352; x_wconf 86' lang='lat' dir='ltr'>caeremonias</span> <span class='ocrx_word' id='word_1_297' title='bbox 1701 1341 1710 1355; x_wconf 82' lang='lat'><em>‚</em></span> <span class='ocrx_word' id='word_1_298' title='bbox 1724 1319 1904 1357; x_wconf 66' lang='lat' dir='ltr'>Circunci⁴</span> 
     </span>
     <span class='ocr_line' id='line_1_27' title="bbox 62 1354 1899 1411; baseline 0.006 -19"><span class='ocrx_word' id='word_1_299' title='bbox 62 1357 190 1396; x_wconf 81' lang='lat' dir='ltr'>fionem</span> <span class='ocrx_word' id='word_1_300' title='bbox 206 1357 280 1392; x_wconf 78' lang='lat' dir='ltr'>totii</span> <span class='ocrx_word' id='word_1_301' title='bbox 286 1371 315 1390; x_wconf 86' lang='lat' dir='ltr'>m</span> <span class='ocrx_word' id='word_1_302' title='bbox 321 1370 385 1403; x_wconf 84' lang='lat' dir='ltr'>quc</span> <span class='ocrx_word' id='word_1_303' title='bbox 396 1357 492 1402; x_wconf 76' lang='lat' dir='ltr'>Legis</span> <span class='ocrx_word' id='word_1_304' title='bbox 501 1367 694 1405; x_wconf 69' lang='lat' dir='ltr'>apparatum</span> <span class='ocrx_word' id='word_1_305' title='bbox 707 1354 870 1403; x_wconf 77' lang='lat' dir='ltr'>superbire</span> <span class='ocrx_word' id='word_1_306' title='bbox 879 1357 1030 1391; x_wconf 87' lang='lat' dir='ltr'>aduersus</span> <span class='ocrx_word' id='word_1_307' title='bbox 1039 1356 1210 1406; x_wconf 78' lang='lat' dir='ltr'>legitimos</span> <span class='ocrx_word' id='word_1_308' title='bbox 1218 1360 1282 1393; x_wconf 86' lang='lat' dir='ltr'>Dei</span> <span class='ocrx_word' id='word_1_309' title='bbox 1294 1359 1393 1401; x_wconf 84' lang='lat' dir='ltr'>filios,</span> <span class='ocrx_word' id='word_1_310' title='bbox 1404 1362 1658 1411; x_wconf 71' lang='lat' dir='ltr'>molestiamque</span> <span class='ocrx_word' id='word_1_311' title='bbox 1679 1367 1731 1404; x_wconf 85' lang='lat' dir='ltr'>his</span> <span class='ocrx_word' id='word_1_312' title='bbox 1742 1366 1899 1405; x_wconf 83' lang='lat' dir='ltr'>faceffere.</span> 
     </span>
    </p>

    <p class='ocr_par' dir='ltr' id='par_1_10' title="bbox 25 1403 1902 2803">
     <span class='ocr_line' id='line_1_28' title="bbox 25 1403 1902 1459; baseline 0.006 -20"><span class='ocrx_word' id='word_1_313' title='bbox 25 1438 29 1441; x_wconf 82' lang='grc'><strong>,</strong></span> <span class='ocrx_word' id='word_1_314' title='bbox 64 1409 211 1456; x_wconf 73' lang='lat' dir='ltr'>Spiritum</span> <span class='ocrx_word' id='word_1_315' title='bbox 225 1404 330 1440; x_wconf 83' lang='lat' dir='ltr'>rursus</span> <span class='ocrx_word' id='word_1_316' title='bbox 346 1407 489 1451; x_wconf 82' lang='lat' dir='ltr'>opponit</span> <span class='ocrx_word' id='word_1_317' title='bbox 499 1405 599 1437; x_wconf 77' lang='lat' dir='ltr'>carni.</span> <span class='ocrx_word' id='word_1_318' title='bbox 609 1403 675 1438; x_wconf 91' lang='lat' dir='ltr'>hoc</span> <span class='ocrx_word' id='word_1_319' title='bbox 686 1408 742 1445; x_wconf 79' lang='lat' dir='ltr'>eit,</span> <span class='ocrx_word' id='word_1_320' title='bbox 753 1406 816 1439; x_wconf 87' lang='lat' dir='ltr'>Dei</span> <span class='ocrx_word' id='word_1_321' title='bbox 827 1405 1040 1440; x_wconf 83' lang='lat' dir='ltr'>vocationem</span> <span class='ocrx_word' id='word_1_322' title='bbox 1050 1405 1095 1440; x_wconf 89' lang='lat' dir='ltr'>hu</span> <span class='ocrx_word' id='word_1_323' title='bbox 1101 1419 1204 1444; x_wconf 85' lang='lat' dir='ltr'>manae</span> <span class='ocrx_word' id='word_1_324' title='bbox 1216 1408 1264 1449; x_wconf 91' lang='lat' dir='ltr'>(vt</span> <span class='ocrx_word' id='word_1_325' title='bbox 1273 1407 1473 1455; x_wconf 81' lang='lat' dir='ltr'>loquuntur)</span> <span class='ocrx_word' id='word_1_326' title='bbox 1487 1416 1684 1459; x_wconf 79' lang='lat' dir='ltr'>apparentiae</span> <span class='ocrx_word' id='word_1_327' title='bbox 1698 1427 1705 1448; x_wconf 89' lang='lat'>:</span> <span class='ocrx_word' id='word_1_328' title='bbox 1720 1417 1764 1449; x_wconf 90' lang='lat' dir='ltr'>ita</span> <span class='ocrx_word' id='word_1_329' title='bbox 1775 1415 1902 1453; x_wconf 83' lang='lat' dir='ltr'>laruam</span> 
     </span>
     <span class='ocr_line' id='line_1_29' title="bbox 64 1449 1900 1504; baseline 0.004 -15"><span class='ocrx_word' id='word_1_330' title='bbox 64 1457 218 1491; x_wconf 78' lang='lat' dir='ltr'>concedit</span> <span class='ocrx_word' id='word_1_331' title='bbox 229 1455 326 1502; x_wconf 84' lang='lat' dir='ltr'>Legis</span> <span class='ocrx_word' id='word_1_332' title='bbox 338 1458 370 1487; x_wconf 69' lang='grc' dir='ltr'>δέ</span> <span class='ocrx_word' id='word_1_333' title='bbox 384 1465 523 1499; x_wconf 80' lang='lat' dir='ltr'>operum</span> <span class='ocrx_word' id='word_1_334' title='bbox 532 1449 756 1489; x_wconf 65' lang='lat' dir='ltr'>sectatoribus:</span> <span class='ocrx_word' id='word_1_335' title='bbox 771 1465 840 1486; x_wconf 87' lang='lat' dir='ltr'>rem</span> <span class='ocrx_word' id='word_1_336' title='bbox 853 1453 932 1487; x_wconf 74' lang='lat' dir='ltr'>vero</span> <span class='ocrx_word' id='word_1_337' title='bbox 943 1450 1048 1500; x_wconf 83' lang='lat' dir='ltr'>ipsam</span> <span class='ocrx_word' id='word_1_338' title='bbox 1060 1455 1212 1493; x_wconf 76' lang='lat' dir='ltr'>vendicat</span> <span class='ocrx_word' id='word_1_339' title='bbox 1223 1458 1262 1490; x_wconf 85' lang='lat' dir='ltr'>iis</span> <span class='ocrx_word' id='word_1_340' title='bbox 1275 1459 1334 1503; x_wconf 89' lang='lat' dir='ltr'>qui</span> <span class='ocrx_word' id='word_1_341' title='bbox 1347 1456 1414 1492; x_wconf 89' lang='lat' dir='ltr'>sola</span> <span class='ocrx_word' id='word_1_342' title='bbox 1423 1459 1488 1492; x_wconf 92' lang='lat' dir='ltr'>Dei</span> <span class='ocrx_word' id='word_1_343' title='bbox 1499 1462 1674 1498; x_wconf 84' lang='lat' dir='ltr'>vocatione</span> <span class='ocrx_word' id='word_1_344' title='bbox 1685 1465 1849 1503; x_wconf 73' lang='lat' dir='ltr'>nituntur,</span> <span class='ocrx_word' id='word_1_345' title='bbox 1865 1470 1900 1504; x_wconf 70' lang='lat' dir='ltr'>&amp;t</span> 
     </span>
     <span class='ocr_line' id='line_1_30' title="bbox 64 1497 1901 1553; baseline 0.008 -20"><span class='ocrx_word' id='word_1_346' title='bbox 64 1503 212 1553; x_wconf 71' lang='lat' dir='ltr'>pendent</span> <span class='ocrx_word' id='word_1_347' title='bbox 225 1515 263 1538; x_wconf 85' lang='lat' dir='ltr'>cx</span> <span class='ocrx_word' id='word_1_348' title='bbox 273 1505 342 1536; x_wconf 83' lang='lat' dir='ltr'>eius</span> <span class='ocrx_word' id='word_1_349' title='bbox 352 1503 464 1548; x_wconf 82' lang='lat' dir='ltr'>gratia.</span> <span class='ocrx_word' id='word_1_350' title='bbox 509 1497 760 1544; x_wconf 80' lang='lat' dir='ltr'>Persequebatur.</span> <span class='ocrx_word' id='word_1_351' title='bbox 809 1502 915 1547; x_wconf 85' lang='lat' dir='ltr'>Atqui</span> <span class='ocrx_word' id='word_1_352' title='bbox 925 1500 1087 1548; x_wconf 84' lang='lat' dir='ltr'>nusquam</span> <span class='ocrx_word' id='word_1_353' title='bbox 1096 1506 1227 1541; x_wconf 84' lang='lat' dir='ltr'>mentio</span> <span class='ocrx_word' id='word_1_354' title='bbox 1237 1502 1273 1538; x_wconf 89' lang='lat' dir='ltr'>fit</span> <span class='ocrx_word' id='word_1_355' title='bbox 1282 1504 1569 1553; x_wconf 86' lang='lat' dir='ltr'>persequutionis:</span> <span class='ocrx_word' id='word_1_356' title='bbox 1589 1509 1719 1544; x_wconf 74' lang='lat' dir='ltr'>tantum</span> <span class='ocrx_word' id='word_1_357' title='bbox 1730 1512 1809 1546; x_wconf 79' lang='lat' dir='ltr'>dici:</span> <span class='ocrx_word' id='word_1_358' title='bbox 1820 1515 1901 1549; x_wconf 89' lang='lat' dir='ltr'>Mo-</span> 
     </span>
     <span class='ocr_line' id='line_1_31' title="bbox 63 1546 1898 1604; baseline 0.007 -20"><span class='ocrx_word' id='word_1_359' title='bbox 63 1553 124 1588; x_wconf 83' lang='lat' dir='ltr'>ses,</span> <span class='ocrx_word' id='word_1_360' title='bbox 138 1549 307 1585; x_wconf 73' lang='lat' dir='ltr'>ismaelem</span> <span class='ocrx_word' id='word_1_361' title='bbox 322 1548 428 1598; x_wconf 85' lang='lat' dir='ltr'>ipsum</span> <span class='ocrx_word' id='word_1_362' title='bbox 440 1546 530 1584; x_wconf 74' lang='lat' dir='ltr'>fuisse</span> <span class='ocrx_word' id='word_1_363' title='bbox 540 1557 626 1594; x_wconf 69' lang='lat' dir='ltr'>pmcn</span> <span class='ocrx_word' id='word_1_364' title='bbox 644 1560 713 1594; x_wconf 88' lang='lat' dir='ltr'>quo</span> <span class='ocrx_word' id='word_1_365' title='bbox 727 1550 904 1595; x_wconf 79' lang='lat' dir='ltr'>participio</span> <span class='ocrx_word' id='word_1_366' title='bbox 923 1548 1085 1597; x_wconf 82' lang='lat' dir='ltr'>fignificat</span> <span class='ocrx_word' id='word_1_367' title='bbox 1096 1550 1226 1589; x_wconf 76' lang='lat' dir='ltr'>sslufiffe</span> <span class='ocrx_word' id='word_1_368' title='bbox 1236 1551 1327 1591; x_wconf 81' lang='lat' dir='ltr'>fratri</span> <span class='ocrx_word' id='word_1_369' title='bbox 1339 1551 1398 1588; x_wconf 91' lang='lat' dir='ltr'>suo</span> <span class='ocrx_word' id='word_1_370' title='bbox 1408 1552 1501 1590; x_wconf 85' lang='lat' dir='ltr'>Isaac.</span> <span class='ocrx_word' id='word_1_371' title='bbox 1513 1556 1617 1594; x_wconf 86' lang='lat' dir='ltr'>Nunc</span> <span class='ocrx_word' id='word_1_372' title='bbox 1628 1558 1720 1604; x_wconf 79' lang='lat' dir='ltr'>quod</span> <span class='ocrx_word' id='word_1_373' title='bbox 1732 1572 1769 1594; x_wconf 88' lang='lat' dir='ltr'>ex</span> <span class='ocrx_word' id='word_1_374' title='bbox 1783 1562 1898 1596; x_wconf 83' lang='lat' dir='ltr'>Iudaeis</span> 
     </span>
     <span class='ocr_line' id='line_1_32' title="bbox 63 1595 1901 1649; baseline 0.005 -15"><span class='ocrx_word' id='word_1_375' title='bbox 63 1599 202 1649; x_wconf 85' lang='lat' dir='ltr'>quidam</span> <span class='ocrx_word' id='word_1_376' title='bbox 212 1598 396 1647; x_wconf 75' lang='lat' dir='ltr'>simplicem</span> <span class='ocrx_word' id='word_1_377' title='bbox 406 1595 506 1631; x_wconf 84' lang='lat' dir='ltr'>risum</span> <span class='ocrx_word' id='word_1_378' title='bbox 516 1607 702 1643; x_wconf 85' lang='lat' dir='ltr'>exponunt,</span> <span class='ocrx_word' id='word_1_379' title='bbox 715 1598 856 1634; x_wconf 76' lang='lat' dir='ltr'>minime</span> <span class='ocrx_word' id='word_1_380' title='bbox 867 1596 1127 1634; x_wconf 87' lang='lat' dir='ltr'>consentaneum</span> <span class='ocrx_word' id='word_1_381' title='bbox 1140 1600 1293 1638; x_wconf 81' lang='lat' dir='ltr'>est‚cuius</span> <span class='ocrx_word' id='word_1_382' title='bbox 1302 1604 1394 1639; x_wconf 86' lang='lat' dir='ltr'>enirn</span> <span class='ocrx_word' id='word_1_383' title='bbox 1404 1600 1532 1638; x_wconf 78' lang='lat' dir='ltr'>saeuitiae</span> <span class='ocrx_word' id='word_1_384' title='bbox 1544 1603 1662 1646; x_wconf 80' lang='lat' dir='ltr'>fuisset,</span> <span class='ocrx_word' id='word_1_385' title='bbox 1685 1605 1786 1641; x_wconf 87' lang='lat' dir='ltr'>risum</span> <span class='ocrx_word' id='word_1_386' title='bbox 1796 1611 1901 1644; x_wconf 90' lang='lat' dir='ltr'>inno—-</span> 
     </span>
     <span class='ocr_line' id='line_1_33' title="bbox 59 1642 1902 1696; baseline 0.005 -14"><span class='ocrx_word' id='word_1_387' title='bbox 59 1650 233 1683; x_wconf 20' lang='lat' dir='ltr'>xiumttam</span> <span class='ocrx_word' id='word_1_388' title='bbox 244 1647 396 1681; x_wconf 81' lang='lat' dir='ltr'>atrociter</span> <span class='ocrx_word' id='word_1_389' title='bbox 405 1642 516 1680; x_wconf 84' lang='lat' dir='ltr'>vlcisci</span> <span class='ocrx_word' id='word_1_390' title='bbox 526 1651 535 1677; x_wconf 76' lang='grc' dir='ltr'><em>Ξ</em></span> <span class='ocrx_word' id='word_1_391' title='bbox 547 1644 632 1678; x_wconf 88' lang='lat' dir='ltr'>Non</span> <span class='ocrx_word' id='word_1_392' title='bbox 643 1643 783 1679; x_wconf 89' lang='lat' dir='ltr'>dubium</span> <span class='ocrx_word' id='word_1_393' title='bbox 794 1647 896 1692; x_wconf 85' lang='lat' dir='ltr'>igitur</span> <span class='ocrx_word' id='word_1_394' title='bbox 904 1649 988 1694; x_wconf 88' lang='lat' dir='ltr'>quin</span> <span class='ocrx_word' id='word_1_395' title='bbox 999 1659 1056 1696; x_wconf 86' lang='lat' dir='ltr'>per</span> <span class='ocrx_word' id='word_1_396' title='bbox 1066 1648 1308 1684; x_wconf 84' lang='lat' dir='ltr'>contumeliam</span> <span class='ocrx_word' id='word_1_397' title='bbox 1319 1673 1330 1688; x_wconf 84' lang='lat'>‚</span> <span class='ocrx_word' id='word_1_398' title='bbox 1341 1649 1485 1686; x_wconf 82' lang='lat' dir='ltr'>laedoriis</span> <span class='ocrx_word' id='word_1_399' title='bbox 1495 1651 1659 1692; x_wconf 81' lang='lat' dir='ltr'>infantem</span> <span class='ocrx_word' id='word_1_400' title='bbox 1670 1652 1755 1690; x_wconf 81' lang='lat' dir='ltr'>Isaac</span> <span class='ocrx_word' id='word_1_401' title='bbox 1770 1655 1902 1692; x_wconf 81' lang='lat' dir='ltr'>laceffe-</span> 
     </span>
     <span class='ocr_line' id='line_1_34' title="bbox 58 1691 1902 1752; baseline 0.003 -21"><span class='ocrx_word' id='word_1_402' title='bbox 58 1707 120 1732; x_wconf 81' lang='lat' dir='ltr'>tet.</span> <span class='ocrx_word' id='word_1_403' title='bbox 130 1696 191 1737; x_wconf 81' lang='lat' dir='ltr'>Sed</span> <span class='ocrx_word' id='word_1_404' title='bbox 201 1705 365 1742; x_wconf 84' lang='lat' dir='ltr'>quantum</span> <span class='ocrx_word' id='word_1_405' title='bbox 375 1693 408 1727; x_wconf 88' lang='lat' dir='ltr'>id</span> <span class='ocrx_word' id='word_1_406' title='bbox 417 1692 503 1727; x_wconf 82' lang='lat' dir='ltr'>abest</span> <span class='ocrx_word' id='word_1_407' title='bbox 512 1692 530 1727; x_wconf 76' lang='grc' dir='ltr'>ὲ.</span> <span class='ocrx_word' id='word_1_408' title='bbox 545 1691 821 1740; x_wconf 77' lang='lat' dir='ltr'>persequutione?</span> <span class='ocrx_word' id='word_1_409' title='bbox 840 1707 912 1729; x_wconf 88' lang='lat' dir='ltr'>non</span> <span class='ocrx_word' id='word_1_410' title='bbox 923 1705 1035 1731; x_wconf 85' lang='lat' dir='ltr'>tamen</span> <span class='ocrx_word' id='word_1_411' title='bbox 1044 1693 1157 1730; x_wconf 87' lang='lat' dir='ltr'>frustra</span> <span class='ocrx_word' id='word_1_412' title='bbox 1167 1709 1228 1733; x_wconf 85' lang='lat' dir='ltr'>nec</span> <span class='ocrx_word' id='word_1_413' title='bbox 1238 1700 1361 1737; x_wconf 68' lang='lat' dir='ltr'>temere</span> <span class='ocrx_word' id='word_1_414' title='bbox 1379 1699 1499 1738; x_wconf 81' lang='lat' dir='ltr'>Paulus</span> <span class='ocrx_word' id='word_1_415' title='bbox 1511 1701 1576 1735; x_wconf 85' lang='lat' dir='ltr'>hoc</span> <span class='ocrx_word' id='word_1_416' title='bbox 1586 1714 1638 1735; x_wconf 91' lang='lat' dir='ltr'>am</span> <span class='ocrx_word' id='word_1_417' title='bbox 1643 1701 1778 1752; x_wconf 80' lang='lat' dir='ltr'>plificat.</span> <span class='ocrx_word' id='word_1_418' title='bbox 1797 1704 1902 1743; x_wconf 71' lang='lat' dir='ltr'>Nulla</span> 
     </span>
     <span class='ocr_line' id='line_1_35' title="bbox 56 1739 1898 1795; baseline 0.005 -16"><span class='ocrx_word' id='word_1_419' title='bbox 56 1747 151 1780; x_wconf 86' lang='lat' dir='ltr'>enim</span> <span class='ocrx_word' id='word_1_420' title='bbox 163 1742 372 1792; x_wconf 84' lang='lat' dir='ltr'>persequutio</span> <span class='ocrx_word' id='word_1_421' title='bbox 381 1752 447 1775; x_wconf 88' lang='lat' dir='ltr'>tam</span> <span class='ocrx_word' id='word_1_422' title='bbox 460 1739 597 1775; x_wconf 85' lang='lat' dir='ltr'>molesta</span> <span class='ocrx_word' id='word_1_423' title='bbox 605 1739 665 1775; x_wconf 82' lang='lat' dir='ltr'>effe</span> <span class='ocrx_word' id='word_1_424' title='bbox 675 1741 774 1777; x_wconf 85' lang='lat' dir='ltr'>nobis</span> <span class='ocrx_word' id='word_1_425' title='bbox 783 1740 891 1779; x_wconf 86' lang='lat' dir='ltr'>debet,</span> <span class='ocrx_word' id='word_1_426' title='bbox 903 1744 1006 1789; x_wconf 71' lang='lat' dir='ltr'>quam</span> <span class='ocrx_word' id='word_1_427' title='bbox 1017 1744 1097 1778; x_wconf 88' lang='lat' dir='ltr'>dum</span> <span class='ocrx_word' id='word_1_428' title='bbox 1109 1746 1294 1795; x_wconf 85' lang='lat' dir='ltr'>impiorum</span> <span class='ocrx_word' id='word_1_429' title='bbox 1304 1746 1456 1782; x_wconf 78' lang='lat' dir='ltr'>ludibriis</span> <span class='ocrx_word' id='word_1_430' title='bbox 1467 1748 1618 1784; x_wconf 86' lang='lat' dir='ltr'>videmus</span> <span class='ocrx_word' id='word_1_431' title='bbox 1628 1749 1816 1788; x_wconf 65' lang='lat' dir='ltr'>labefactari</span> <span class='ocrx_word' id='word_1_432' title='bbox 1832 1767 1898 1789; x_wconf 89' lang='lat' dir='ltr'>no-</span> 
     </span>
     <span class='ocr_line' id='line_1_36' title="bbox 57 1788 1895 1844; baseline 0.006 -18"><span class='ocrx_word' id='word_1_433' title='bbox 57 1794 156 1828; x_wconf 85' lang='lat' dir='ltr'>stram</span> <span class='ocrx_word' id='word_1_434' title='bbox 165 1794 388 1827; x_wconf 78' lang='lat' dir='ltr'>vocationem:</span> <span class='ocrx_word' id='word_1_435' title='bbox 400 1801 510 1837; x_wconf 86' lang='lat' dir='ltr'>neque</span> <span class='ocrx_word' id='word_1_436' title='bbox 519 1788 666 1838; x_wconf 75' lang='lat' dir='ltr'>colaphi,</span> <span class='ocrx_word' id='word_1_437' title='bbox 678 1803 786 1837; x_wconf 90' lang='lat' dir='ltr'>neque</span> <span class='ocrx_word' id='word_1_438' title='bbox 799 1789 940 1837; x_wconf 83' lang='lat' dir='ltr'>flagella,</span> <span class='ocrx_word' id='word_1_439' title='bbox 952 1804 1061 1843; x_wconf 81' lang='lat' dir='ltr'>neque</span> <span class='ocrx_word' id='word_1_440' title='bbox 1069 1791 1170 1837; x_wconf 74' lang='lat' dir='ltr'>claui,</span> <span class='ocrx_word' id='word_1_441' title='bbox 1183 1807 1292 1844; x_wconf 88' lang='lat' dir='ltr'>neque</span> <span class='ocrx_word' id='word_1_442' title='bbox 1310 1794 1411 1842; x_wconf 77' lang='lat' dir='ltr'>spinae</span> <span class='ocrx_word' id='word_1_443' title='bbox 1421 1807 1553 1834; x_wconf 86' lang='lat' dir='ltr'>tantum</span> <span class='ocrx_word' id='word_1_444' title='bbox 1565 1802 1730 1838; x_wconf 85' lang='lat' dir='ltr'>cruciatus</span> <span class='ocrx_word' id='word_1_445' title='bbox 1739 1801 1895 1838; x_wconf 79' lang='lat' dir='ltr'>attulerfit</span> 
     </span>
     <span class='ocr_line' id='line_1_37' title="bbox 57 1835 1893 1894; baseline 0.004 -18"><span class='ocrx_word' id='word_1_446' title='bbox 57 1840 206 1878; x_wconf 85' lang='lat' dir='ltr'>Christo,</span> <span class='ocrx_word' id='word_1_447' title='bbox 216 1850 381 1888; x_wconf 89' lang='lat' dir='ltr'>quantum</span> <span class='ocrx_word' id='word_1_448' title='bbox 396 1837 452 1872; x_wconf 84' lang='lat' dir='ltr'>illa</span> <span class='ocrx_word' id='word_1_449' title='bbox 463 1835 677 1886; x_wconf 86' lang='lat' dir='ltr'>blasphemia,</span> <span class='ocrx_word' id='word_1_450' title='bbox 687 1837 839 1873; x_wconf 83' lang='lat' dir='ltr'>confidit</span> <span class='ocrx_word' id='word_1_451' title='bbox 847 1841 883 1874; x_wconf 86' lang='lat' dir='ltr'>in</span> <span class='ocrx_word' id='word_1_452' title='bbox 891 1841 979 1878; x_wconf 85' lang='lat' dir='ltr'>Deo,</span> <span class='ocrx_word' id='word_1_453' title='bbox 989 1841 1071 1888; x_wconf 88' lang='lat' dir='ltr'>quid</span> <span class='ocrx_word' id='word_1_454' title='bbox 1081 1840 1131 1875; x_wconf 82' lang='lat' dir='ltr'>iili</span> <span class='ocrx_word' id='word_1_455' title='bbox 1140 1843 1282 1890; x_wconf 84' lang='lat' dir='ltr'>prodest,</span> <span class='ocrx_word' id='word_1_456' title='bbox 1292 1856 1398 1891; x_wconf 88' lang='lat' dir='ltr'>quum</span> <span class='ocrx_word' id='word_1_457' title='bbox 1407 1843 1445 1881; x_wconf 80' lang='lat' dir='ltr'>fit</span> <span class='ocrx_word' id='word_1_458' title='bbox 1454 1848 1553 1880; x_wconf 88' lang='lat' dir='ltr'>omni</span> <span class='ocrx_word' id='word_1_459' title='bbox 1564 1859 1628 1894; x_wconf 85' lang='lat' dir='ltr'>ope</span> <span class='ocrx_word' id='word_1_460' title='bbox 1638 1848 1824 1887; x_wconf 81' lang='lat' dir='ltr'>destitutus?</span> <span class='ocrx_word' id='word_1_461' title='bbox 1840 1853 1893 1888; x_wconf 74' lang='grc' dir='ltr'>ΝΞ</span> 
     </span>
     <span class='ocr_line' id='line_1_38' title="bbox 56 1885 1891 1945; baseline 0.007 -22"><span class='ocrx_word' id='word_1_462' title='bbox 56 1888 133 1937; x_wconf 85' lang='lat' dir='ltr'>plus</span> <span class='ocrx_word' id='word_1_463' title='bbox 143 1890 264 1925; x_wconf 86' lang='lat' dir='ltr'>veneni</span> <span class='ocrx_word' id='word_1_464' title='bbox 277 1887 347 1924; x_wconf 85' lang='lat' dir='ltr'>illic</span> <span class='ocrx_word' id='word_1_465' title='bbox 356 1885 479 1924; x_wconf 88' lang='lat' dir='ltr'>subest,</span> <span class='ocrx_word' id='word_1_466' title='bbox 490 1891 591 1933; x_wconf 83' lang='lat' dir='ltr'>quam</span> <span class='ocrx_word' id='word_1_467' title='bbox 602 1889 638 1924; x_wconf 90' lang='lat' dir='ltr'>iu</span> <span class='ocrx_word' id='word_1_468' title='bbox 648 1888 778 1926; x_wconf 62' lang='lat' dir='ltr'>canoris</span> <span class='ocrx_word' id='word_1_469' title='bbox 790 1886 1115 1936; x_wconf 76' lang='lat' dir='ltr'>persequutionibus.</span> <span class='ocrx_word' id='word_1_470' title='bbox 1125 1903 1253 1936; x_wconf 87' lang='lat' dir='ltr'>quanto</span> <span class='ocrx_word' id='word_1_471' title='bbox 1264 1895 1355 1927; x_wconf 87' lang='lat' dir='ltr'>enim</span> <span class='ocrx_word' id='word_1_472' title='bbox 1367 1892 1440 1939; x_wconf 87' lang='lat' dir='ltr'>plus</span> <span class='ocrx_word' id='word_1_473' title='bbox 1452 1894 1496 1930; x_wconf 87' lang='lat' dir='ltr'>est</span> <span class='ocrx_word' id='word_1_474' title='bbox 1505 1919 1516 1934; x_wconf 77' lang='lat'><em>,</em></span> <span class='ocrx_word' id='word_1_475' title='bbox 1532 1896 1657 1929; x_wconf 87' lang='lat' dir='ltr'>irritam</span> <span class='ocrx_word' id='word_1_476' title='bbox 1669 1896 1738 1931; x_wconf 82' lang='lat' dir='ltr'>ficri</span> <span class='ocrx_word' id='word_1_477' title='bbox 1750 1901 1891 1945; x_wconf 82' lang='lat' dir='ltr'>gratiam</span> 
     </span>
     <span class='ocr_line' id='line_1_39' title="bbox 55 1935 1888 1993; baseline 0.006 -22"><span class='ocrx_word' id='word_1_478' title='bbox 55 1939 195 1972; x_wconf 82' lang='lat' dir='ltr'>Diuinae</span> <span class='ocrx_word' id='word_1_479' title='bbox 205 1936 408 1984; x_wconf 88' lang='lat' dir='ltr'>adoptionis,</span> <span class='ocrx_word' id='word_1_480' title='bbox 420 1935 522 1981; x_wconf 74' lang='lat' dir='ltr'>quam</span> <span class='ocrx_word' id='word_1_481' title='bbox 532 1935 691 1971; x_wconf 85' lang='lat' dir='ltr'>caducam</span> <span class='ocrx_word' id='word_1_482' title='bbox 701 1937 805 1970; x_wconf 88' lang='lat' dir='ltr'>vitam</span> <span class='ocrx_word' id='word_1_483' title='bbox 815 1935 914 1970; x_wconf 88' lang='lat' dir='ltr'>nobis</span> <span class='ocrx_word' id='word_1_484' title='bbox 924 1939 1022 1984; x_wconf 80' lang='lat' dir='ltr'>eripi?</span> <span class='ocrx_word' id='word_1_485' title='bbox 1031 1937 1115 1972; x_wconf 90' lang='lat' dir='ltr'>Non</span> <span class='ocrx_word' id='word_1_486' title='bbox 1124 1951 1204 1985; x_wconf 86' lang='lat' dir='ltr'>ergo</span> <span class='ocrx_word' id='word_1_487' title='bbox 1238 1938 1427 1987; x_wconf 86' lang='lat' dir='ltr'>ersequutus</span> <span class='ocrx_word' id='word_1_488' title='bbox 1439 1942 1482 1975; x_wconf 86' lang='lat' dir='ltr'>est</span> <span class='ocrx_word' id='word_1_489' title='bbox 1491 1940 1604 1977; x_wconf 89' lang='lat' dir='ltr'>Ismael</span> <span class='ocrx_word' id='word_1_490' title='bbox 1614 1942 1746 1979; x_wconf 81' lang='lat' dir='ltr'>fratrem</span> <span class='ocrx_word' id='word_1_491' title='bbox 1763 1947 1888 1993; x_wconf 76' lang='lat' dir='ltr'>gladio:</span> 
     </span>
     <span class='ocr_line' id='line_1_40' title="bbox 57 1951 1887 2036; baseline 0.005 -16"><span class='ocrx_word' id='word_1_492' title='bbox 57 1984 112 2020; x_wconf 88' lang='lat' dir='ltr'>sed</span> <span class='ocrx_word' id='word_1_493' title='bbox 121 1985 212 2032; x_wconf 87' lang='lat' dir='ltr'>quod</span> <span class='ocrx_word' id='word_1_494' title='bbox 221 1985 364 2019; x_wconf 79' lang='lat' dir='ltr'>deterius</span> <span class='ocrx_word' id='word_1_495' title='bbox 374 1984 427 2021; x_wconf 77' lang='lat' dir='ltr'>est,</span> <span class='ocrx_word' id='word_1_496' title='bbox 439 1982 573 2031; x_wconf 70' lang='lat' dir='ltr'>superbe</span> <span class='ocrx_word' id='word_1_497' title='bbox 585 1982 734 2018; x_wconf 86' lang='lat' dir='ltr'>aduersus</span> <span class='ocrx_word' id='word_1_498' title='bbox 747 1982 844 2019; x_wconf 89' lang='lat' dir='ltr'>illum</span> <span class='ocrx_word' id='word_1_499' title='bbox 854 1982 884 2018; x_wconf 91' lang='lat' dir='ltr'>se</span> <span class='ocrx_word' id='word_1_500' title='bbox 893 1983 1043 2020; x_wconf 85' lang='lat' dir='ltr'>efferebat</span> <span class='ocrx_word' id='word_1_501' title='bbox 1051 2011 1062 2029; x_wconf 78' lang='lat'>,</span> <span class='ocrx_word' id='word_1_502' title='bbox 1073 1951 1326 2033; x_wconf 57' lang='lat' dir='ltr'>promissibnem</span> <span class='ocrx_word' id='word_1_503' title='bbox 1337 1991 1401 2027; x_wconf 77' lang='lat' dir='ltr'>Dei</span> <span class='ocrx_word' id='word_1_504' title='bbox 1409 1989 1551 2036; x_wconf 84' lang='lat' dir='ltr'>pedibus</span> <span class='ocrx_word' id='word_1_505' title='bbox 1560 1993 1728 2027; x_wconf 82' lang='lat' dir='ltr'>calcando.</span> <span class='ocrx_word' id='word_1_506' title='bbox 1744 1995 1812 2029; x_wconf 80' lang='lat' dir='ltr'>Hic</span> <span class='ocrx_word' id='word_1_507' title='bbox 1823 1996 1887 2030; x_wconf 71' lang='lat' dir='ltr'>etii</span> 
     </span>
     <span class='ocr_line' id='line_1_41' title="bbox 57 2029 1893 2084; baseline 0.005 -16"><span class='ocrx_word' id='word_1_508' title='bbox 57 2033 135 2068; x_wconf 79' lang='lat' dir='ltr'>fons</span> <span class='ocrx_word' id='word_1_509' title='bbox 146 2033 190 2067; x_wconf 89' lang='lat' dir='ltr'>est</span> <span class='ocrx_word' id='word_1_510' title='bbox 200 2035 356 2067; x_wconf 80' lang='lat' dir='ltr'>omnium</span> <span class='ocrx_word' id='word_1_511' title='bbox 368 2029 662 2080; x_wconf 89' lang='lat' dir='ltr'>persequutionum</span> <span class='ocrx_word' id='word_1_512' title='bbox 674 2055 684 2069; x_wconf 81' lang='lat'>‚</span> <span class='ocrx_word' id='word_1_513' title='bbox 694 2031 788 2079; x_wconf 72' lang='lat' dir='ltr'>quod</span> <span class='ocrx_word' id='word_1_514' title='bbox 798 2034 896 2081; x_wconf 88' lang='lat' dir='ltr'>impii</span> <span class='ocrx_word' id='word_1_515' title='bbox 905 2035 970 2067; x_wconf 87' lang='lat' dir='ltr'>Dei</span> <span class='ocrx_word' id='word_1_516' title='bbox 981 2036 1120 2084; x_wconf 76' lang='lat' dir='ltr'>gratiam</span> <span class='ocrx_word' id='word_1_517' title='bbox 1130 2037 1165 2069; x_wconf 88' lang='lat' dir='ltr'>in</span> <span class='ocrx_word' id='word_1_518' title='bbox 1176 2034 1287 2070; x_wconf 63' lang='lat' dir='ltr'>electis</span> <span class='ocrx_word' id='word_1_519' title='bbox 1300 2034 1502 2083; x_wconf 78' lang='lat' dir='ltr'>&amp;spernunt</span> <span class='ocrx_word' id='word_1_520' title='bbox 1513 2044 1547 2074; x_wconf 62' lang='grc' dir='ltr'>ὀί</span> <span class='ocrx_word' id='word_1_521' title='bbox 1558 2040 1711 2078; x_wconf 84' lang='lat' dir='ltr'>oderunt.</span> <span class='ocrx_word' id='word_1_522' title='bbox 1739 2045 1833 2076; x_wconf 87' lang='lat' dir='ltr'>cuius</span> <span class='ocrx_word' id='word_1_523' title='bbox 1844 2046 1893 2080; x_wconf 83' lang='lat' dir='ltr'>rei</span> 
     </span>
     <span class='ocr_line' id='line_1_42' title="bbox 57 2079 1893 2128; baseline 0.005 -12"><span class='ocrx_word' id='word_1_524' title='bbox 57 2081 271 2116; x_wconf 82' lang='lat' dir='ltr'>luculentum</span> <span class='ocrx_word' id='word_1_525' title='bbox 280 2081 522 2115; x_wconf 88' lang='lat' dir='ltr'>documentum</span> <span class='ocrx_word' id='word_1_526' title='bbox 532 2079 692 2118; x_wconf 84' lang='lat' dir='ltr'>habemus</span> <span class='ocrx_word' id='word_1_527' title='bbox 704 2083 739 2114; x_wconf 87' lang='lat' dir='ltr'>in</span> <span class='ocrx_word' id='word_1_528' title='bbox 749 2080 884 2119; x_wconf 76' lang='lat' dir='ltr'>historia</span> <span class='ocrx_word' id='word_1_529' title='bbox 894 2083 980 2117; x_wconf 84' lang='lat' dir='ltr'>Cain</span> <span class='ocrx_word' id='word_1_530' title='bbox 992 2081 1026 2116; x_wconf 65' lang='grc' dir='ltr'>ὅ(</span> <span class='ocrx_word' id='word_1_531' title='bbox 1036 2081 1154 2117; x_wconf 79' lang='lat' dir='ltr'>Habel.</span> <span class='ocrx_word' id='word_1_532' title='bbox 1166 2084 1397 2118; x_wconf 85' lang='lat' dir='ltr'>Admonemur</span> <span class='ocrx_word' id='word_1_533' title='bbox 1412 2089 1524 2123; x_wconf 85' lang='lat' dir='ltr'>ctiam,</span> <span class='ocrx_word' id='word_1_534' title='bbox 1538 2100 1608 2121; x_wconf 88' lang='lat' dir='ltr'>non</span> <span class='ocrx_word' id='word_1_535' title='bbox 1618 2090 1748 2123; x_wconf 74' lang='lat' dir='ltr'>tantum</span> <span class='ocrx_word' id='word_1_536' title='bbox 1760 2091 1893 2128; x_wconf 85' lang='lat' dir='ltr'>horrori</span> 
     </span>
     <span class='ocr_line' id='line_1_43' title="bbox 57 2126 1890 2186; baseline 0.001 -15"><span class='ocrx_word' id='word_1_537' title='bbox 57 2130 157 2165; x_wconf 68' lang='lat' dir='ltr'>nobis</span> <span class='ocrx_word' id='word_1_538' title='bbox 168 2130 284 2163; x_wconf 66' lang='lat' dir='ltr'>debere</span> <span class='ocrx_word' id='word_1_539' title='bbox 295 2127 354 2162; x_wconf 69' lang='lat' dir='ltr'>esse</span> <span class='ocrx_word' id='word_1_540' title='bbox 365 2139 511 2162; x_wconf 87' lang='lat' dir='ltr'>externas</span> <span class='ocrx_word' id='word_1_541' title='bbox 523 2126 808 2175; x_wconf 69' lang='lat' dir='ltr'>persequutiones,</span> <span class='ocrx_word' id='word_1_542' title='bbox 818 2141 922 2176; x_wconf 75' lang='lat' dir='ltr'>quum</span> <span class='ocrx_word' id='word_1_543' title='bbox 931 2128 1016 2168; x_wconf 78' lang='lat' dir='ltr'>ferto</span> <span class='ocrx_word' id='word_1_544' title='bbox 1029 2134 1063 2164; x_wconf 71' lang='grc' dir='ltr'>δε</span> <span class='ocrx_word' id='word_1_545' title='bbox 1076 2132 1148 2178; x_wconf 85' lang='lat' dir='ltr'>igni</span> <span class='ocrx_word' id='word_1_546' title='bbox 1157 2144 1220 2166; x_wconf 90' lang='lat' dir='ltr'>nos</span> <span class='ocrx_word' id='word_1_547' title='bbox 1229 2133 1394 2169; x_wconf 85' lang='lat' dir='ltr'>trucidant</span> <span class='ocrx_word' id='word_1_548' title='bbox 1407 2136 1537 2180; x_wconf 80' lang='lat' dir='ltr'>pietatis</span> <span class='ocrx_word' id='word_1_549' title='bbox 1545 2134 1652 2170; x_wconf 85' lang='lat' dir='ltr'>hostes</span> <span class='ocrx_word' id='word_1_550' title='bbox 1663 2150 1671 2170; x_wconf 71' lang='grc' dir='ltr'><strong><em>ι</em></strong></span> <span class='ocrx_word' id='word_1_551' title='bbox 1682 2150 1788 2186; x_wconf 87' lang='lat' dir='ltr'>quum</span> <span class='ocrx_word' id='word_1_552' title='bbox 1801 2152 1837 2173; x_wconf 84' lang='lat' dir='ltr'>ex</span> <span class='ocrx_word' id='word_1_553' title='bbox 1848 2139 1890 2173; x_wconf 89' lang='lat' dir='ltr'>il-</span> 
     </span>
     <span class='ocr_line' id='line_1_44' title="bbox 59 2175 1891 2228; baseline 0.005 -16"><span class='ocrx_word' id='word_1_554' title='bbox 59 2177 101 2212; x_wconf 82' lang='lat' dir='ltr'>lis</span> <span class='ocrx_word' id='word_1_555' title='bbox 121 2177 315 2215; x_wconf 84' lang='lat' dir='ltr'>carceribus,</span> <span class='ocrx_word' id='word_1_556' title='bbox 325 2178 513 2214; x_wconf 84' lang='lat' dir='ltr'>tormentis,</span> <span class='ocrx_word' id='word_1_557' title='bbox 520 2186 576 2212; x_wconf 81' lang='lat' dir='ltr'>aut</span> <span class='ocrx_word' id='word_1_558' title='bbox 586 2175 723 2222; x_wconf 83' lang='lat' dir='ltr'>flagellis</span> <span class='ocrx_word' id='word_1_559' title='bbox 734 2176 809 2215; x_wconf 82' lang='lat' dir='ltr'>sunt</span> <span class='ocrx_word' id='word_1_560' title='bbox 818 2176 934 2214; x_wconf 82' lang='lat' dir='ltr'>infesti:</span> <span class='ocrx_word' id='word_1_561' title='bbox 948 2175 999 2214; x_wconf 86' lang='lat' dir='ltr'>sed</span> <span class='ocrx_word' id='word_1_562' title='bbox 1008 2190 1113 2224; x_wconf 88' lang='lat' dir='ltr'>quum</span> <span class='ocrx_word' id='word_1_563' title='bbox 1125 2177 1187 2214; x_wconf 80' lang='lat' dir='ltr'>suis</span> <span class='ocrx_word' id='word_1_564' title='bbox 1197 2179 1409 2228; x_wconf 82' lang='lat' dir='ltr'>blasphemiis</span> <span class='ocrx_word' id='word_1_565' title='bbox 1420 2185 1545 2216; x_wconf 87' lang='lat' dir='ltr'>irritam</span> <span class='ocrx_word' id='word_1_566' title='bbox 1563 2183 1666 2221; x_wconf 82' lang='lat' dir='ltr'>facere</span> <span class='ocrx_word' id='word_1_567' title='bbox 1675 2197 1842 2222; x_wconf 90' lang='lat' dir='ltr'>conantur</span> <span class='ocrx_word' id='word_1_568' title='bbox 1852 2187 1891 2222; x_wconf 85' lang='lat' dir='ltr'>fi-</span> 
     </span>
     <span class='ocr_line' id='line_1_45' title="bbox 60 2223 1889 2283; baseline 0.007 -23"><span class='ocrx_word' id='word_1_569' title='bbox 60 2227 193 2261; x_wconf 84' lang='lat' dir='ltr'>duciam</span> <span class='ocrx_word' id='word_1_570' title='bbox 212 2227 355 2261; x_wconf 83' lang='lat' dir='ltr'>nostram</span> <span class='ocrx_word' id='word_1_571' title='bbox 367 2238 438 2272; x_wconf 82' lang='lat' dir='ltr'>quae</span> <span class='ocrx_word' id='word_1_572' title='bbox 447 2226 482 2260; x_wconf 87' lang='lat' dir='ltr'>in</span> <span class='ocrx_word' id='word_1_573' title='bbox 494 2225 560 2258; x_wconf 91' lang='lat' dir='ltr'>Dei</span> <span class='ocrx_word' id='word_1_574' title='bbox 569 2223 844 2274; x_wconf 79' lang='lat' dir='ltr'>promissionibus</span> <span class='ocrx_word' id='word_1_575' title='bbox 853 2225 1017 2261; x_wconf 88' lang='lat' dir='ltr'>recumbit</span> <span class='ocrx_word' id='word_1_576' title='bbox 1026 2249 1037 2264; x_wconf 89' lang='lat'>,</span> <span class='ocrx_word' id='word_1_577' title='bbox 1046 2239 1152 2275; x_wconf 89' lang='lat' dir='ltr'>quum</span> <span class='ocrx_word' id='word_1_578' title='bbox 1163 2226 1257 2267; x_wconf 80' lang='lat' dir='ltr'>saluti</span> <span class='ocrx_word' id='word_1_579' title='bbox 1267 2230 1382 2264; x_wconf 81' lang='lat' dir='ltr'>nostrae</span> <span class='ocrx_word' id='word_1_580' title='bbox 1393 2229 1541 2268; x_wconf 83' lang='lat' dir='ltr'>illudunt</span> <span class='ocrx_word' id='word_1_581' title='bbox 1551 2254 1561 2269; x_wconf 87' lang='lat'>‚</span> <span class='ocrx_word' id='word_1_582' title='bbox 1585 2244 1693 2283; x_wconf 85' lang='lat' dir='ltr'>quum</span> <span class='ocrx_word' id='word_1_583' title='bbox 1704 2234 1889 2281; x_wconf 77' lang='lat' dir='ltr'>petulanter</span> 
     </span>
     <span class='ocr_line' id='line_1_46' title="bbox 58 2270 1892 2324; baseline 0.006 -16"><span class='ocrx_word' id='word_1_584' title='bbox 58 2285 171 2309; x_wconf 88' lang='lat' dir='ltr'>totum</span> <span class='ocrx_word' id='word_1_585' title='bbox 189 2273 409 2321; x_wconf 83' lang='lat' dir='ltr'>Euangelium</span> <span class='ocrx_word' id='word_1_586' title='bbox 428 2270 634 2310; x_wconf 80' lang='lat' dir='ltr'>subsannant.</span> <span class='ocrx_word' id='word_1_587' title='bbox 653 2273 744 2308; x_wconf 85' lang='lat' dir='ltr'>Nam</span> <span class='ocrx_word' id='word_1_588' title='bbox 755 2285 816 2307; x_wconf 89' lang='lat' dir='ltr'>nec</span> <span class='ocrx_word' id='word_1_589' title='bbox 827 2275 1008 2320; x_wconf 86' lang='lat' dir='ltr'>quicquam</span> <span class='ocrx_word' id='word_1_590' title='bbox 1037 2276 1080 2314; x_wconf 81' lang='lat' dir='ltr'>est</span> <span class='ocrx_word' id='word_1_591' title='bbox 1089 2276 1182 2323; x_wconf 88' lang='lat' dir='ltr'>quod</span> <span class='ocrx_word' id='word_1_592' title='bbox 1190 2288 1257 2311; x_wconf 82' lang='lat' dir='ltr'>tarn</span> <span class='ocrx_word' id='word_1_593' title='bbox 1268 2281 1411 2324; x_wconf 85' lang='lat' dir='ltr'>grauiter</span> <span class='ocrx_word' id='word_1_594' title='bbox 1421 2281 1552 2317; x_wconf 80' lang='lat' dir='ltr'>animos</span> <span class='ocrx_word' id='word_1_595' title='bbox 1571 2281 1701 2318; x_wconf 81' lang='lat' dir='ltr'>nostros</span> <span class='ocrx_word' id='word_1_596' title='bbox 1720 2282 1892 2319; x_wconf 85' lang='lat' dir='ltr'>vulnerare</span> 
     </span>
     <span class='ocr_line' id='line_1_47' title="bbox 57 2320 1891 2380; baseline 0.006 -24"><span class='ocrx_word' id='word_1_597' title='bbox 57 2321 172 2359; x_wconf 85' lang='lat' dir='ltr'>debeat</span> <span class='ocrx_word' id='word_1_598' title='bbox 181 2346 191 2360; x_wconf 93' lang='lat'>‚</span> <span class='ocrx_word' id='word_1_599' title='bbox 209 2323 310 2368; x_wconf 75' lang='lat' dir='ltr'>quam</span> <span class='ocrx_word' id='word_1_600' title='bbox 321 2323 387 2356; x_wconf 89' lang='lat' dir='ltr'>Dei</span> <span class='ocrx_word' id='word_1_601' title='bbox 397 2332 610 2368; x_wconf 87' lang='lat' dir='ltr'>contemptus</span> <span class='ocrx_word' id='word_1_602' title='bbox 619 2344 629 2359; x_wconf 86' lang='lat'><em>,</em></span> <span class='ocrx_word' id='word_1_603' title='bbox 650 2324 683 2355; x_wconf 63' lang='grc' dir='ltr'>ὃ(</span> <span class='ocrx_word' id='word_1_604' title='bbox 694 2320 844 2356; x_wconf 85' lang='lat' dir='ltr'>aduersus</span> <span class='ocrx_word' id='word_1_605' title='bbox 855 2325 924 2356; x_wconf 88' lang='lat' dir='ltr'>eius</span> <span class='ocrx_word' id='word_1_606' title='bbox 935 2324 1074 2369; x_wconf 80' lang='lat' dir='ltr'>gratiam</span> <span class='ocrx_word' id='word_1_607' title='bbox 1084 2323 1225 2360; x_wconf 86' lang='lat' dir='ltr'>ludibria</span> <span class='ocrx_word' id='word_1_608' title='bbox 1236 2339 1246 2356; x_wconf 87' lang='lat'>-·</span> <span class='ocrx_word' id='word_1_609' title='bbox 1265 2338 1326 2364; x_wconf 82' lang='lat' dir='ltr'>nec</span> <span class='ocrx_word' id='word_1_610' title='bbox 1338 2324 1445 2363; x_wconf 85' lang='lat' dir='ltr'>vllum</span> <span class='ocrx_word' id='word_1_611' title='bbox 1460 2340 1513 2361; x_wconf 87' lang='lat' dir='ltr'>ma</span> <span class='ocrx_word' id='word_1_612' title='bbox 1538 2330 1565 2362; x_wconf 90' lang='lat' dir='ltr'>is</span> <span class='ocrx_word' id='word_1_613' title='bbox 1576 2328 1706 2369; x_wconf 84' lang='lat' dir='ltr'>exitiale</span> <span class='ocrx_word' id='word_1_614' title='bbox 1715 2332 1759 2365; x_wconf 90' lang='lat' dir='ltr'>est</span> <span class='ocrx_word' id='word_1_615' title='bbox 1779 2330 1891 2380; x_wconf 87' lang='lat' dir='ltr'>perse-</span> 
     </span>
     <span class='ocr_line' id='line_1_48' title="bbox 57 2340 1887 2427; baseline 0.005 -22"><span class='ocrx_word' id='word_1_616' title='bbox 57 2373 234 2419; x_wconf 81' lang='lat' dir='ltr'>quutionis</span> <span class='ocrx_word' id='word_1_617' title='bbox 245 2382 361 2417; x_wconf 81' lang='lat' dir='ltr'>genus,</span> <span class='ocrx_word' id='word_1_618' title='bbox 372 2370 472 2416; x_wconf 75' lang='lat' dir='ltr'>quam</span> <span class='ocrx_word' id='word_1_619' title='bbox 482 2381 588 2415; x_wconf 87' lang='lat' dir='ltr'>quum</span> <span class='ocrx_word' id='word_1_620' title='bbox 598 2372 770 2418; x_wconf 84' lang='lat' dir='ltr'>impetitur</span> <span class='ocrx_word' id='word_1_621' title='bbox 779 2372 897 2404; x_wconf 61' lang='lat' dir='ltr'>animm</span> <span class='ocrx_word' id='word_1_622' title='bbox 908 2369 1001 2405; x_wconf 83' lang='lat' dir='ltr'>salus.</span> <span class='ocrx_word' id='word_1_623' title='bbox 1016 2371 1068 2407; x_wconf 83' lang='lat' dir='ltr'>Ad</span> <span class='ocrx_word' id='word_1_624' title='bbox 1077 2385 1140 2408; x_wconf 89' lang='lat' dir='ltr'>nos</span> <span class='ocrx_word' id='word_1_625' title='bbox 1149 2375 1257 2420; x_wconf 82' lang='lat' dir='ltr'>quiex</span> <span class='ocrx_word' id='word_1_626' title='bbox 1268 2375 1361 2427; x_wconf 76' lang='lat' dir='ltr'>Papa:</span> <span class='ocrx_word' id='word_1_627' title='bbox 1373 2340 1543 2420; x_wconf 57' lang='lat' dir='ltr'>tyrannise</span> <span class='ocrx_word' id='word_1_628' title='bbox 1557 2379 1659 2424; x_wconf 83' lang='lat' dir='ltr'>erepti</span> <span class='ocrx_word' id='word_1_629' title='bbox 1669 2376 1778 2413; x_wconf 89' lang='lat' dir='ltr'>sumus</span> <span class='ocrx_word' id='word_1_630' title='bbox 1788 2404 1797 2417; x_wconf 91' lang='lat'><em>,</em></span> <span class='ocrx_word' id='word_1_631' title='bbox 1813 2393 1887 2416; x_wconf 89' lang='lat' dir='ltr'>non</span> 
     </span>
     <span class='ocr_line' id='line_1_49' title="bbox 58 2416 1889 2475; baseline 0.005 -22"><span class='ocrx_word' id='word_1_632' title='bbox 58 2421 259 2468; x_wconf 82' lang='lat' dir='ltr'>perueniunt</span> <span class='ocrx_word' id='word_1_633' title='bbox 268 2418 367 2452; x_wconf 88' lang='lat' dir='ltr'>hodie</span> <span class='ocrx_word' id='word_1_634' title='bbox 379 2419 560 2465; x_wconf 84' lang='lat' dir='ltr'>impiorum</span> <span class='ocrx_word' id='word_1_635' title='bbox 572 2417 672 2465; x_wconf 83' lang='lat' dir='ltr'>gladii</span> <span class='ocrx_word' id='word_1_636' title='bbox 686 2416 756 2452; x_wconf 87' lang='lat' dir='ltr'>:sed</span> <span class='ocrx_word' id='word_1_637' title='bbox 766 2419 866 2465; x_wconf 73' lang='lat' dir='ltr'>quarn</span> <span class='ocrx_word' id='word_1_638' title='bbox 877 2420 998 2468; x_wconf 86' lang='lat' dir='ltr'>stupidi</span> <span class='ocrx_word' id='word_1_639' title='bbox 1008 2417 1119 2455; x_wconf 86' lang='lat' dir='ltr'>sumus</span> <span class='ocrx_word' id='word_1_640' title='bbox 1128 2447 1140 2462; x_wconf 87' lang='lat'>,</span> <span class='ocrx_word' id='word_1_641' title='bbox 1157 2420 1181 2455; x_wconf 80' lang='lat' dir='ltr'>si</span> <span class='ocrx_word' id='word_1_642' title='bbox 1191 2435 1262 2461; x_wconf 81' lang='lat' dir='ltr'>non</span> <span class='ocrx_word' id='word_1_643' title='bbox 1273 2423 1438 2462; x_wconf 82' lang='lat' dir='ltr'>afficimur</span> <span class='ocrx_word' id='word_1_644' title='bbox 1449 2423 1506 2458; x_wconf 86' lang='lat' dir='ltr'>illa</span> <span class='ocrx_word' id='word_1_645' title='bbox 1526 2422 1686 2471; x_wconf 83' lang='lat' dir='ltr'>spirituali</span> <span class='ocrx_word' id='word_1_646' title='bbox 1706 2426 1889 2475; x_wconf 84' lang='lat' dir='ltr'>persequu-</span> 
     </span>
     <span class='ocr_line' id='line_1_50' title="bbox 55 2464 1890 2520; baseline 0.005 -20"><span class='ocrx_word' id='word_1_647' title='bbox 55 2470 151 2502; x_wconf 84' lang='lat' dir='ltr'>tione</span> <span class='ocrx_word' id='word_1_648' title='bbox 161 2489 171 2505; x_wconf 92' lang='lat'><strong>,</strong></span> <span class='ocrx_word' id='word_1_649' title='bbox 186 2479 292 2515; x_wconf 85' lang='lat' dir='ltr'>quum</span> <span class='ocrx_word' id='word_1_650' title='bbox 303 2467 490 2502; x_wconf 62' lang='lat' dir='ltr'>doctrinam</span> <span class='ocrx_word' id='word_1_651' title='bbox 501 2464 592 2500; x_wconf 85' lang='lat' dir='ltr'>illam</span> <span class='ocrx_word' id='word_1_652' title='bbox 603 2478 640 2502; x_wconf 89' lang='lat' dir='ltr'>ex</span> <span class='ocrx_word' id='word_1_653' title='bbox 652 2479 717 2513; x_wconf 86' lang='lat' dir='ltr'>qua</span> <span class='ocrx_word' id='word_1_654' title='bbox 727 2469 830 2503; x_wconf 75' lang='lat' dir='ltr'>vitam</span> <span class='ocrx_word' id='word_1_655' title='bbox 841 2469 1004 2502; x_wconf 87' lang='lat' dir='ltr'>trahimus</span> <span class='ocrx_word' id='word_1_656' title='bbox 1012 2491 1023 2506; x_wconf 86' lang='lat'>,</span> <span class='ocrx_word' id='word_1_657' title='bbox 1036 2470 1227 2517; x_wconf 74' lang='lat' dir='ltr'>extinguere</span> <span class='ocrx_word' id='word_1_658' title='bbox 1237 2472 1346 2505; x_wconf 87' lang='lat' dir='ltr'>modis</span> <span class='ocrx_word' id='word_1_659' title='bbox 1363 2472 1522 2511; x_wconf 76' lang='lat' dir='ltr'>omnibus</span> <span class='ocrx_word' id='word_1_660' title='bbox 1533 2483 1682 2507; x_wconf 83' lang='lat' dir='ltr'>tentant:</span> <span class='ocrx_word' id='word_1_661' title='bbox 1707 2488 1813 2520; x_wconf 82' lang='lat' dir='ltr'>quum</span> <span class='ocrx_word' id='word_1_662' title='bbox 1825 2475 1890 2511; x_wconf 83' lang='lat' dir='ltr'>suis</span> 
     </span>
     <span class='ocr_line' id='line_1_51' title="bbox 55 2514 1889 2574; baseline 0.005 -24"><span class='ocrx_word' id='word_1_663' title='bbox 55 2514 270 2563; x_wconf 86' lang='lat' dir='ltr'>blasphemiis</span> <span class='ocrx_word' id='word_1_664' title='bbox 295 2514 392 2551; x_wconf 84' lang='lat' dir='ltr'>fidem</span> <span class='ocrx_word' id='word_1_665' title='bbox 405 2515 549 2549; x_wconf 87' lang='lat' dir='ltr'>nostram</span> <span class='ocrx_word' id='word_1_666' title='bbox 571 2517 773 2562; x_wconf 82' lang='lat' dir='ltr'>impugnant</span> <span class='ocrx_word' id='word_1_667' title='bbox 786 2541 796 2555; x_wconf 89' lang='lat'>‚</span> <span class='ocrx_word' id='word_1_668' title='bbox 811 2515 996 2551; x_wconf 73' lang='lat' dir='ltr'>multotum</span> <span class='ocrx_word' id='word_1_669' title='bbox 1006 2518 1106 2553; x_wconf 78' lang='lat' dir='ltr'>etiam</span> <span class='ocrx_word' id='word_1_670' title='bbox 1115 2518 1248 2555; x_wconf 80' lang='lat' dir='ltr'>rudium</span> <span class='ocrx_word' id='word_1_671' title='bbox 1257 2523 1457 2558; x_wconf 80' lang='lat' dir='ltr'>concutiunt</span> <span class='ocrx_word' id='word_1_672' title='bbox 1467 2525 1483 2554; x_wconf 87' lang='lat'><em>?</em></span> <span class='ocrx_word' id='word_1_673' title='bbox 1509 2520 1598 2555; x_wconf 85' lang='lat' dir='ltr'>Mihi</span> <span class='ocrx_word' id='word_1_674' title='bbox 1609 2521 1693 2557; x_wconf 71' lang='lat' dir='ltr'>certe</span> <span class='ocrx_word' id='word_1_675' title='bbox 1706 2524 1781 2574; x_wconf 87' lang='lat' dir='ltr'>plus</span> <span class='ocrx_word' id='word_1_676' title='bbox 1803 2538 1889 2559; x_wconf 87' lang='lat' dir='ltr'>moe-</span> 
     </span>
     <span class='ocr_line' id='line_1_52' title="bbox 54 2561 1890 2620; baseline 0.005 -22"><span class='ocrx_word' id='word_1_677' title='bbox 54 2566 138 2599; x_wconf 82' lang='lat' dir='ltr'>roris</span> <span class='ocrx_word' id='word_1_678' title='bbox 163 2563 262 2598; x_wconf 90' lang='lat' dir='ltr'>hodie</span> <span class='ocrx_word' id='word_1_679' title='bbox 271 2561 361 2598; x_wconf 79' lang='lat' dir='ltr'>affert</span> <span class='ocrx_word' id='word_1_680' title='bbox 381 2563 623 2610; x_wconf 83' lang='lat' dir='ltr'>Epicureorum</span> <span class='ocrx_word' id='word_1_681' title='bbox 633 2562 724 2597; x_wconf 86' lang='lat' dir='ltr'>furor</span> <span class='ocrx_word' id='word_1_682' title='bbox 734 2587 744 2601; x_wconf 92' lang='lat'>,</span> <span class='ocrx_word' id='word_1_683' title='bbox 766 2564 867 2613; x_wconf 76' lang='lat' dir='ltr'>quam</span> <span class='ocrx_word' id='word_1_684' title='bbox 878 2565 1079 2612; x_wconf 86' lang='lat' dir='ltr'>Papistarum</span> <span class='ocrx_word' id='word_1_685' title='bbox 1090 2579 1098 2599; x_wconf 76' lang='grc' dir='ltr'><strong>ι</strong></span> <span class='ocrx_word' id='word_1_686' title='bbox 1109 2579 1181 2601; x_wconf 88' lang='lat' dir='ltr'>non</span> <span class='ocrx_word' id='word_1_687' title='bbox 1192 2565 1371 2614; x_wconf 70' lang='lat' dir='ltr'>grassantur</span> <span class='ocrx_word' id='word_1_688' title='bbox 1382 2571 1413 2604; x_wconf 87' lang='lat' dir='ltr'>vi</span> <span class='ocrx_word' id='word_1_689' title='bbox 1426 2571 1460 2603; x_wconf 85' lang='lat'>&amp;</span> <span class='ocrx_word' id='word_1_690' title='bbox 1479 2572 1581 2603; x_wconf 80' lang='lat' dir='ltr'>manu</span> <span class='ocrx_word' id='word_1_691' title='bbox 1596 2583 1602 2602; x_wconf 93' lang='lat'>:</span> <span class='ocrx_word' id='word_1_692' title='bbox 1615 2568 1666 2603; x_wconf 89' lang='lat' dir='ltr'>sed</span> <span class='ocrx_word' id='word_1_693' title='bbox 1684 2583 1753 2617; x_wconf 91' lang='lat' dir='ltr'>quo</span> <span class='ocrx_word' id='word_1_694' title='bbox 1765 2575 1890 2620; x_wconf 82' lang='lat' dir='ltr'>pretio—</span> 
     </span>
     <span class='ocr_line' id='line_1_53' title="bbox 55 2610 1885 2664; baseline 0.005 -17"><span class='ocrx_word' id='word_1_695' title='bbox 55 2611 119 2647; x_wconf 84' lang='lat' dir='ltr'>fius</span> <span class='ocrx_word' id='word_1_696' title='bbox 141 2611 224 2646; x_wconf 85' lang='lat' dir='ltr'>mihi</span> <span class='ocrx_word' id='word_1_697' title='bbox 242 2612 286 2646; x_wconf 86' lang='lat' dir='ltr'>est</span> <span class='ocrx_word' id='word_1_698' title='bbox 298 2624 424 2646; x_wconf 85' lang='lat' dir='ltr'>nomen</span> <span class='ocrx_word' id='word_1_699' title='bbox 436 2612 499 2645; x_wconf 88' lang='lat' dir='ltr'>Dei</span> <span class='ocrx_word' id='word_1_700' title='bbox 512 2614 644 2659; x_wconf 82' lang='lat' dir='ltr'>propria</span> <span class='ocrx_word' id='word_1_701' title='bbox 655 2614 722 2645; x_wconf 86' lang='lat' dir='ltr'>vita</span> <span class='ocrx_word' id='word_1_702' title='bbox 731 2634 741 2648; x_wconf 88' lang='lat'><em>‚</em></span> <span class='ocrx_word' id='word_1_703' title='bbox 761 2610 829 2645; x_wconf 81' lang='lat' dir='ltr'>fieri</span> <span class='ocrx_word' id='word_1_704' title='bbox 839 2615 956 2659; x_wconf 87' lang='lat' dir='ltr'>nequit</span> <span class='ocrx_word' id='word_1_705' title='bbox 968 2615 1051 2659; x_wconf 82' lang='lat' dir='ltr'>quin</span> <span class='ocrx_word' id='word_1_706' title='bbox 1061 2617 1166 2662; x_wconf 82' lang='lat' dir='ltr'>magis</span> <span class='ocrx_word' id='word_1_707' title='bbox 1177 2616 1272 2653; x_wconf 74' lang='lat' dir='ltr'>anxie</span> <span class='ocrx_word' id='word_1_708' title='bbox 1283 2627 1455 2663; x_wconf 84' lang='lat' dir='ltr'>torquear,</span> <span class='ocrx_word' id='word_1_709' title='bbox 1473 2629 1581 2664; x_wconf 87' lang='lat' dir='ltr'>quum</span> <span class='ocrx_word' id='word_1_710' title='bbox 1591 2617 1792 2657; x_wconf 71' lang='lat' dir='ltr'>diabolicam</span> <span class='ocrx_word' id='word_1_711' title='bbox 1804 2633 1885 2656; x_wconf 86' lang='lat' dir='ltr'>con-</span> 
     </span>
     <span class='ocr_line' id='line_1_54' title="bbox 54 2659 1891 2708; baseline 0.005 -14"><span class='ocrx_word' id='word_1_712' title='bbox 54 2661 268 2708; x_wconf 72' lang='lat' dir='ltr'>spirationem</span> <span class='ocrx_word' id='word_1_713' title='bbox 286 2659 355 2694; x_wconf 83' lang='lat' dir='ltr'>fieri</span> <span class='ocrx_word' id='word_1_714' title='bbox 367 2660 464 2694; x_wconf 90' lang='lat' dir='ltr'>video</span> <span class='ocrx_word' id='word_1_715' title='bbox 482 2661 521 2693; x_wconf 88' lang='lat' dir='ltr'>ad</span> <span class='ocrx_word' id='word_1_716' title='bbox 531 2660 793 2707; x_wconf 82' lang='lat' dir='ltr'>extinguendum</span> <span class='ocrx_word' id='word_1_717' title='bbox 805 2662 944 2694; x_wconf 84' lang='lat' dir='ltr'>omnem</span> <span class='ocrx_word' id='word_1_718' title='bbox 956 2660 1023 2695; x_wconf 79' lang='lat' dir='ltr'>Dei</span> <span class='ocrx_word' id='word_1_719' title='bbox 1034 2665 1194 2697; x_wconf 87' lang='lat' dir='ltr'>timorem</span> <span class='ocrx_word' id='word_1_720' title='bbox 1205 2668 1238 2698; x_wconf 68' lang='grc' dir='ltr'>ὅ(</span> <span class='ocrx_word' id='word_1_721' title='bbox 1254 2663 1384 2701; x_wconf 89' lang='lat' dir='ltr'>cultum</span> <span class='ocrx_word' id='word_1_722' title='bbox 1396 2689 1406 2703; x_wconf 85' lang='lat'>,</span> <span class='ocrx_word' id='word_1_723' title='bbox 1428 2665 1469 2700; x_wconf 88' lang='lat' dir='ltr'>ad</span> <span class='ocrx_word' id='word_1_724' title='bbox 1485 2668 1767 2703; x_wconf 82' lang='lat' dir='ltr'>exterminandam</span> <span class='ocrx_word' id='word_1_725' title='bbox 1787 2670 1891 2704; x_wconf 83' lang='lat' dir='ltr'>Chri-</span> 
     </span>
     <span class='ocr_line' id='line_1_55' title="bbox 55 2704 1888 2766; baseline 0.005 -24"><span class='ocrx_word' id='word_1_726' title='bbox 55 2709 95 2742; x_wconf 86' lang='lat' dir='ltr'>sti</span> <span class='ocrx_word' id='word_1_727' title='bbox 105 2711 303 2743; x_wconf 83' lang='lat' dir='ltr'>memoriam</span> <span class='ocrx_word' id='word_1_728' title='bbox 313 2732 323 2746; x_wconf 93' lang='lat'><em>‚</em></span> <span class='ocrx_word' id='word_1_729' title='bbox 344 2707 396 2741; x_wconf 86' lang='lat' dir='ltr'>vel</span> <span class='ocrx_word' id='word_1_730' title='bbox 407 2704 514 2742; x_wconf 75' lang='lat' dir='ltr'>fiinnis</span> <span class='ocrx_word' id='word_1_731' title='bbox 524 2711 682 2746; x_wconf 80' lang='lat' dir='ltr'>omnium</span> <span class='ocrx_word' id='word_1_732' title='bbox 691 2707 926 2755; x_wconf 85' lang='lat' dir='ltr'>improborum</span> <span class='ocrx_word' id='word_1_733' title='bbox 938 2710 1198 2758; x_wconf 74' lang='lat' dir='ltr'>prostituendam</span> <span class='ocrx_word' id='word_1_734' title='bbox 1210 2736 1221 2750; x_wconf 89' lang='lat'>,</span> <span class='ocrx_word' id='word_1_735' title='bbox 1239 2714 1340 2760; x_wconf 75' lang='lat' dir='ltr'>quam</span> <span class='ocrx_word' id='word_1_736' title='bbox 1352 2711 1375 2747; x_wconf 83' lang='lat' dir='ltr'>fi</span> <span class='ocrx_word' id='word_1_737' title='bbox 1385 2725 1454 2751; x_wconf 87' lang='lat' dir='ltr'>vno</span> <span class='ocrx_word' id='word_1_738' title='bbox 1465 2714 1623 2749; x_wconf 86' lang='lat' dir='ltr'>incendio</span> <span class='ocrx_word' id='word_1_739' title='bbox 1634 2726 1705 2749; x_wconf 87' lang='lat' dir='ltr'>tota</span> <span class='ocrx_word' id='word_1_740' title='bbox 1715 2729 1780 2756; x_wconf 82' lang='lat' dir='ltr'>vna</span> <span class='ocrx_word' id='word_1_741' title='bbox 1793 2720 1888 2766; x_wconf 86' lang='lat' dir='ltr'>regio</span> 
     </span>
     <span class='ocr_line' id='line_1_56' title="bbox 57 2755 215 2803; baseline 0.006 -14"><span class='ocrx_word' id='word_1_742' title='bbox 57 2755 215 2803; x_wconf 81' lang='lat' dir='ltr'>flagraret.</span> 
     </span>
    </p>

    <p class='ocr_par' dir='ltr' id='par_1_11' title="bbox 51 2802 1887 3388">
     <span class='ocr_line' id='line_1_57' title="bbox 102 2802 1885 2866; baseline 0.006 -28"><span class='ocrx_word' id='word_1_743' title='bbox 102 2815 141 2848; x_wconf 82' lang='lat'>30</span> <span class='ocrx_word' id='word_1_744' title='bbox 190 2804 254 2838; x_wconf 82' lang='lat' dir='ltr'>Sed</span> <span class='ocrx_word' id='word_1_745' title='bbox 261 2803 342 2851; x_wconf 78' lang='lat' dir='ltr'>qnid</span> <span class='ocrx_word' id='word_1_746' title='bbox 347 2803 420 2838; x_wconf 77' lang='lat' dir='ltr'>dicit</span> <span class='ocrx_word' id='word_1_747' title='bbox 428 2804 613 2852; x_wconf 73' lang='lat' dir='ltr'>Scriptura?)</span> <span class='ocrx_word' id='word_1_748' title='bbox 665 2805 734 2838; x_wconf 86' lang='lat' dir='ltr'>Iam</span> <span class='ocrx_word' id='word_1_749' title='bbox 746 2802 802 2839; x_wconf 84' lang='lat' dir='ltr'>illa</span> <span class='ocrx_word' id='word_1_750' title='bbox 811 2817 877 2840; x_wconf 85' lang='lat' dir='ltr'>erat</span> <span class='ocrx_word' id='word_1_751' title='bbox 885 2806 1051 2845; x_wconf 85' lang='lat' dir='ltr'>nonnulla</span> <span class='ocrx_word' id='word_1_752' title='bbox 1060 2807 1259 2849; x_wconf 83' lang='lat' dir='ltr'>consolati0‚</span> <span class='ocrx_word' id='word_1_753' title='bbox 1270 2808 1363 2856; x_wconf 75' lang='lat' dir='ltr'>quod</span> <span class='ocrx_word' id='word_1_754' title='bbox 1373 2810 1564 2866; x_wconf 84' lang='lat' dir='ltr'>exemplum</span> <span class='ocrx_word' id='word_1_755' title='bbox 1574 2815 1676 2859; x_wconf 85' lang='lat' dir='ltr'>patris</span> <span class='ocrx_word' id='word_1_756' title='bbox 1687 2815 1790 2852; x_wconf 80' lang='lat' dir='ltr'>nostri</span> <span class='ocrx_word' id='word_1_757' title='bbox 1801 2813 1885 2848; x_wconf 85' lang='lat' dir='ltr'>Isaac</span> 
     </span>
     <span class='ocr_line' id='line_1_58' title="bbox 53 2849 1884 2910; baseline 0.006 -24"><span class='ocrx_word' id='word_1_758' title='bbox 53 2852 275 2900; x_wconf 75' lang='lat' dir='ltr'>proposuerat:</span> <span class='ocrx_word' id='word_1_759' title='bbox 288 2852 340 2887; x_wconf 82' lang='lat' dir='ltr'>scd</span> <span class='ocrx_word' id='word_1_760' title='bbox 351 2854 418 2888; x_wconf 66' lang='lat' dir='ltr'>haec</span> <span class='ocrx_word' id='word_1_761' title='bbox 428 2852 601 2901; x_wconf 78' lang='lat' dir='ltr'>aliquanto</span> <span class='ocrx_word' id='word_1_762' title='bbox 613 2849 789 2890; x_wconf 75' lang='lat' dir='ltr'>efficacior,</span> <span class='ocrx_word' id='word_1_763' title='bbox 800 2854 881 2889; x_wconf 82' lang='lat' dir='ltr'>dum</span> <span class='ocrx_word' id='word_1_764' title='bbox 888 2855 1181 2903; x_wconf 84' lang='lat' dir='ltr'>addit,hypocritas</span> <span class='ocrx_word' id='word_1_765' title='bbox 1192 2869 1269 2892; x_wconf 87' lang='lat' dir='ltr'>cum</span> <span class='ocrx_word' id='word_1_766' title='bbox 1281 2855 1335 2892; x_wconf 84' lang='lat' dir='ltr'>sua</span> <span class='ocrx_word' id='word_1_767' title='bbox 1346 2860 1501 2894; x_wconf 67' lang='lat' dir='ltr'>iaCkantia</span> <span class='ocrx_word' id='word_1_768' title='bbox 1512 2860 1598 2899; x_wconf 81' lang='lat' dir='ltr'>nihil</span> <span class='ocrx_word' id='word_1_769' title='bbox 1612 2860 1702 2896; x_wconf 86' lang='lat' dir='ltr'>aliud</span> <span class='ocrx_word' id='word_1_770' title='bbox 1713 2861 1884 2910; x_wconf 64' lang='lat' dir='ltr'>profecstu-⁴</span> 
     </span>
     <span class='ocr_line' id='line_1_59' title="bbox 53 2898 1880 2947; baseline 0.005 -13"><span class='ocrx_word' id='word_1_771' title='bbox 53 2913 120 2936; x_wconf 83' lang='lat' dir='ltr'>ros,</span> <span class='ocrx_word' id='word_1_772' title='bbox 131 2902 230 2946; x_wconf 75' lang='lat' dir='ltr'>quam</span> <span class='ocrx_word' id='word_1_773' title='bbox 241 2913 273 2935; x_wconf 88' lang='lat' dir='ltr'>vt</span> <span class='ocrx_word' id='word_1_774' title='bbox 284 2904 457 2936; x_wconf 81' lang='lat' dir='ltr'>eiiciantur</span> <span class='ocrx_word' id='word_1_775' title='bbox 468 2912 505 2941; x_wconf 63' lang='lat' dir='ltr'>eit</span> <span class='ocrx_word' id='word_1_776' title='bbox 516 2898 679 2947; x_wconf 80' lang='lat' dir='ltr'>spirituali</span> <span class='ocrx_word' id='word_1_777' title='bbox 691 2899 827 2938; x_wconf 85' lang='lat' dir='ltr'>Abraha:</span> <span class='ocrx_word' id='word_1_778' title='bbox 837 2901 977 2937; x_wconf 85' lang='lat' dir='ltr'>familia:</span> <span class='ocrx_word' id='word_1_779' title='bbox 997 2904 1095 2943; x_wconf 82' lang='lat' dir='ltr'>nobis</span> <span class='ocrx_word' id='word_1_780' title='bbox 1104 2905 1184 2939; x_wconf 76' lang='lat' dir='ltr'>vero</span> <span class='ocrx_word' id='word_1_781' title='bbox 1196 2905 1422 2943; x_wconf 83' lang='lat' dir='ltr'>nihilominus</span> <span class='ocrx_word' id='word_1_782' title='bbox 1433 2906 1555 2943; x_wconf 76' lang='lat' dir='ltr'>saluam</span> <span class='ocrx_word' id='word_1_783' title='bbox 1567 2908 1636 2943; x_wconf 84' lang='lat' dir='ltr'>fore</span> <span class='ocrx_word' id='word_1_784' title='bbox 1646 2911 1880 2947; x_wconf 77' lang='lat' dir='ltr'>haereditatem,</span> 
     </span>
     <span class='ocr_line' id='line_1_60' title="bbox 54 2947 1880 3005; baseline 0.005 -23"><span class='ocrx_word' id='word_1_785' title='bbox 54 2960 223 2995; x_wconf 83' lang='lat' dir='ltr'>vtcunque</span> <span class='ocrx_word' id='word_1_786' title='bbox 235 2948 410 2984; x_wconf 76' lang='lat' dir='ltr'>insolenter</span> <span class='ocrx_word' id='word_1_787' title='bbox 420 2961 482 2987; x_wconf 81' lang='lat' dir='ltr'>nos</span> <span class='ocrx_word' id='word_1_788' title='bbox 491 2950 530 2982; x_wconf 86' lang='lat' dir='ltr'>ad</span> <span class='ocrx_word' id='word_1_789' title='bbox 539 2959 670 2996; x_wconf 82' lang='lat' dir='ltr'>tempus</span> <span class='ocrx_word' id='word_1_790' title='bbox 681 2947 842 2988; x_wconf 82' lang='lat' dir='ltr'>lacessant.</span> <span class='ocrx_word' id='word_1_791' title='bbox 851 2951 926 2989; x_wconf 85' lang='lat' dir='ltr'>Hac</span> <span class='ocrx_word' id='word_1_792' title='bbox 939 2949 1168 2988; x_wconf 83' lang='lat' dir='ltr'>consolatione</span> <span class='ocrx_word' id='word_1_793' title='bbox 1177 2952 1356 2994; x_wconf 86' lang='lat' dir='ltr'>sustentent</span> <span class='ocrx_word' id='word_1_794' title='bbox 1363 2952 1392 2988; x_wconf 90' lang='lat' dir='ltr'>se</span> <span class='ocrx_word' id='word_1_795' title='bbox 1403 2954 1525 2994; x_wconf 84' lang='lat' dir='ltr'>fideles,</span> <span class='ocrx_word' id='word_1_796' title='bbox 1536 2957 1629 3005; x_wconf 75' lang='lat' dir='ltr'>quod</span> <span class='ocrx_word' id='word_1_797' title='bbox 1639 2970 1710 2995; x_wconf 81' lang='lat' dir='ltr'>non</span> <span class='ocrx_word' id='word_1_798' title='bbox 1720 2958 1880 3004; x_wconf 74' lang='lat' dir='ltr'>perpetuo</span> 
     </span>
     <span class='ocr_line' id='line_1_61' title="bbox 55 2995 1884 3052; baseline 0.005 -22"><span class='ocrx_word' id='word_1_799' title='bbox 55 2995 188 3030; x_wconf 77' lang='lat' dir='ltr'>durabit</span> <span class='ocrx_word' id='word_1_800' title='bbox 196 2998 431 3033; x_wconf 70' lang='lat' dir='ltr'>ismaelitarum</span> <span class='ocrx_word' id='word_1_801' title='bbox 440 3000 599 3042; x_wconf 42' lang='lat' dir='ltr'>tyr-annisi</span> <span class='ocrx_word' id='word_1_802' title='bbox 609 2999 769 3036; x_wconf 77' lang='lat' dir='ltr'>Videntur</span> <span class='ocrx_word' id='word_1_803' title='bbox 781 2999 917 3047; x_wconf 87' lang='lat' dir='ltr'>quidem</span> <span class='ocrx_word' id='word_1_804' title='bbox 928 3002 1108 3052; x_wconf 86' lang='lat' dir='ltr'>primatum</span> <span class='ocrx_word' id='word_1_805' title='bbox 1118 2999 1288 3049; x_wconf 82' lang='lat' dir='ltr'>occupaffe</span> <span class='ocrx_word' id='word_1_806' title='bbox 1299 3002 1458 3050; x_wconf 73' lang='lat' dir='ltr'>:ideoque</span> <span class='ocrx_word' id='word_1_807' title='bbox 1466 3015 1625 3050; x_wconf 71' lang='lat' dir='ltr'>tanquam</span> <span class='ocrx_word' id='word_1_808' title='bbox 1637 3005 1808 3039; x_wconf 82' lang='lat' dir='ltr'>abortiuos</span> <span class='ocrx_word' id='word_1_809' title='bbox 1819 3018 1884 3040; x_wconf 73' lang='lat' dir='ltr'>nos</span> 
     </span>
     <span class='ocr_line' id='line_1_62' title="bbox 56 3043 1882 3101; baseline 0.005 -23"><span class='ocrx_word' id='word_1_810' title='bbox 56 3043 252 3092; x_wconf 84' lang='lat' dir='ltr'>despiciunt,</span> <span class='ocrx_word' id='word_1_811' title='bbox 264 3047 527 3093; x_wconf 76' lang='lat' dir='ltr'>primogenitura</span> <span class='ocrx_word' id='word_1_812' title='bbox 538 3043 592 3079; x_wconf 87' lang='lat' dir='ltr'>sua</span> <span class='ocrx_word' id='word_1_813' title='bbox 601 3043 708 3079; x_wconf 87' lang='lat' dir='ltr'>inflati</span> <span class='ocrx_word' id='word_1_814' title='bbox 719 3059 726 3079; x_wconf 91' lang='lat'>:</span> <span class='ocrx_word' id='word_1_815' title='bbox 737 3045 789 3079; x_wconf 91' lang='lat' dir='ltr'>sed</span> <span class='ocrx_word' id='word_1_816' title='bbox 798 3048 931 3082; x_wconf 86' lang='lat' dir='ltr'>tandem</span> <span class='ocrx_word' id='word_1_817' title='bbox 939 3048 1246 3095; x_wconf 86' lang='lat' dir='ltr'>pronuntiabuntur</span> <span class='ocrx_word' id='word_1_818' title='bbox 1256 3052 1419 3097; x_wconf 77' lang='lat' dir='ltr'>Agareni&#39;‚</span> <span class='ocrx_word' id='word_1_819' title='bbox 1432 3050 1519 3090; x_wconf 79' lang='lat' dir='ltr'>serua</span> <span class='ocrx_word' id='word_1_820' title='bbox 1529 3055 1610 3092; x_wconf 77' lang='lat' dir='ltr'>nati,</span> <span class='ocrx_word' id='word_1_821' title='bbox 1624 3057 1658 3087; x_wconf 71' lang='grc' dir='ltr'>δε</span> <span class='ocrx_word' id='word_1_822' title='bbox 1669 3054 1800 3101; x_wconf 83' lang='lat' dir='ltr'>indigni</span> <span class='ocrx_word' id='word_1_823' title='bbox 1815 3053 1882 3091; x_wconf 68' lang='lat' dir='ltr'>ha:-</span> 
     </span>
     <span class='ocr_line' id='line_1_63' title="bbox 55 3093 1885 3148; baseline 0.004 -21"><span class='ocrx_word' id='word_1_824' title='bbox 55 3094 202 3127; x_wconf 83' lang='lat' dir='ltr'>teditate.</span> <span class='ocrx_word' id='word_1_825' title='bbox 229 3095 337 3128; x_wconf 83' lang='lat' dir='ltr'>Locus</span> <span class='ocrx_word' id='word_1_826' title='bbox 347 3093 588 3141; x_wconf 83' lang='lat' dir='ltr'>pulcherrimus</span> <span class='ocrx_word' id='word_1_827' title='bbox 598 3119 607 3133; x_wconf 90' lang='lat'><em>,</em></span> <span class='ocrx_word' id='word_1_828' title='bbox 617 3106 657 3128; x_wconf 84' lang='lat' dir='ltr'>nc</span> <span class='ocrx_word' id='word_1_829' title='bbox 668 3093 839 3128; x_wconf 84' lang='lat' dir='ltr'>turbemur</span> <span class='ocrx_word' id='word_1_830' title='bbox 851 3095 1098 3143; x_wconf 82' lang='lat' dir='ltr'>hypocritarum</span> <span class='ocrx_word' id='word_1_831' title='bbox 1109 3096 1188 3133; x_wconf 80' lang='lat' dir='ltr'>fastu</span> <span class='ocrx_word' id='word_1_832' title='bbox 1201 3098 1425 3135; x_wconf 76' lang='lat' dir='ltr'>tantillorum</span> <span class='ocrx_word' id='word_1_833' title='bbox 1446 3098 1525 3138; x_wconf 76' lang='lat' dir='ltr'>sorti</span> <span class='ocrx_word' id='word_1_834' title='bbox 1538 3101 1745 3137; x_wconf 86' lang='lat' dir='ltr'>inuideamus</span> <span class='ocrx_word' id='word_1_835' title='bbox 1757 3123 1766 3137; x_wconf 92' lang='lat'>‚</span> <span class='ocrx_word' id='word_1_836' title='bbox 1778 3110 1885 3148; x_wconf 85' lang='lat' dir='ltr'>quum</span> 
     </span>
     <span class='ocr_line' id='line_1_64' title="bbox 55 3139 1887 3196; baseline 0.004 -21"><span class='ocrx_word' id='word_1_837' title='bbox 55 3143 290 3188; x_wconf 82' lang='lat' dir='ltr'>temporariam</span> <span class='ocrx_word' id='word_1_838' title='bbox 301 3153 377 3175; x_wconf 84' lang='lat' dir='ltr'>cum</span> <span class='ocrx_word' id='word_1_839' title='bbox 389 3142 549 3188; x_wconf 82' lang='lat' dir='ltr'>dignitate</span> <span class='ocrx_word' id='word_1_840' title='bbox 561 3139 766 3177; x_wconf 76' lang='lat' dir='ltr'>mansionem</span> <span class='ocrx_word' id='word_1_841' title='bbox 780 3142 904 3180; x_wconf 87' lang='lat' dir='ltr'>habent</span> <span class='ocrx_word' id='word_1_842' title='bbox 917 3146 952 3182; x_wconf 80' lang='lat' dir='ltr'>in</span> <span class='ocrx_word' id='word_1_843' title='bbox 963 3144 1119 3182; x_wconf 71' lang='lat' dir='ltr'>Ecclesiae</span> <span class='ocrx_word' id='word_1_844' title='bbox 1133 3145 1184 3185; x_wconf 87' lang='lat' dir='ltr'>sed</span> <span class='ocrx_word' id='word_1_845' title='bbox 1197 3151 1359 3194; x_wconf 85' lang='lat' dir='ltr'>patienter</span> <span class='ocrx_word' id='word_1_846' title='bbox 1368 3149 1504 3184; x_wconf 86' lang='lat' dir='ltr'>exitum,</span> <span class='ocrx_word' id='word_1_847' title='bbox 1519 3150 1577 3193; x_wconf 88' lang='lat' dir='ltr'>qui</span> <span class='ocrx_word' id='word_1_848' title='bbox 1587 3161 1643 3182; x_wconf 83' lang='lat' dir='ltr'>eos</span> <span class='ocrx_word' id='word_1_849' title='bbox 1655 3159 1777 3186; x_wconf 87' lang='lat' dir='ltr'>manet,</span> <span class='ocrx_word' id='word_1_850' title='bbox 1788 3159 1887 3196; x_wconf 60' lang='lat' dir='ltr'>expe-⁴</span> 
     </span>
     <span class='ocr_line' id='line_1_65' title="bbox 54 3188 1885 3243; baseline 0.003 -19"><span class='ocrx_word' id='word_1_851' title='bbox 54 3192 194 3226; x_wconf 51' lang='lat' dir='ltr'>eremus,</span> <span class='ocrx_word' id='word_1_852' title='bbox 228 3188 330 3223; x_wconf 87' lang='lat' dir='ltr'>Multi</span> <span class='ocrx_word' id='word_1_853' title='bbox 342 3192 430 3223; x_wconf 81' lang='lat' dir='ltr'>enim</span> <span class='ocrx_word' id='word_1_854' title='bbox 442 3189 494 3224; x_wconf 91' lang='lat' dir='ltr'>vel</span> <span class='ocrx_word' id='word_1_855' title='bbox 512 3189 633 3237; x_wconf 86' lang='lat' dir='ltr'>spurii,</span> <span class='ocrx_word' id='word_1_856' title='bbox 650 3189 704 3224; x_wconf 89' lang='lat' dir='ltr'>vel</span> <span class='ocrx_word' id='word_1_857' title='bbox 717 3189 817 3225; x_wconf 87' lang='lat' dir='ltr'>alieni</span> <span class='ocrx_word' id='word_1_858' title='bbox 830 3189 944 3231; x_wconf 83' lang='lat' dir='ltr'>locum</span> <span class='ocrx_word' id='word_1_859' title='bbox 967 3190 1121 3240; x_wconf 83' lang='lat' dir='ltr'>vsutpaut</span> <span class='ocrx_word' id='word_1_860' title='bbox 1130 3197 1165 3229; x_wconf 90' lang='lat' dir='ltr'>in</span> <span class='ocrx_word' id='word_1_861' title='bbox 1176 3194 1315 3235; x_wconf 72' lang='lat' dir='ltr'>Ecclesia</span> <span class='ocrx_word' id='word_1_862' title='bbox 1327 3209 1334 3235; x_wconf 61' lang='lat' dir='ltr'>g</span> <span class='ocrx_word' id='word_1_863' title='bbox 1358 3193 1408 3228; x_wconf 86' lang='lat' dir='ltr'>sed</span> <span class='ocrx_word' id='word_1_864' title='bbox 1418 3194 1513 3229; x_wconf 83' lang='lat' dir='ltr'>fidem</span> <span class='ocrx_word' id='word_1_865' title='bbox 1526 3196 1684 3243; x_wconf 68' lang='lat' dir='ltr'>perpetuo</span> <span class='ocrx_word' id='word_1_866' title='bbox 1698 3194 1795 3233; x_wconf 82' lang='lat' dir='ltr'>fixam</span> <span class='ocrx_word' id='word_1_867' title='bbox 1812 3208 1885 3233; x_wconf 83' lang='lat' dir='ltr'>non</span> 
     </span>
     <span class='ocr_line' id='line_1_66' title="bbox 54 3236 1885 3296; baseline 0.004 -23"><span class='ocrx_word' id='word_1_868' title='bbox 54 3237 138 3273; x_wconf 86' lang='lat' dir='ltr'>habe</span> <span class='ocrx_word' id='word_1_869' title='bbox 144 3249 189 3271; x_wconf 89' lang='lat' dir='ltr'>nt.</span> <span class='ocrx_word' id='word_1_870' title='bbox 200 3237 484 3284; x_wconf 83' lang='lat' dir='ltr'>quemadmodum</span> <span class='ocrx_word' id='word_1_871' title='bbox 495 3238 592 3277; x_wconf 83' lang='lat' dir='ltr'>instar</span> <span class='ocrx_word' id='word_1_872' title='bbox 600 3236 794 3285; x_wconf 66' lang='lat' dir='ltr'>alienigenae</span> <span class='ocrx_word' id='word_1_873' title='bbox 804 3241 926 3278; x_wconf 63' lang='lat' dir='ltr'>eiedtus</span> <span class='ocrx_word' id='word_1_874' title='bbox 939 3239 1002 3278; x_wconf 86' lang='lat' dir='ltr'>fuit</span> <span class='ocrx_word' id='word_1_875' title='bbox 1011 3252 1088 3276; x_wconf 82' lang='lat' dir='ltr'>curn</span> <span class='ocrx_word' id='word_1_876' title='bbox 1099 3243 1236 3296; x_wconf 77' lang='lat' dir='ltr'>posteris</span> <span class='ocrx_word' id='word_1_877' title='bbox 1245 3241 1308 3280; x_wconf 81' lang='lat' dir='ltr'>suis</span> <span class='ocrx_word' id='word_1_878' title='bbox 1317 3241 1505 3289; x_wconf 69' lang='lat' dir='ltr'>IsmaeLqui</span> <span class='ocrx_word' id='word_1_879' title='bbox 1515 3244 1626 3278; x_wconf 81' lang='lat' dir='ltr'>tamen</span> <span class='ocrx_word' id='word_1_880' title='bbox 1635 3246 1885 3290; x_wconf 74' lang='lat' dir='ltr'>primooenitu-</span> 
     </span>
     <span class='ocr_line' id='line_1_67' title="bbox 51 3272 1884 3338; baseline 0.003 -16"><span class='ocrx_word' id='word_1_881' title='bbox 51 3298 88 3322; x_wconf 76' lang='lat' dir='ltr'>ta</span> <span class='ocrx_word' id='word_1_882' title='bbox 99 3285 233 3320; x_wconf 79' lang='lat' dir='ltr'>inflatus</span> <span class='ocrx_word' id='word_1_883' title='bbox 246 3287 345 3321; x_wconf 85' lang='lat' dir='ltr'>initio</span> <span class='ocrx_word' id='word_1_884' title='bbox 357 3284 520 3331; x_wconf 71' lang='lat' dir='ltr'>regnabat,</span> <span class='ocrx_word' id='word_1_885' title='bbox 536 3286 661 3323; x_wconf 79' lang='lat' dir='ltr'>Rident</span> <span class='ocrx_word' id='word_1_886' title='bbox 671 3286 726 3320; x_wconf 73' lang='lat' dir='ltr'>hie</span> <span class='ocrx_word' id='word_1_887' title='bbox 737 3287 842 3324; x_wconf 85' lang='lat' dir='ltr'>nasuti</span> <span class='ocrx_word' id='word_1_888' title='bbox 853 3289 990 3338; x_wconf 84' lang='lat' dir='ltr'>quidam</span> <span class='ocrx_word' id='word_1_889' title='bbox 1000 3289 1156 3325; x_wconf 87' lang='lat' dir='ltr'>homines</span> <span class='ocrx_word' id='word_1_890' title='bbox 1166 3290 1260 3326; x_wconf 81' lang='lat' dir='ltr'>Pauli</span> <span class='ocrx_word' id='word_1_891' title='bbox 1270 3289 1621 3337; x_wconf 71' lang='lat' dir='ltr'>simplicitatem,qubd</span> <span class='ocrx_word' id='word_1_892' title='bbox 1632 3291 1733 3326; x_wconf 86' lang='lat' dir='ltr'>bilem</span> <span class='ocrx_word' id='word_1_893' title='bbox 1744 3272 1884 3337; x_wconf 47' lang='lat' dir='ltr'>spoeminq</span> 
     </span>
     <span class='ocr_line' id='line_1_68' title="bbox 51 3332 1882 3388; baseline 0.005 -20"><span class='ocrx_word' id='word_1_894' title='bbox 51 3347 91 3368; x_wconf 86' lang='lat' dir='ltr'>ex</span> <span class='ocrx_word' id='word_1_895' title='bbox 101 3333 187 3369; x_wconf 80' lang='lat' dir='ltr'>futili</span> <span class='ocrx_word' id='word_1_896' title='bbox 198 3336 265 3368; x_wconf 77' lang='lat' dir='ltr'>rixa</span> <span class='ocrx_word' id='word_1_897' title='bbox 273 3332 565 3385; x_wconf 67' lang='lat' dir='ltr'>natam‘comparct</span> <span class='ocrx_word' id='word_1_898' title='bbox 574 3335 639 3374; x_wconf 73' lang='lat' dir='ltr'>Dei</span> <span class='ocrx_word' id='word_1_899' title='bbox 648 3335 776 3372; x_wconf 84' lang='lat' dir='ltr'>iudicio</span> <span class='ocrx_word' id='word_1_900' title='bbox 787 3348 795 3371; x_wconf 79' lang='lat' dir='ltr'>x</span> <span class='ocrx_word' id='word_1_901' title='bbox 806 3333 857 3373; x_wconf 86' lang='lat' dir='ltr'>sed</span> <span class='ocrx_word' id='word_1_902' title='bbox 865 3349 938 3375; x_wconf 85' lang='lat' dir='ltr'>non</span> <span class='ocrx_word' id='word_1_903' title='bbox 945 3339 1216 3379; x_wconf 69' lang='lat' dir='ltr'>animaduertitur</span> <span class='ocrx_word' id='word_1_904' title='bbox 1224 3364 1236 3381; x_wconf 83' lang='lat'><em>,</em></span> <span class='ocrx_word' id='word_1_905' title='bbox 1245 3337 1477 3386; x_wconf 79' lang='lat' dir='ltr'>interpositum</span> <span class='ocrx_word' id='word_1_906' title='bbox 1486 3336 1578 3375; x_wconf 74' lang='lat' dir='ltr'>fuiffe</span> <span class='ocrx_word' id='word_1_907' title='bbox 1587 3341 1652 3375; x_wconf 86' lang='lat' dir='ltr'>Dei</span> <span class='ocrx_word' id='word_1_908' title='bbox 1661 3341 1802 3380; x_wconf 74' lang='lat' dir='ltr'>decreto,</span> <span class='ocrx_word' id='word_1_909' title='bbox 1813 3341 1882 3388; x_wconf 73' lang='lat' dir='ltr'>quo</span> 
     </span>
    </p>
   </div>
  </div>
 </body>
</html>
