2268 3705
301 55 365 101 580
909 41 1004 93 IN
1050 43 1541 93 EPISTOLAM

348 134 383 157 12
432 120 539 169 Qum
547 117 719 161 debeatis.)
746 116 950 167 Obiurgatio
961 119 1030 154 haec
1041 132 1112 153 non
1123 129 1244 166 paruos
1258 115 1390 151 aculeos
1400 113 1693 162 continet,quibus
1703 114 1743 149 ab
1754 115 1890 164 ignauia
1898 115 1954 151 sua
1963 114 2148 155 excitentur

301 172 411 206 ludaei.
425 168 614 204 Absurdum
625 166 684 203 effe
699 168 781 202 dicit
795 171 829 202 δε
841 170 1049 216 pudendum,
1059 177 1094 201 vt
1105 167 1212 200 adhuc
1223 165 1430 200 elementarii
1441 164 1626 211 sint,quum
1639 164 1792 199 doetores
1803 162 1863 199 esse
1871 164 2038 201 deberent.
2065 170 2147 211 Vos,

304 221 429 265 inquit,
446 218 518 253 aliis
531 218 704 266 magistros
715 215 774 251 effe
783 217 955 251 decuerat:
972 217 1065 262 atqui
1076 227 1119 249 ne
1128 213 1282 262 discipuli
1300 214 1437 261 quidem
1449 213 1522 248 estis
1535 213 1711 247 mediocris
1722 213 1881 248 dostriiiae
1890 226 2026 262 capaces
2039 229 2148 252 :non-

299 269 385 302 dum
398 270 488 301 enim
499 269 603 315 probe
616 267 734 300 tenetis
747 268 854 313 prima
863 261 1111 299 Christianismi
1121 263 1320 297 rudimenta.
1357 264 1440 309 Qo
1451 274 1562 296 tamen
1572 260 1647 309 plus
1658 263 1800 296 incutiat
1812 260 1948 309 pudoris
1958 286 1968 301 ‚
1988 263 2069 299 dicit
2084 266 2146 299 ele-

305 327 407 349 menta
418 319 510 356 initii,
525 315 661 363 perinde
672 313 734 349 acfi
743 317 819 360 quis
828 312 1044 360 alphabetum
1056 312 1189 345 diceret.
1203 310 1407 346 Discendurn
1420 312 1557 356 quidem
1568 310 1612 344 est
1623 320 1692 344 tota
1703 312 1787 344 vita:
1800 311 1878 356 quia
1890 313 1916 344 is
1928 312 2001 346 vere
2010 312 2148 350 denium

305 365 399 412 sapit,
411 366 471 411 qui
482 362 630 411 agnoscit
646 374 810 410 quantum
821 362 840 395 a
848 359 993 408 perfeeta
1003 359 1228 407 intelligentia
1243 360 1347 393 distet.
1361 357 1414 393 sed
1422 361 1468 393 ita
1477 356 1725 406 proficiendum
1736 358 1779 392 est
1789 356 1957 396 discendo,
1969 373 2012 394 ne
2021 358 2149 410 semper

88 408 202 445 “sm-8·
212 421 277 442 ⁶10-
305 416 341 448 in
354 415 529 461 principiis
539 413 730 447 haereamus.
750 410 824 444 Nec
835 409 1119 443 committendum
1130 408 1174 442 est
1183 419 1219 443 vt
1232 410 1268 442 in
1278 407 1378 442 nobis
1389 406 1567 455 impleatur
1576 405 1658 441 illud
1670 406 1786 444 iesaiae,
1798 408 1866 441 Erit
1875 407 1971 442 vobis
1985 413 2150 458 praecepti‘i

305 462 346 496 ad
361 473 576 510 praeceptum,
587 470 788 508 praeceptiim
801 458 841 490 ad
851 468 1053 504 praeceptum
1063 480 1072 494 ‚
1095 461 1161 491 &a
1171 459 1254 503 quin
1265 458 1379 504 potius
1397 455 1509 489 dands
1516 467 1634 502 opera,
1646 466 1681 490 vt
1693 452 1877 503 progress'us
1887 457 1989 491 nostri
2001 461 2147 507 tempori

307 511 537 558 respondeant.
557 507 656 542 Certe
666 519 737 541 non
748 508 828 540 anni
841 504 1011 544 modo,sed
1022 507 1089 539 dies
1101 503 1222 551 singuli
1231 506 1270 538 ad
1279 503 1446 538 calculum
1457 504 1599 537 vocandi
1611 515 1702 538 erant
1711 527 1722 541 ,
1734 515 1768 538 vt
1779 502 1807 537 se
1829 500 1967 550 quisque
1984 507 2024 540 ad
2034 506 2149 553 profe-

309 562 404 594 stum
417 569 553 606 vrgeret:
567 555 619 590 sed
629 556 727 603 pauci
740 553 814 590 sunt
825 557 884 601 qui
896 556 1051 602 praeteriti
1062 555 1224 596 temporis
1236 556 1404 596 rationem
1415 553 1434 586 ὲ
1446 550 1476 586 se
1486 549 1659 599 reposcant
1670 577 1680 590 ,
1696 552 1748 586 vel
1758 550 1787 586 se
1798 553 1834 586 in
1846 553 2015 599 posterum
2035 554 2150 591 solici-

307 618 390 642 tcnt.
417 610 528 652 iraque
540 605 636 638 iustas
648 605 789 650 ignauiae
802 601 919 637 nostrae
929 615 1044 650 poenas
1054 603 1188 640 damus,
1203 601 1296 648 quod
1306 603 1449 635 maxima
1459 612 1532 648 pars
1542 602 1578 636 iii
1591 600 1776 648 puerilibus
1794 599 1970 635 elementis
1992 600 2142 640 subsistit.

309 657 544 691 Admonemur
555 663 718 699 praeterea,
732 649 988 697 vniuscuiusque
999 648 1151 685 officium
1164 648 1236 687 effe,
1247 662 1316 696 quo
1327 649 1401 698 plus
1412 648 1643 696 intelligentiae
1654 647 1879 695 consequutus
1890 649 2075 687 elbstudere
2084 651 2149 688 fta-

312 704 418 738 tribus
430 704 645 749 impartiri‚vt
656 713 757 735 nemo
770 699 826 734 sibi
836 702 996 748 priuatim
1009 697 1307 747 sapiat,seds1nguli
1319 701 1354 732 in
1367 709 1520 732 mutuam
1530 695 1799 732 aedificationem.

358 749 483 798 Qibns
492 751 569 784 lade
580 760 651 798 opus
656 749 715 797 fit.)
766 750 887 783 Eadem
901 749 1095 795 metaphora
1107 750 1208 781 vritur
1217 747 1337 782 Paulus
1346 749 1467 794 prioris
1477 746 1516 780 ad
1529 747 1731 780 Corinthios
1741 748 1848 793 capite
1859 758 1916 791 3.a.
1930 760 1955 790 1,
1965 761 2071 796 quum
2081 749 2150 787 illis

311 800 402 834 idem
414 812 551 846 quoque
565 801 687 833 vitium
699 796 941 844 exprobrat2vel
951 795 1064 830 saltem
1076 809 1147 830 non
1159 795 1305 830 multum
1316 794 1485 829 dissimile.
1498 796 1592 829 Dicit
1603 797 1694 829 enim
1707 797 1786 841 quia
1797 794 1945 830 carnales
1956 795 2089 835 fint‚e0s
2101 801 2147 835 n6

311 847 393 883 ferre
404 847 549 882 solidum
570 846 696 881 cibum.
718 846 783 880 Lac
793 858 872 892 ergo
882 845 926 879 est
937 844 1146 879 elementaris
1157 844 1310 879 doctrina
1320 844 1491 878 initiandis
1511 843 1658 878 rudibus.
1677 843 1757 878 Alio
1779 841 1870 878 sensu
1889 845 2002 880 Petrus
2013 850 2148 896 accipit,

310 909 418 943 quum
438 896 529 931 iubet
539 909 602 930 nos
623 893 856 942 concupiscere
875 893 925 928 lac
940 892 1061 940 absque
1081 892 1203 927 fraude.
1230 893 1519 939 quemadmodum
1532 894 1631 926 etiam
1649 891 1770 939 duplex
1781 892 1824 925 est
1843 895 1985 940 pueritia
1997 918 2007 932 ,
2026 909 2150 945 nempe

311 944 449 980 malitia:
461 949 495 980 ὃς
507 943 624 979 sensus.
639 940 692 977 Sic
705 946 795 977 enim
808 941 888 976 alibi
900 941 1032 982 Paulus,
1054 942 1108 977 Ne
1120 940 1185 976 fitis
1195 940 1338 976 sensibus
1349 943 1455 988 pueri,
1467 939 1519 975 sed
1531 940 1666 975 malitia.
1687 943 1774 987 Ergo
1785 943 1844 987 qui
1854 941 1935 975 adeo
1950 947 2054 978 teneri
2072 945 2149 981 sunt

310 1005 346 1029 vt
356 994 510 1028 altiorem
521 994 711 1027 doeh-inam
721 1003 791 1025 non
803 992 1142 1038 recipiaiit,vocantur
1150 1002 1208 1037 per
1219 991 1443 1037 ignominiam
1455 991 1559 1037 pueri.
1596 990 1662 1023 Hic
1672 991 1764 1023 enirn
1776 1001 1871 1023 verus
1883 990 1927 1024 est
1937 991 2097 1029 doetrinae
2107 1007 2148 1028 v-

310 1042 373 1081 sus‚
383 1056 445 1077 nos
455 1053 608 1089 coaptare
618 1051 651 1074 vt
661 1037 884 1073 adolescamus
894 1041 930 1073 in
940 1041 1050 1073 virum
1063 1036 1247 1085 perfeetum
1257 1065 1268 1079 ‚
1280 1040 1316 1072 in
1327 1035 1512 1072 mensuram
1524 1037 1629 1085 plenae
1640 1040 1759 1072 aetatis:
1782 1049 1842 1072 nec
1858 1036 1957 1073 sunus
1967 1044 2063 1088 pueri
2089 1045 2150 1090 qui

310 1091 512 1127 (intimemus
525 1095 557 1124 ὀί
569 1087 830 1123 circumferamur
841 1089 963 1134 quouis
973 1097 1074 1120 vento
1085 1087 1244 1121 doetrinae
1254 1110 1264 1124 ,
1274 1086 1312 1120 ad
1324 1084 1478 1133 Ephesios
1488 1099 1523 1131 4.
1541 1097 1613 1131 c.14
1623 1110 1633 1126 ‚
1645 1083 1892 1134 Ignoscendum
1904 1089 2041 1134 quidem
2051 1092 2150 1128 estiis

305 1142 369 1187 qui
387 1141 541 1174 nondum
562 1137 735 1172 Christum
747 1136 918 1182 gustarunt
937 1134 960 1170 fi
971 1133 1180 1178 adhucfialido
1191 1133 1256 1169 cibo
1265 1133 1341 1169 sunt
1352 1137 1504 1182 impares.
1524 1134 1638 1168 verum
1651 1137 1709 1181 qui
1721 1147 1777 1180 per
1786 1146 1919 1183 tempus
1929 1137 2068 1174 crescere
2089 1141 2152 1176 de-

308 1188 383 1223 buit
392 1213 402 1226 ,
414 1187 434 1222 si
445 1200 525 1236 puer
536 1186 661 1233 semper
673 1196 820 1222 maneat,
834 1186 931 1219 venia
942 1184 1101 1232 indignus
1111 1184 1165 1218 est.
1198 1184 1359 1219 Videmus
1370 1187 1461 1217 enim
1471 1181 1604 1217 {esaiam
1616 1183 1763 1231 reprobis
1774 1182 1860 1218 hanc
1871 1195 1988 1220 notam
1999 1189 2144 1230 inurere,

308 1238 402 1283 quod
414 1239 522 1284 puetis
534 1234 596 1270 sint
606 1232 727 1270 fimiles
741 1246 852 1268 recens
863 1234 881 1267 a
894 1245 1041 1268 mamma
1052 1231 1219 1267 abstractis
1228 1257 1238 1272 ,
1249 1245 1318 1280 cap.
1330 1233 1379 1266 28.
1390 1243 1418 1266 c.
1429 1242 1462 1274 9.
1483 1233 1653 1266 DoCisina
1662 1233 1795 1278 quidem
1812 1233 1936 1267 Christi
1947 1245 2016 1269 tam
2037 1239 2150 1283 pueris

308 1285 358 1319 lac
378 1284 601 1319 subministrat
615 1307 625 1321 ,
646 1283 747 1330 quam
768 1282 887 1316 adultis
901 1280 1036 1316 firmum
1048 1280 1174 1316 cibum.
1194 1281 1246 1315 sed
1255 1281 1542 1328 quemadmodum
1554 1279 1638 1314 laete
1657 1282 1797 1315 nutricis
1807 1279 1906 1316 alitur
1933 1282 2042 1319 infans
2053 1311 2062 1322 ‚
2076 1298 2152 1321 non

306 1346 342 1368 vt
353 1333 479 1380 semper
497 1334 515 1367 a
527 1344 675 1368 mamma
694 1331 853 1378 pendeat,
870 1331 922 1365 sed
935 1341 969 1364 vt
988 1329 1148 1377 paulatim
1158 1329 1320 1364 formetur
1345 1329 1385 1363 ad
1394 1327 1617 1364 robustiorem
1636 1328 1823 1364 vfflkumffic
1835 1332 1934 1372 etiarn
1946 1334 2048 1366 initio
2068 1332 2150 1369 lace

306 1384 474 1431 Scriptura
488 1382 671 1429 sugendum
684 1380 745 1416 est,
766 1390 801 1413 vt
812 1382 881 1414 eius
893 1392 977 1427 pane
986 1379 1105 1413 deinde
1118 1377 1297 1414 vescamur.
1316 1377 1482 1412 Caeterum
1495 1380 1539 1412 ita
1550 1379 1635 1412 inter
1651 1378 1700 1412 lac
1713 1381 1746 1412 ὅ(
1759 1375 1892 1412 firmum
1904 1378 2016 1414 cibum
2028 1380 2149 1418 discer-

306 1433 357 1465 nit
368 1456 377 1468 ‚
403 1443 438 1466 vt
450 1430 557 1465 ianam
570 1431 759 1464 dodi-inam
781 1431 921 1476 vt'roque
931 1430 1073 1464 nornine
1084 1427 1260 1476 intelligat.
1279 1424 1330 1461 sed
1343 1426 1436 1461 aliter
1456 1427 1660 1462 inchoantur
1669 1427 1764 1462 rudes
1774 1449 1784 1464 ‚
1801 1425 1897 1461 aliter
1905 1430 1964 1475 qui
1975 1431 2041 1464 iam
2055 1432 2151 1468 doen

303 1478 381 1514 sunt
391 1478 645 1514 confirmantur.

355 1540 384 1574 13
432 1529 500 1577 Q
511 1530 599 1562 lastis
611 1528 660 1560 eft'
664 1528 842 1575 particeps.)
861 1527 927 1559 Eos
936 1524 1096 1573 intelligit
1108 1528 1167 1573 qui
1179 1523 1223 1559 ob
1233 1521 1648 1561 teneritudinem,solidam
1660 1523 1766 1558 adhuc
1779 1524 1966 1560 doetrinam
1978 1526 2150 1575 respuunt:

305 1589 384 1612 nam
395 1575 525 1624 alioqui
535 1578 553 1610 ὲ
564 1575 647 1611 laete
658 1588 730 1610 non
742 1575 897 1610 abhorret
907 1576 965 1621 qui
973 1574 1105 1609 adultus
1116 1575 1172 1608 est.
1192 1574 1252 1608 Sed
1264 1576 1440 1621 pueritiam
1452 1571 1558 1607 sensus
1572 1571 1625 1606 hic
1636 1573 1849 1620 reprehendit
1858 1598 1868 1611 ,
1880 1586 1945 1620 qua
1956 1573 1992 1610 fit
2003 1588 2038 1610 vt
2048 1589 2152 1625 coga-

305 1637 359 1660 tur
366 1627 457 1660 Deus
476 1625 637 1672 perpetuo
649 1623 825 1659 nobiscum
836 1622 1011 1657 balbutire.
1033 1622 1135 1657 Tales
1146 1635 1226 1670 ergo
1238 1634 1359 1671 pueros
1371 1633 1469 1669 negat
1482 1619 1542 1655 else
1553 1621 1695 1656 idoneos
1718 1621 1757 1655 ad
1768 1624 2022 1670 percipiendum
2031 1625 2148 1668 iustum

297 1676 479 1719 sermonem:
494 1674 626 1708 Iustitiae
639 1676 780 1707 nomine
790 1671 1032 1721 perfetffionem
1043 1671 1247 1719 intelligens,
1258 1673 1297 1705 dc
1311 1683 1376 1717 qua
1386 1669 1488 1719 paulo
1499 1669 1748 1718 pbstloquetur.
1758 1670 1882 1717 Neque
1894 1675 1997 1710 enim,
2008 1687 2086 1709 meo
2098 1677 2152 1710 iu-

306 1723 409 1762 dicio,
421 1721 604 1770 Apostolus
616 1720 671 1756 hic
682 1718 942 1769 disputationem
953 1729 1049 1754 notat
1058 1721 1235 1767 quomodo
1246 1718 1462 1754 iustificemur
1472 1731 1584 1754 coram
1597 1719 1682 1752 Deo:
1695 1716 1748 1752 scd
1759 1717 1942 1766 fimplicius
1952 1725 2074 1771 accipit
2084 1724 2152 1759 hoc

307 1784 437 1806 nomen
450 1783 511 1819 pro
522 1773 710 1817 integritate
720 1770 1018 1818 cognitionis,quae
1033 1781 1095 1803 nos
1105 1770 1144 1803 ad
1153 1768 1393 1818 perfectionem
1404 1768 1506 1802 ducit.
1527 1768 1619 1814 quod
1630 1764 1781 1805 officium
1793 1767 1944 1803 attribuit
1964 1772 2150 1819 Euangelio

306 1820 440 1858 Paulus,
452 1821 491 1853 ad
502 1818 629 1853 Coloff.
640 1821 746 1866 capite
757 1819 865 1852 1.d.28.
875 1815 936 1852 acsi
946 1818 1078 1855 diceret,
1090 1831 1146 1852 eos
1156 1819 1216 1865 qui
1226 1818 1359 1851 ruditati
1371 1815 1434 1850 sua:
1445 1816 1632 1863 indulgent,
1651 1816 1669 1849 ὲ
1679 1814 1800 1850 sincera
1811 1816 1936 1853 Christi
1948 1822 2150 1867 cognitione

305 1868 448 1903 excludi.
466 1872 498 1902 &
511 1868 585 1902 ideo
598 1865 839 1903 infrticstuosam
850 1865 916 1901 illis
935 1865 994 1900 effe
1005 1866 1178 1915 Euangelii
1189 1867 1391 1905 doctrinam,
1401 1878 1441 1899 eo
1451 1864 1544 1912 quod
1553 1865 1592 1899 ad
1602 1875 1726 1899 metam
1735 1877 1912 1912 nunquam
1932 1870 2147 1916 pertingunt,

307 1929 344 1951 ac
356 1930 397 1951 ne
407 1919 546 1964 propius
561 1916 696 1962 quidem
709 1916 880 1950 accedunt.

355 1976 396 2010 14
438 1965 647 2016 ‘Persem-snm
658 1962 828 2004 verb,&c.)
879 1961 1045 1998 Persea-,os
1058 1971 1155 1996 vocat
1164 1960 1304 1996 adultos.
1313 1974 1391 1996 nam
1403 1960 1587 1996 infantibus
1598 1963 2045 2009 opponitzqucmadmodum
2056 1968 2151 2013 prio-

305 2014 350 2048 ris
362 2015 401 2047 ad
422 2013 623 2048 Corinthios
634 2014 741 2060 capite
751 2011 891 2052 2.b.6,&
904 2022 944 2057 14
955 2012 1040 2045 d.zo:
1053 2013 1134 2045 item
1145 2011 1185 2044 ad
1196 2009 1354 2058 Ephesios
1365 2021 1523 2057 ca.4.c.13.
1535 2009 1646 2044 Media
1658 2012 1748 2045 enim
1760 2023 1797 2045 ac
1808 2010 1914 2046 virilis
1924 2022 1998 2046 aetas
2008 2014 2150 2062 est‚qua-

306 2061 330 2096 fi
344 2062 497 2096 humatiae
507 2064 580 2096 vitat
592 2060 701 2095 status:
712 2061 763 2095 sed
776 2060 915 2108 figurate
928 2063 1015 2094 vitos
1027 2062 1062 2094 in
1073 2059 1223 2093 Christos
1234 2058 1379 2106 appellat
1392 2061 1451 2105 qui
1460 2057 1643 2106 spirituales
1652 2056 1738 2092 sunt.
1748 2059 1846 2093 Tales
1858 2061 1933 2094 aute
1945 2059 2017 2095 vult
2027 2075 2149 2099 ornnes

306 2110 516 2145 Christianos
526 2109 598 2150 esse,
608 2113 666 2156 qui
676 2109 830 2144 habitum
844 2109 1010 2156 quendam
1022 2121 1059 2143 ex
1069 2109 1236 2142 continuo
1246 2107 1301 2141 vsu
1314 2109 1539 2142 contraxerint
1548 2105 1593 2139 ad
1601 2105 1670 2140 boni
1679 2112 1717 2147 ὠ·
1727 2109 1803 2140 mali
1811 2107 2151 2161 distretionem.Neque

306 2162 399 2194 enim
414 2159 508 2193 aliter
521 2161 557 2193 in
570 2161 705 2193 veritate
716 2158 777 2192 tite
787 2157 898 2195 sumus
909 2158 1021 2193 edodh
1033 2183 1042 2197 ‚
1062 2157 1163 2203 quam
1174 2155 1198 2190 si
1216 2158 1285 2190 eius
1295 2155 1443 2203 praesidio
1455 2158 1648 2190 muniamur
1667 2154 1819 2190 aduersus
1831 2157 1954 2191 Satanae
1966 2158 2147 2197 mendacia.

305 2208 397 2242 Nam
411 2213 443 2243 &
457 2208 531 2242 ideo
543 2206 859 2255 gladius-spititualis
871 2208 1001 2241 dicitur.
1014 2210 1047 2240 &
1059 2204 1179 2239 Paulus
1191 2204 1282 2239 hunc
1292 2205 1372 2239 sana:
1382 2205 1542 2241 doetrinae
1551 2204 1644 2238 Vsum
1656 2216 1751 2239 notat
1761 2206 1896 2251 quumd
1935 2208 1940 2212 '
1958 2229 1968 2244 ,
1978 2208 2032 2242 Ne
2041 2211 2150 2245 circu-

86 2256 160 2296 Efbc.
176 2266 226 2293 4-c·
237 2267 280 2291 14-
306 2256 450 2291 feramur
461 2259 584 2303 quouis
596 2268 709 2290 vento:
725 2260 790 2290 &c.
803 2258 841 2290 Et·
851 2253 924 2290 sane
936 2254 1042 2302 qualis
1053 2257 1113 2288 erit
1133 2252 1213 2288 fides
1226 2252 1246 2287 si
1257 2255 1343 2287 inter
1354 2266 1468 2288 verum
1486 2257 1518 2288 &
1531 2251 1647 2287 falsum
1659 2251 1806 2300 suspensa
1816 2261 1931 2288 nutet?
1957 2268 1974 2289 a
2002 2270 2072 2292 non
2083 2257 2150 2293 fin-

305 2305 393 2352 gulis
404 2309 586 2340 momentis
597 2303 785 2350 labes-aerari
796 2306 919 2352 poterit
932 2312 940 2336 Ξ
954 2304 1028 2338 Nec
1039 2313 1218 2338 contentus
1228 2314 1377 2337 mentem
1387 2315 1455 2337 vno
1464 2301 1566 2336 verbo
1577 2299 1936 2495 dicere‚sensusg};;igs
1945 2308 2095 2351 ponitm
2108 2321 2149 2342 ο-

91 832 248 858 1.Pet.2.a.2.

92 868 284 907 3.Cor.14.d.20

305 2354 430 2388 stendat
440 2366 615 2400 nunquam
628 2351 815 2388 cessandum
826 2351 897 2390 esse,
908 2353 1015 2387 donec
1028 2352 1178 2398 vndique
1197 2352 1298 2386 verbo
1310 2353 1374 2386 Dei
1384 2351 1535 2385 insttusti
1546 2349 1730 2397 armatique
1743 2351 1782 2384 ad
1794 2363 1863 2398 pug
1911 2353 2014 2386 ndum
2033 2353 2147 2396 fimus,

305 2416 349 2437 ne
359 2402 424 2449 quii
434 2401 499 2437 suis
511 2402 648 2436 fallaciis
661 2403 758 2436 Satan
768 2401 916 2450 obrepat.
928 2405 1039 2448 Atque
1050 2401 1130 2435 hinc
1140 2411 1274 2448 apparet
1282 2399 1389 2447 qualis
1402 2398 1437 2434 fit
1451 2398 1722 2434 Christianismus
1732 2401 1765 2433 iri
1780 2401 1822 2433 Pa
1868 2399 1977 2437 tu‚vbi
1986 2415 2058 2437 non
2074 2414 2149 2439 tan-

306 2451 377 2485 tum
390 2451 609 2499 simplicit-:itis
621 2453 762 2484 nomine
772 2450 1029 2484 commendatur
1041 2446 1167 2483 craffissi
1174 2462 1226 2483 ma
1236 2451 1427 2496 ignorantia
1435 2462 1448 2482 ,ν
1458 2447 1523 2482 -sed
1533 2449 1551 2482 ὲ
1562 2446 1671 2482 solidae
1681 2447 1789 2482 intelli
1835 2450 1912 2483 ntiae
1922 2450 2028 2484 studio
2038 2464 2151 2499 popu·
2263 2477 2265 2482 .

306 2498 357 2534 lus
368 2498 562 2535 seuerissime
574 2511 710 2534 arcetur.
720 2500 868 2533 iudicare
882 2501 1020 2545 inquam
1031 2509 1229 2546 promptum
1242 2498 1286 2531 est
1296 2510 1365 2544 quo
1385 2495 1498 2545 spiritu
1511 2507 1649 2544 agantur
1659 2499 1718 2543 qui
1729 2500 1783 2530 vix
1792 2499 1953 2544 attingere
1974 2502 2148 2545 permirtiit
2261 2510 2268 2543 μ

306 2549 398 2594 quod
410 2547 528 2583 assidue
544 2551 674 2583 tractari
686 2550 833 2595 praecipit
845 2547 1036 2596 Apostolus:
1047 2549 1105 2593 qui
1116 2545 1315 2581 laudabilem
1327 2546 1456 2581 incuria
1466 2544 1525 2579 effe
1538 2544 1671 2593 fingunt
1682 2545 1783 2591 quam
1795 2544 1850 2579 hic
1859 2556 2031 2594 tantopere
2039 2560 2151 2596 repre·
2254 2544 2261 2557 ¹

304 2596 433 2630 hendit:
445 2600 503 2642 qui
515 2597 651 2631 verbum
663 2598 725 2630 Dei
738 2599 871 2631 viiicam
885 2598 971 2631 redte
981 2595 1184 2631 discernendi
1204 2594 1352 2642 regulam
1365 2593 1504 2634 tollunt,
1513 2607 1613 2641 quam
1625 2592 1680 2627 hic
1697 2592 1930 2628 discretionem
1948 2599 2149 2641 pronuntiet

305 2645 503 2679 Christianis
514 2645 674 2680 omnibus
687 2644 746 2679 effe
756 2645 975 2680 neceffiriam.
987 2645 1073 2691 apud
1084 2655 1169 2690 quos
1180 2645 1259 2678 vero
1270 2642 1435 2678 diabolica
1445 2642 1501 2676 illa
1511 2641 1742 2690 prohibitione
1752 2642 1909 2689 abrogata
1940 2641 2086 2679 discendi
2097 2647 2151 2680 vi-

304 2705 359 2741 get
370 2692 500 2742 libertas
509 2718 519 2732 ,
531 2705 598 2728 tam
611 2695 775 2728 audiendo
785 2695 886 2740 quam
900 2693 1043 2742 legendo
1053 2692 1280 2728 nihilominus
1303 2692 1347 2726 est
1361 2694 1517 2741 torporis.
1543 2693 1593 2728 Ita
1602 2693 1846 2726 exercitationis
1856 2702 2020 2743 expertes,
2044 2694 2150 2743 stupi-

303 2743 338 2776 di
349 2739 419 2776 sum
426 2755 473 2780 us,
484 2745 648 2789 omnique
658 2743 783 2777 iudicio
796 2744 901 2778 vacui.

1023 2832 1053 2866 C
1064 2832 1094 2866 A
1103 2832 1127 2865 P
1174 2831 1206 2863 V
1226 2831 1252 2864 Ι.

306 2898 504 3006 Qare
513 2896 625 2949 omisso
628 2892 786 2948 ftrmone
789 2895 949 2951 principii
961 2892 1095 2934 Chrifli
1104 2923 1114 2939 ‚
1129 2893 1176 2933 ad
1179 2893 1424 2949 peffee‘h'onem
1427 2892 1604 2945 feramur,
1621 2906 1692 2932 non
1700 2894 1862 2934 iacientes
1884 2893 2149 2950 rusfhmfunda·

415 2963 569 2991 mentum
573 2953 778 3005 poem'tentiae
790 2948 832 2988 ab
842 2951 993 3005 operibns
1004 2954 1147 2990 mortuis
1159 2953 1200 2998 (ῥ’
1205 2950 1298 3004 fidei
1304 2952 1343 2988 in
1355 2958 1480 2995 Deum,

489 3024 510 3046 2.
568 3004 832 3062 (Baptismatum
842 3009 1002 3047 daffrinae
1020 3036 1031 3054 ,
1044 3007 1086 3055 ὠ·
1095 3007 1317 3065 impofitionis
1325 3007 1517 3056 manuum)
1531 3005 1572 3054 ῤ’
1582 3001 1836 3060 νεβννεὶἶίοπίε
1856 3019 2065 3050 mortuorum
2075 3039 2086 3056 ‚
2107 3008 2150 3057 ἀ·

300 3066 423 3117 iudicii
430 3067 556 3105 aeterm'.

349 3149 362 3170 1
402 3139 509 3184 Qare
521 3135 626 3180 omisfh,
639 3138 716 3179 δατ.)
769 3134 1012 3181 Obiurgationi
1023 3133 1154 3168 subiicit
1165 3134 1405 3170 hortationem,
1418 3145 1453 3168 vt
1465 3137 1634 3180 praeteriti‘s
1647 3136 1753 3169 initiis
1763 3135 2068 3183 progrediantur-ad
2078 3148 2152 3170 me-

301 3197 382 3220 tam.
391 3185 481 3220 Nam
493 3187 808 3231 Sermonemprmcspzi
821 3210 831 3223 ‚
852 3187 959 3231 prima
969 3185 1133 3228 tyrocinia
1142 3194 1240 3217 vocat
1251 3207 1260 3220 ,
1282 3182 1404 3228 quibus
1417 3183 1591 3218 imbuendi
1604 3181 1678 3218 sunt
1688 3185 1782 3218 rudes
1794 3185 1873 3219 dum
1885 3186 2092 3232 recipiuntur
2111 3187 2148 3220 in

300 3233 488 3269 Ecclesiam.
500 3232 593 3267 lubet
604 3244 713 3266 :intem
725 3234 838 3266 omitti
850 3229 1012 3266 eiusmodi
1023 3231 1221 3265 rudimenta:
1233 3245 1303 3265 non
1316 3232 1408 3278 quod
1419 3243 1536 3266 eorum
1547 3229 1700 3266 obliuisci
1715 3245 1862 3279 vnquam
1875 3232 2013 3268 debeant
2024 3231 2147 3271 fideles,

300 3281 353 3315 sed
361 3284 440 3328 quia
462 3281 570 3315 inillis
581 3280 723 3315 minime
736 3282 779 3315 est
789 3280 980 3319 haereiidtim
990 3306 1000 3320 ‚
1024 3280 1116 3326 quod
1131 3278 1249 3314 melius
1258 3290 1348 3327 patet
1360 3292 1398 3314 ex
1409 3278 1611 3323 fundamenti
1620 3279 1837 3316 fimilitudine
1857 3294 1930 3328 quae
1947 3293 2027 3317 mox
2038 3279 2146 3328 scqui-

299 3341 364 3365 tur.
386 3330 475 3365 Nam
487 3332 521 3364 in
537 3331 713 3366 extruenda
722 3330 828 3365 domo
838 3340 1014 3376 nunquam
1025 3329 1045 3373 a
1053 3326 1272 3363 fundamento
1282 3326 1444 3364 discedere
1454 3340 1600 3378 oportet.
1617 3331 1654 3365 in
1666 3342 1705 3364 eo
1721 3341 1832 3368 tamen
1844 3330 1999 3413 iacienda>
2015 3327 2146 3414 ζεωρεε

1998 3390 2015 3413 a
2040 3389 2145 3419 orare,
