2268 3705
311 105 367 150 58²
834 93 921 143 IN
970 92 1570 144 EPIST-PAVLI

317 176 342 218 ᾗ
354 164 574 210 antummum.
600 165 714 203 Refert
725 169 816 202 enim
827 166 930 202 Mofis
939 165 1213 205 verba,Geneseos
1224 167 1331 212 eapite
1341 164 1461 207 2.d.24.
1470 165 1558 209 Qs
1570 174 1648 209 ergo
1663 164 1723 197 erit
1733 160 1857 206 sensus?
1868 167 2158 212 quemadmodum

321 207 415 256 iic'u'a
425 232 462 254 ex
478 221 554 253 Adae
566 220 672 252 mariti
683 215 731 252 sui
742 217 917 251 substantia
926 215 1069 249 formata
1079 215 1133 251 est,
1144 225 1177 247 vr
1193 212 1266 246 effer
1277 211 1366 259 quali
1378 224 1450 259 pars
1461 211 1561 245 illius:
1572 213 1617 244 ita
1628 224 1702 249 iios,
1717 223 1751 245 vt
1761 211 1860 247 simus
1871 227 1943 248 vera
1956 216 2079 251 Christi
2091 223 2162 253 me-

321 270 390 309 bra,
399 268 583 302 substantiae
594 269 663 300 eius
674 267 983 300 communicatione
992 276 1054 297 nos
1066 260 1244 296 coalescere
1255 262 1289 294 in
1301 273 1405 294 vnum
1422 270 1553 306 corpus.
1571 259 1729 309 Denique
1741 274 1812 294 eam
1822 263 1924 296 nostri
1937 275 2012 297 cum
2025 266 2161 301 Christo

322 320 485 352 vnionem
496 316 550 350 hic
561 314 678 349 Paulus
689 313 851 349 describit,
874 314 967 346 cuius
979 313 1013 345 i'n
1025 310 1108 344 {aena
1119 310 1227 343 Coena
1238 307 1427 353 symbolum
1442 314 1472 342 ἃ
1487 310 1611 358 pignus
1624 308 1722 342 nobis
1732 310 1835 343 datur.
1849 312 1941 345 Nam
1953 312 2043 357 quod
2059 317 2159 359 quida

324 377 494 414 perperam
506 364 598 398 hunc
613 362 723 397 locum
737 352 775 396 ad
784 362 919 395 Caenam
933 360 1078 404 torqueri
1091 356 1274 396 causantur,
1296 369 1403 402 quum
1419 357 1473 389 hic
1485 361 1576 389 nuiia
1589 358 1643 389 hat
1655 358 1770 390 Coenae
1781 359 1976 397 menti0‚sed
1991 365 2154 410 coniugii:

322 415 512 449 Vehemeter
522 423 638 446 errant.
670 412 759 444 Nam
772 421 875 455 quum
885 410 919 440 in
930 419 1025 440 coena
1035 406 1174 439 doceant
1184 407 1545 456 commemorationem
1558 402 1627 437 fieri
1641 408 1758 439 mortis
1770 406 1911 442 Christi:
1924 414 2161 446 communica-

322 465 453 497 tionem
468 475 537 495 nou
549 461 736 494 admittant,
749 455 880 502 qualem
891 468 953 488 nos
963 466 1000 487 ex
1011 454 1133 488 Christi
1143 453 1250 487 verbis
1263 453 1386 486 asserim
1393 466 1439 486 us:
1454 455 1576 485 vtiniut
1589 454 1652 486 hoc
1664 454 1858 489 testimonio
1867 455 2016 491 aduersus
2026 461 2163 496 eosJ'au

323 510 376 545 liis
399 524 460 544 nos
474 522 511 543 ex
526 507 681 541 membris
694 511 726 539 ὅς
746 502 868 537 ollibus
881 503 1004 536 Christi
1032 501 1091 536 eise
1103 502 1241 536 testatur.
1266 503 1429 535 Miramur
1441 512 1520 547 ergo
1533 499 1553 534 si
1568 513 1687 548 corpus
1700 501 1794 535 suum
1808 506 1842 537 in
1850 505 1960 550 Coena
1982 506 2172 543 fruendumv

324 560 424 594 nobis
436 557 576 592 exhibet,
591 566 622 587 vt
636 553 672 587 sir
682 551 778 586 nobis
790 554 861 585 vitae
872 562 998 585 aeternae
1008 550 1217 584 alimentum?
1230 552 1274 583 ita
1284 550 1487 583 ostendimus
1501 547 1628 582 nullam
1641 562 1703 583 nos
1713 553 1748 583 in
1760 551 1866 593 Coena
1880 552 2161 600 representatione

323 609 453 646 docete,
474 603 532 639 nisi
547 604 639 637 cuius
651 598 783 635 effetitus
798 604 830 635 Sc
844 602 959 633 veritas
970 598 1024 633 hic
1037 600 1055 633 a
1064 599 1168 633 Paulo
1180 599 1381 646 praedicatur.

373 666 402 699 31
455 655 557 686 Huius
571 651 684 694 causa.)
735 650 815 683 Duo
828 647 923 682 simul
938 650 1127 694 coniungit.
1139 659 1214 681 nam
1227 650 1272 680 ita
1281 648 1397 681 traciat
1406 646 1445 679 de
1457 642 1617 693 spirituali
1630 646 1753 681 Christi
1773 649 1899 683 v'nione
1909 662 1986 684 cum
2008 647 2160 695 Ecclefia,
2207 686 2209 688 .

327 714 362 736 vt
375 701 468 736 iimul
482 700 520 733 ad
532 710 606 733 com
613 710 749 731 munem
761 695 867 744 legem
881 698 1032 743 coniugii
1045 694 1186 743 idipsum
1197 695 1357 729 extendat.
1383 696 1487 739 Qd
1500 695 1554 728 hic
1568 697 1647 729 citat
1659 709 1696 729 cx
1706 695 1814 733 Mose,
1827 698 1867 732 ad
1877 700 2062 745 generalem
2075 713 2162 736 con..

327 753 411 785 iuuii
423 747 569 782 reculam
584 748 736 793 pertinet:
752 743 804 779 sed
814 745 978 779 continuo
989 745 1062 792 post
1072 743 1214 782 subiicit,
1226 745 1264 776 In
1276 742 1387 790 Christo
1399 746 1435 781 ὠ
1449 743 1580 788 Ecclefia
1593 743 1652 777 elle
1665 744 2045 794 completum.Libenter
2057 753 2162 792 enim,

327 778 561 844 qu⁶0ties⁵dacut
574 796 807 842 opportunitas
818 796 1015 827 immoratur
1025 794 1059 826 in
1071 793 1282 840 praedicandis
1293 792 1416 827 Christi
1426 790 1606 826 beneficiis.
1617 792 1702 827 hanc
1715 805 1826 828 tamen
1839 793 1940 844 ipsam
1953 798 2162 843 praedicatio-

327 859 404 880 nem
415 845 648 879 accommodat
661 841 807 890 praesenti
818 839 927 875 causae.
938 841 1040 874 Porro
1053 844 1215 875 incertum
1227 841 1280 877 est,
1298 838 1476 874 inducatne
1486 839 1594 875 Moses
1606 841 1712 875 Adam
1727 841 1924 888 loquentem
1937 868 1947 881 ‚
1960 857 2002 879 an
2012 846 2164 883 doctrina

328 898 363 929 iii
376 891 430 928 sua
443 889 580 940 persona
590 892 811 925 excreationis
827 889 961 922 historia
971 888 1117 936 colligat.
1132 890 1204 923 Nec
1220 888 1364 923 multum
1377 887 1451 922 sane
1464 888 1579 929 refert,
1595 892 1760 923 vtrumuis
1772 893 1925 938 accipias.
1947 905 2024 927 nam
2037 887 2177 944 semper*

324 944 385 976 crit
397 943 461 976 Dei
473 939 645 974 oraculum
658 939 748 984 quod
760 939 883 971 maritis
894 935 1076 983 ptaescribet
1084 938 1166 983 quid
1177 938 1334 972 vxoribus
1345 937 1494 971 debeant.
1505 938 1611 984 Qod
1620 938 1700 971 dicit
1724 961 1734 975 2
1747 940 2036 989 Relinquetpatrem
2053 947 2090 982 &-
2101 943 2163 978 ad-

324 988 447 1024 herebit
457 991 559 1028 vxori,
576 987 709 1034 perinde
721 984 805 1019 valet
816 983 875 1018 acsi
886 983 1023 1023 dixisset,
1034 987 1148 1019 Potius
1159 987 1323 1031 relinquat
1335 997 1460 1032 patrem
1473 1009 1483 1025 ,
1498 998 1599 1032 quani
1612 999 1682 1020 non
1692 987 1850 1021 adhaereat
1862 992 1966 1023 vxori.
1991 991 2113 1038 Neque
2127 1007 2162 1028 e-

327 1041 402 1074 nim
412 1036 502 1072 tollit
515 1035 687 1070 vinculum
699 1032 875 1080 coniugale
890 1032 1016 1079 reliqua
1026 1034 1242 1067 humanitatis
1252 1032 1364 1067 officia
1378 1045 1385 1064 ε
1403 1045 1462 1067 nec
1475 1036 1520 1071 ita
1530 1037 1615 1068 inter
1625 1033 1655 1067 se
1669 1035 1754 1069 mal&
1766 1039 1977 1073 COssuenl'tmI
1987 1040 2050 1074 Dei
2063 1042 2162 1076 insti-

324 1098 409 1127 tuta,
421 1097 455 1120 vt
468 1097 567 1119 nemo
578 1082 672 1129 fungi
685 1080 805 1116 officiis
816 1082 898 1115 boni
909 1084 941 1114 &
958 1079 1067 1115 fideles
1080 1084 1188 1114 mariti
1201 1093 1311 1127 queat,
1322 1080 1381 1115 nifi
1392 1078 1489 1127 quise
1500 1094 1536 1115 ac
1550 1081 1603 1116 sua
1613 1081 1723 1117 officia
1733 1087 1817 1131 patri
1828 1083 2031 1122 subtraxerit:
2043 1089 2160 1126 verum

327 1135 446 1183 gradus
457 1132 512 1167 hie
527 1142 693 1166 notantur.
716 1131 755 1163 Et
764 1131 1014 1176 comparatione
1025 1131 1125 1162 vtitur
1136 1131 1263 1167 Moles,
1282 1142 1391 1176 quo-tn
1398 1128 1479 1163 elisis
1490 1133 1650 1177 exprimat
1662 1133 1762 1178 quam
1773 1135 1860 1168 resta
1875 1133 1911 1169 lit
1924 1139 1956 1169 &
1972 1135 2082 1172 saneta
2100 1141 2175 1174 viri·
2257 1175 2261 1179 A

326 1194 405 1217 cum
417 1193 513 1215 vxore
524 1179 731 1214 coniunctio.
758 1176 935 1224 Obligatio
947 1179 1037 1211 enim
1049 1176 1110 1210 filii
1122 1190 1196 1226 erga
1207 1189 1330 1225 patrem
1343 1201 1353 1216 ,
1366 1178 1408 1212 est
1422 1177 1620 1213 inuiolabile
1637 1182 1832 1215 ius‘iiaturae.
1849 1182 1930 1217 huic
1941 1184 2020 1219 dum
2033 1186 2165 1233 praefer-
2198 1189 2218 1197 ²
2251 1185 2268 1227 j}

326 1242 381 1265 tur
393 1230 449 1264 illa
461 1241 524 1274 qua
536 1229 669 1260 maritus
679 1226 846 1260 adstrit‘tus
857 1226 900 1260 est
910 1228 1014 1263 vxori,
1024 1227 1071 1259 vis
1085 1227 1153 1260 eius
1166 1225 1284 1260 melius
1294 1225 1501 1274 intelligitur.
1515 1228 1598 1261 Non
1608 1240 1687 1275 ergo
1698 1227 1819 1263 desinet
1828 1232 1911 1277 patri
1922 1230 1951 1265 se
1963 1231 2070 1268 filium
2081 1248 2164 1289 prae-

327 1280 405 1313 state
416 1289 472 1323 qui
486 1276 594 1310 bonus
609 1277 743 1308 maritus
753 1271 812 1307 effe
823 1273 912 1307 volet
935 1273 1005 1308 :sed
1015 1276 1213 1321 coniugium
1225 1287 1384 1321 tanquam
1393 1273 1631 1310 sanctissimum
1653 1279 1912 1313 coniundtionis
1921 1291 2026 1327 genus
2036 1282 2108 1317 aliis
2119 1298 2162 1319 o..

329 1325 463 1361 mnibus
488 1322 642 1372 praeferet.
695 1325 737 1356 Et
746 1332 833 1356 crunt
842 1321 910 1355 duo.
961 1323 998 1357 ld
1007 1323 1050 1357 est
1063 1346 1073 1360 ,
1097 1335 1193 1357 erunt
1202 1324 1421 1358 vnushomo:
1436 1322 1487 1360 vel
1509 1329 1559 1365 (vt
1569 1323 1672 1371 vulgi)
1687 1324 1888 1372 loquuntur)
1908 1330 2112 1366 constituent
2125 1346 2163 1367 v-

322 1387 399 1410 nam
413 1371 594 1420 personam.
619 1371 710 1418 quod
723 1373 808 1405 certe
830 1370 921 1417 nulla
932 1370 995 1405 alia
1011 1369 1212 1406 necessitudo
1232 1369 1343 1406 efficit.
1363 1373 1494 1406 Totum
1510 1383 1625 1406 autem
1645 1386 1733 1407 exeo
1745 1376 1865 1421 pendet
1888 1402 1897 1416 ,
1918 1377 2010 1423 quod
2020 1391 2101 1414 vxor
2123 1395 2162 1418 ex

290 1436 298 1440 ¹>
322 1435 418 1457 carne
432 1425 465 1456 ’ὀί
479 1433 515 1454 ex
527 1418 648 1454 offibus
660 1421 720 1452 viri
737 1418 878 1453 formata
889 1420 932 1453 est
942 1433 949 1453 τ
961 1420 1074 1453 eadem
1086 1432 1164 1467 ergo
1175 1422 1312 1454 vnionis
1323 1423 1406 1454 tatio
1418 1423 1503 1455 inter
1520 1434 1582 1455 nos
1598 1425 1631 1456 &t
1644 1421 1814 1459 Christum
1825 1450 1838 1463 ,
1855 1424 1948 1470 quod
1959 1426 1989 1459 se
1997 1430 2164 1473 quodam-

322 1471 426 1505 modo
439 1473 472 1503 iii
491 1482 552 1503 nos
565 1467 774 1502 transfundit.
788 1467 907 1514 Neque
919 1470 1007 1502 enim
1020 1466 1085 1502 offa
1095 1465 1206 1504 sumus
1216 1481 1254 1502 ex
1265 1467 1386 1504 ossIbus
1398 1471 1479 1509 eius,
1492 1473 1524 1503 Sc
1538 1482 1612 1506 caro
1623 1464 1661 1503 ἔκ
1671 1482 1767 1505 carne
1797 1494 1806 1508 ,
1822 1475 1900 1517 quia
1910 1471 1975 1520 ipse
1986 1474 2163 1515 nobiscum

322 1520 365 1553 est
381 1519 497 1553 homo:
512 1516 562 1551 sed
575 1520 652 1563 quia
665 1517 803 1563 Spiritus
815 1514 861 1551 sui
876 1519 995 1551 virtute
1010 1530 1066 1550 eos
1078 1518 1113 1552 in
1125 1529 1247 1567 corpus
1257 1515 1352 1552 suum
1364 1516 1487 1554 inserit,
1499 1528 1532 1551 vt
1542 1520 1645 1553 vitam
1664 1531 1701 1551 ex
1711 1532 1751 1553 eo
1762 1518 1962 1555 hauriamus.
2069 1565 2071 1567 v

370 1578 403 1611 32
453 1567 636 1605 essitas-zum
647 1565 701 1598 hoc
711 1567 873 1612 magnum.)
912 1564 1097 1600 Concludit
1107 1566 1339 1604 admiratione,
1352 1567 1443 1613 quod
1454 1567 1492 1600 de
1505 1565 1665 1613 spirituali
1677 1567 1800 1601 Christi
1812 1571 1846 1603 &
1857 1568 2003 1606 Ecclefiae
2015 1568 2162 1609 coniun-

320 1617 434 1649 &ione
445 1616 575 1648 dixerat.
592 1613 758 1648 Exclamat
770 1616 859 1647 enim
872 1626 1032 1662 magnum
1047 1612 1106 1650 effe
1116 1627 1284 1650 arcanum.
1297 1628 1366 1662 quo
1379 1617 1504 1652 innuit,
1516 1628 1586 1648 non
1601 1614 1688 1662 poffe
1700 1615 1808 1650 verbis
1823 1618 1977 1665 explicari
1995 1633 2160 1666 quantum

320 1666 367 1697 rei
379 1664 520 1710 dignitas
543 1661 695 1710 postulat.
708 1664 746 1696 Et
755 1660 829 1696 sane
839 1661 952 1696 frustra
965 1661 993 1697 se
1005 1664 1161 1698 homines
1172 1663 1396 1701 macerabant,
1408 1662 1430 1697 si
1440 1665 1546 1697 carnis
1557 1661 1616 1697 suae
1628 1661 1717 1697 sensu
1728 1668 2008 1713 comprehendere
2019 1672 2160 1706 modurn

321 1715 357 1746 ὃς
371 1715 531 1744 tationem
545 1711 702 1744 studeant.
717 1710 774 1745 hic
785 1713 875 1744 enim
886 1713 978 1746 Deus
988 1711 1183 1747 immensam
1195 1714 1334 1761 Spiritus
1343 1710 1391 1746 sui
1402 1713 1563 1759 potetiam
1575 1713 1684 1745 exerit.
1697 1714 1810 1755 Qate
1819 1716 2005 1762 praeposteri
2015 1716 2089 1752 sunt
2100 1722 2161 1766 qui

320 1758 433 1794 nihilo
446 1758 517 1806 plus
529 1761 562 1792 in
579 1759 638 1793 hac
652 1771 683 1793 re
696 1759 898 1798 concedunt,
908 1761 1011 1807 quam
1021 1762 1149 1808 ingenii
1163 1760 1210 1795 sui
1223 1760 1361 1796 modulo
1371 1757 1568 1806 consequuti
1580 1759 1836 1807 fuerint.Qum
1847 1763 1945 1797 nobis
1954 1767 1989 1799 in
2001 1763 2084 1801 sacra
2095 1769 2160 1802 Coe

320 1821 363 1842 na
378 1820 508 1842 carnem
520 1811 554 1841 δέ
565 1805 759 1854 sanguinem
773 1808 897 1842 Christi
911 1808 1058 1843 exhiberi
1066 1821 1202 1857 negant,
1215 1810 1367 1846 modum,
1377 1811 1551 1855 inquiunt,
1561 1806 1708 1843 definias:
1720 1822 1776 1843 aut
1786 1823 1856 1845 non
1868 1811 2084 1858 persuadebis.
2098 1818 2160 1852 At-

321 1859 380 1903 qui
393 1869 454 1903 ego
468 1856 606 1901 mysterii
616 1856 792 1890 altitudine
807 1859 843 1891 in
855 1857 1023 1905 stuporem
1033 1856 1190 1906 abripior:
1202 1871 1311 1905 neque
1322 1857 1400 1892 vero
1413 1871 1466 1892 me
1476 1857 1589 1905 pudet,
1598 1857 1818 1893 admiratione
1837 1873 1943 1894 meam
1956 1864 2159 1910 ignotitiam

320 1916 398 1938 cum
412 1903 509 1939 Paulo
521 1903 622 1938 fateri.
639 1915 766 1951 quanto
777 1907 869 1939 enim
880 1907 911 1939 id
920 1903 1016 1940 satius
1026 1907 1127 1953 quam
1138 1918 1312 1941 extenuare
1319 1908 1428 1940 carnis
1466 1918 1545 1940 meae
1555 1904 1648 1940 sensu
1658 1907 1749 1951 quod
1758 1908 1876 1943 Paulus
1886 1908 1989 1944 altum
2005 1913 2158 1957 mysterii}

322 1950 381 1987 effe
394 1955 595 2000 pronuntiat?
612 1953 714 1999 quue
723 1953 821 1987 docet
830 1952 1001 2000 ipsaratio.
1016 1956 1179 2001 quicquid
1189 1957 1279 1989 enim
1290 1952 1532 2002 supernaturale
1543 1954 1634 1992 est,id
1645 1953 1797 2001 profecto
1809 1968 1943 2005 captum
1954 1961 2081 2006 ingenii
2091 1974 2158 1998 no:

321 2002 374 2036 stri
387 2000 521 2049 superat.
532 2001 674 2035 Proinde
685 2003 788 2048 magis
797 2001 1014 2036 laborandum
1024 2014 1058 2036 vt
1068 2003 1239 2038 Christum
1249 2001 1426 2037 sentiamus
1437 2001 1548 2050 potius
1559 2004 1594 2037 in
1606 2002 1703 2037 nobis
1714 2006 2003 2052 viuentem‚quam
2016 2019 2049 2042 vt
2059 2021 2157 2044 com-

320 2052 558 2083 municationis
568 2052 651 2084 ratio
663 2049 760 2083 nobis
770 2061 883 2097 pateat.
907 2051 1072 2085 Caeteriiin
1082 2051 1273 2086 admirabile
1283 2052 1484 2100 Papistarum
1496 2063 1649 2091 acumen,
1663 2054 1720 2098 qui
1729 2064 1767 2086 ex
1777 2052 1878 2087 verbo
1887 2056 2155 2100 Mysterii,vnum

322 2110 360 2130 ex
371 2096 493 2144 septem
503 2096 709 2132 sacramentis
723 2101 977 2133 matrimonium
990 2098 1049 2134 eise
1060 2100 1226 2147 colligunt
1246 2101 1399 2148 :perinde
1408 2098 1469 2134 acsi
1481 2112 1518 2133 ex
1529 2112 1613 2146 aqua
1624 2102 1740 2134 vinum
1753 2100 1920 2136 elicerent.
1943 2105 2076 2156 Septem
2087 2120 2157 2141 nu-

323 2157 450 2179 merant
463 2145 669 2183 sacramenta,
685 2159 789 2191 quum
803 2147 869 2181 duo
883 2147 1032 2182 Christus
1045 2151 1190 2183 omnino
1199 2150 1384 2183 instituerit:
1400 2159 1434 2183 vt
1445 2140 1699 2183 matrimbnium
1711 2161 1748 2182 ex
1759 2148 1826 2183 illis
1837 2162 1940 2185 vnum
1952 2153 2011 2186 esse
2020 2153 2153 2200 probet,

322 2194 489 2228 adducunt
499 2193 821 2240 ptaesentemlocum.
836 2198 918 2244 Qo
931 2204 1106 2245 praetextu}
1134 2199 1226 2244 Qia
1235 2199 1430 2234 Vetusiiiter
1456 2209 1504 2240 tes
1517 2196 1680 2233 transtulit
1695 2198 1962 2237 Sacramentum,
1991 2200 2048 2235 vbi
2059 2205 2156 2249 Apo-

323 2240 426 2276 stolus
438 2243 719 2286 nomen'Mysterii
732 2241 890 2290 posuerat.
903 2244 1005 2290 Quasi
1016 2246 1094 2280 verb
1105 2259 1174 2280 non
1187 2245 1259 2280 satis
1269 2245 1413 2294 vulgatis
1423 2209 1460 2280 [ξε
1470 2243 1543 2281 vsus
1557 2245 1655 2282 huius
1666 2245 1822 2283 vocabuli
1829 2247 1918 2293 apud
1927 2248 2064 2284 Latinos
2075 2249 2154 2285 scri-

322 2301 434 2337 ptores
450 2314 459 2326 ,
476 2303 579 2336 quum
591 2290 783 2336 Mysterium
795 2292 914 2327 volunt
924 2294 1039 2328 dicere.
1058 2293 1147 2341 quasi
1159 2298 1258 2329 etiam
1269 2308 1339 2330 non
1360 2292 1434 2331 vsu&
1445 2292 1544 2328 fuerit
1554 2293 1672 2331 Paulus
1681 2296 1716 2328 in
1732 2294 1792 2329 hac
1803 2296 1914 2329 eadem
1926 2297 1952 2332 E
1979 2296 2091 2339 istola,
2109 2300 2150 2333 de

323 2340 486 2372 Gentium
499 2337 674 2373 vocatione
685 2338 838 2386 loquens.
851 2342 911 2377 Sed
920 2354 1010 2376 nunc
1021 2345 1178 2389 quaeritur
1188 2356 1229 2377 an
1241 2345 1496 2379 matrimonium
1507 2340 1544 2378 fit
1555 2339 1688 2376 solenne
1699 2345 1808 2390 gratiae
1818 2344 1882 2379 Dei
1892 2342 1960 2390 sym
1987 2347 2150 2394 olfi,quod

323 2387 513 2421 institutum
538 2386 619 2421 sitin
633 2400 708 2421 eum
720 2387 818 2422 finem
833 2400 866 2423 vt
888 2388 1052 2437 spirituale
1061 2390 1186 2438 aliquid
1199 2391 1297 2426 nobis
1307 2392 1439 2425 testetur
1449 2402 1485 2425 ac
1495 2387 1716 2440 repraesentet:
1735 2402 1769 2423 vt
1778 2390 1961 2439 Baptismus
1973 2417 1982 2431 ,
1996 2405 2030 2429 vt
2039 2396 2149 2431 Coena

320 2436 477 2469 Domini.
487 2434 591 2469 Nulla
600 2435 643 2469 est
653 2439 736 2471 ratio
747 2449 804 2471 cui·
815 2438 848 2472 id
855 2437 1000 2476 afferant,
1009 2439 1071 2474 nifi
1079 2442 1156 2486 quia
1169 2441 1297 2488 decepti
1306 2437 1379 2474 sunt
1389 2438 1546 2485 ambigua
1555 2436 1795 2485 iignihcatione
1807 2441 2024 2482 nominis,vel
2033 2442 2148 2493 potius

323 2482 444 2529 linguae
456 2486 572 2518 Gtaecae
582 2486 779 2530 ignorantia.
789 2486 878 2521 Nam
891 2485 998 2533 siquis
1009 2486 1241 2528 admonuiffet,
1255 2500 1382 2522 nomen
1391 2486 1538 2532 Mysterii
1549 2485 1589 2520 ab
1599 2485 1765 2533 Apostolo
1774 2486 1865 2523 fuiffe
1873 2488 2147 2537 pofitumuiullus

322 2543 470 2577 vnquam
483 2544 570 2565 error
580 2531 739 2567 extitisset.
750 2536 908 2571 Videmus
918 2538 1029 2582 itaque
1039 2549 1108 2582 quo
1119 2535 1241 2574 malleo
1252 2540 1286 2571 ὅ(
1295 2534 1388 2583 super
1398 2547 1498 2582 quam
1511 2534 1665 2568 incudem
1675 2534 1739 2569 hoc
1750 2534 1990 2573 sacramentum
2007 2538 2147 2575 fabrica-

322 2591 439 2613 uetint.
459 2582 663 2626 anuam
677 2583 712 2615 in
723 2595 762 2616 eo
773 2595 908 2629 quoque
926 2582 1016 2618 suam
1027 2583 1209 2618 socordiam
1222 2584 1458 2632 prodiderunt,
1475 2582 1647 2630 qubdnon
1659 2585 1884 2631 expenderunt
1901 2590 2149 2624 correctionem.
2190 2584 2198 2587 ’

322 2640 402 2662 mox
413 2628 566 2665 additam,
580 2630 640 2676 Ego
649 2641 750 2663 autem
763 2629 832 2665 dico
850 2645 881 2664 m
891 2630 1005 2674 Chnsto
1016 2637 1054 2672 (ῤ’
1064 2634 1207 2678 εσεΙιβιι.
1261 2633 1478 2668 Nominatim
1488 2633 1578 2666 enim
1589 2642 1703 2665 cauete
1712 2632 1822 2666 voluit
1831 2655 1842 2670 ‚
1866 2646 1907 2667 ne
1919 2637 1994 2679 quis
2010 2637 2048 2670 de
2059 2649 2145 2673 con-

322 2677 415 2722 iugio
426 2675 785 2724 intelligeret.ade6que
794 2681 937 2726 apertius
948 2679 1108 2729 loquutus
1119 2681 1161 2714 est
1172 2682 1273 2727 quam
1281 2679 1304 2715 fi
1313 2678 1432 2726 absque
1444 2682 1637 2726 exceptione
1648 2677 1842 2721 sententiam
1853 2682 1939 2716 hanc
1948 2684 2145 2729 protulisset.

320 2726 486 2770 Magnum
497 2726 683 2769 mysterium
697 2752 707 2766 ,
730 2727 820 2772 qubd
830 2730 930 2761 vitam
943 2726 1032 2764 suam
1043 2729 1193 2763 Christus
1206 2727 1431 2774 virtute‘mque
1442 2726 1586 2762 Ecclesiae
1598 2727 1742 2774 inspirat.
1765 2722 1856 2774 Qis
1868 2741 1977 2766 autem
1989 2732 2067 2766 inde
2085 2734 2145 2768 Sa-

322 2783 527 2808 cramentum
541 2774 712 2808 excuderet
724 2781 733 2807 3
747 2775 903 2811 Videmus
914 2788 992 2823 ergo
1003 2778 1104 2823 quam
1116 2774 1219 2811 craffae
1229 2779 1425 2824 ignorantia:
1439 2774 1537 2810 fuerit
1548 2777 1604 2809 ista
1614 2775 1842 2813 hallucinatio.

367 2831 397 2863 33
450 2822 516 2853 Vos
529 2823 780 2869 quoquest-(guli.)
829 2825 920 2868 Qia
930 2824 1105 2872 paululum
1124 2823 1278 2872 digrcffus
1288 2823 1419 2860 fuerata
1438 2823 1629 2871 proposito,
1647 2823 1771 2858 tametsi
1790 2824 1855 2873 ipsa
1864 2838 2000 2872 quoque
2021 2827 2142 2874 digres-
2168 2829 2171 2832 ’

321 2866 367 2901 fio
389 2865 485 2901 causae
497 2866 670 2904 seruiebat:
690 2881 723 2903 vt
734 2882 845 2905 tamen
855 2871 924 2906 fieri
943 2872 1024 2908 solet
1037 2875 1072 2908 in
1081 2872 1239 2909 breurbus
1260 2876 1448 2920 praeceptis,
1463 2871 1593 2918 colligit
1604 2874 1638 2904 in
1660 2869 1822 2907 summam
1833 2875 1924 2919 quod
1935 2874 1973 2908 ab
1983 2874 2058 2922 ipris
2077 2876 2142 2912 ob-

321 2917 424 2949 tinere
435 2918 527 2962 cupit
539 2929 547 2949 ε
560 2928 594 2950 vt
604 2919 666 2952 viri
676 2917 815 2964 diligant
827 2932 941 2954 onres
952 2947 962 2960 ‚
985 2932 1020 2955 vt
1033 2921 1189 2956 mulieres
1199 2924 1337 2956 timeant
1346 2923 1499 2956 maritos:
1518 2923 1632 2952 timorts
1642 2922 1780 2954 nomine
1789 2924 2004 2957 reuerentiam
2017 2922 2144 2972 signifi„-

321 2972 409 3000 cans‚
419 2976 491 3009 qua·
503 2963 574 3001 illas
586 2964 800 3012 obsequentes
808 2968 926 3004 reddat.
937 2968 1111 3017 Nusquam
1121 2972 1212 3004 enim
1222 2973 1281 3005 erit
1292 2969 1480 3005 voluntaria
1491 2966 1662 3007 subiectio,
1675 2967 1733 3005 iiiii
1742 2970 1901 3016 praecedat
1910 2975 2104 3019 reuerentia.

1074 3042 1337 3077 CARVI.

397 3114 453 3154 Ilii
463 3112 591 3155 obedite
593 3116 790 3172 parentibus
799 3119 920 3170 vestris
927 3122 966 3159 in
979 3124 1136 3162 Domino.
1148 3122 1210 3162 hoc
1216 3127 1309 3163 em‘m
1320 3123 1365 3174 est
1372 3122 1494 3175 iustum
1504 3137 1512 3160 ε

327 3126 386 3214 F
446 3185 466 3207 a
525 3179 662 3212 Honora
667 3185 800 3227 patrem
811 3186 906 3214 tuum
919 3176 959 3222 (7
969 3187 1124 3217 matrem.
1136 3178 1228 3233 quod
1236 3180 1648 3235 estmandatumprimam
1657 3180 1963 3235 cumpromtsst'one:

383 3236 396 3271 3
453 3233 484 3264 V
485 3239 501 3262 t
507 3225 588 3266 bene
598 3227 658 3268 tibi
660 3230 761 3284 stin&
764 3230 812 3285 fis
821 3231 988 3285 longaeuus
988 3229 1091 3286 siaper
1098 3244 1236 3273 terram.

379 3292 403 3340 4ἶ
462 3287 492 3317 V
493 3297 529 3318 os
539 3287 640 3321 etiam
650 3296 775 3339 patres,
790 3300 833 3326 ne
842 3288 894 3327 ad
898 3289 986 3327 iram
989 3292 1176 3342 prouocetis
1177 3289 1277 3340 filios
1287 3290 1415 3345 veshor
1425 3306 1433 3331 ε
1446 3288 1694 3345 fideducated
1707 3306 1764 3333 eos
1772 3296 1811 3333 in
1826 3293 2000 3351 disciplina
2016 3296 2056 3344 ἀ-
2068 3310 2137 3335 cor·

317 3342 465 3387 reptwnc
474 3341 628 3378 Domini.
1500 3354 1504 3357 ⁴

2022 3417 2035 3447 1.
2071 3408 2151 3456 frag·
