2268 3705
550 89 663 140 AD
710 88 1388 141 Ronmanis-‘111-
1887 117 1920 157 55

130 166 152 202 6
195 162 341 216 Cogitatio
351 160 429 197 cert>
441 162 572 204 carnis.)
583 161 1017 200 Erasmus,affe&um:Vetus
1026 165 1411 211 interpres,prudentiam
1422 167 1541 213 posuit.
1551 171 1654 218 Atqui
1664 186 1768 220 quum
1781 188 1906 214 certum

82 217 119 252 fit
129 218 215 251 idem
227 214 285 250 esse
295 211 397 247 Paulo
407 210 440 244 τὲ
449 214 572 255 φρόνημα,
587 209 677 257 quod
687 209 796 245 Moses
807 222 903 245 vocat
911 209 1109 257 figmentum
1119 213 1238 252 cordis,
1250 216 1282 247 &
1293 213 1354 248 hac
1369 225 1451 248 voce
1461 219 1699 263 comprehendi
1709 237 1826 260 omnes
1835 230 1907 262 ani-
1923 221 2066 261 συνιείης

83 278 143 300 mae
155 262 290 301 sensus&
301 263 427 295 ratione
440 264 472 294 δε
485 258 705 306 intelligentia
717 257 816 305 vsqtie
828 259 866 292 ad
878 258 1024 293 affectus:
1035 260 1120 295 mihi
1131 273 1256 295 nomen
1269 261 1497 308 Cogitationis
1508 263 1626 299 melius
1636 272 1791 313 quadrare
1799 273 1904 312 visum

79 314 133 349 cst.
156 315 358 358 Qanquam
369 320 480 342 autem
491 307 610 342 Paulus
644 305 780 341 articula
790 309 894 341 ration
900 307 942 341 ali
950 306 1081 347 >dpvsus
1092 309 1221 349 est‚non
1231 319 1342 344 tamen
1352 309 1472 346 dubito
1484 315 1567 358 quin
1580 313 1638 348 sim
1641 315 1771 362 pliciter
1781 323 1903 358 confir-

81 371 239 397 met.nam
247 358 302 393 hic
312 358 356 392 est
366 355 484 404 species
495 367 598 390 conce
625 356 804 401 ioniszquia
812 356 986 402 postquam
997 355 1140 391 breuiter
1148 355 1301 392 definiuit
1311 359 1391 404 quid
1408 358 1446 393 fit
1455 362 1493 394 In
1503 372 1600 395 carne
1611 362 1682 401 ess'e,
1695 367 1759 400 iam
1770 364 1900 407 subjicit

78 412 153 457 quis
165 407 239 443 finis
249 414 365 441 omncs
377 406 467 439 carni
477 403 604 437 deditos
617 413 756 438 maneat.
784 406 832 436 Ita
842 404 860 437 a
871 407 1039 438 contrario
1052 405 1263 444 demonstrat,
1274 418 1344 440 non
1355 405 1416 441 effe
1426 420 1559 456 capaces
1569 414 1680 457 gratiae
1691 413 1814 450 Christi
1828 422 1903 463 qui-

79 468 211 504 cunque
219 458 255 490 in
265 465 360 488 carne
373 463 525 486 manent:
536 453 615 498 quia
624 452 663 485 ad
674 461 817 485 mortem
835 461 910 485 toto
922 454 996 487 vitae
1006 450 1099 487 cursu
1111 455 1319 488 contendunt
1327 467 1363 490 ac
1372 456 1532 491 feruntur.
1556 458 1725 495 Notabilis
1735 474 1845 498 autem
1858 469 1903 501 est

78 505 184 544 locus,
193 515 231 538 ex
240 515 308 550 quo
317 498 472 536 discimus
481 522 491 537 ,
499 511 621 534 naturae
630 495 723 533 cursu
734 510 796 533 nos
805 511 897 533 ruere
907 501 942 533 in
955 511 1096 534 mortem
1109 504 1300 549 praecipites:
1312 505 1391 549 quia
1400 504 1487 538 nihil
1496 506 1514 539 ὲ
1522 506 1622 542 nobis
1631 512 1843 557 concipimus
1851 517 1904 548 ni·-

78 551 101 587 fi
113 549 250 586 exitiale.
260 551 342 584 Mox
351 549 427 583 verb
438 549 641 582 contrarium
653 545 841 582 membrum
851 545 1092 595 oppofiiit‚quo
1102 551 1245 592 doceret,
1254 550 1343 597 siqua
1351 563 1425 599 pars
1432 555 1533 588 nostri
1544 555 1584 588 ad
1594 558 1697 591 vitam
1707 559 1904 609 tendit,Spi-

77 603 180 635 ritum
191 597 333 648 proferre
347 599 416 631 vim
427 593 528 631 suam:
539 597 616 642 quia
625 595 643 628 a
653 606 748 630 carne
769 594 862 630 nulla
870 598 943 630 vitae
953 595 1094 631 scintilla
1103 608 1260 632 manaret.
1281 599 1536 646 Cogitationem
1549 604 1708 650 Spiritu,
1726 609 1830 642 vitam
1843 622 1904 659 ap.

75 647 185 701 pellat:
197 648 275 693 quia
285 644 321 679 fit
330 643 475 685 viuifica‚
484 643 537 678 vel
545 644 583 677 ad
593 643 659 677 vitz‘t
671 643 778 678 ducat.
791 644 883 679 Pacis
893 643 972 679 vero
982 647 1122 680 nomine
1131 658 1251 680 omnes
1262 644 1441 682 foelicitatis
1452 661 1557 696 partes
1567 651 1732 689 Hebraico
1743 667 1837 691 more
1846 659 1903 692 de-

18 696 22 700 ’
75 700 189 743 ngnar.
203 693 374 745 Qequid
383 695 473 727 enim
484 693 552 740 agit
561 693 596 726 in
606 689 704 725 nobis
716 693 781 725 Dei
791 692 931 739 Spiritus
943 715 952 729 ‚
963 694 1003 727 ad
1015 693 1159 728 nostram
1168 693 1409 730 beatitudinem
1420 693 1560 743 spectat:
1580 699 1693 735 frustra
1700 699 1813 738 'tamen
1824 706 1902 741 ideo

76 746 151 792 quis
169 742 290 777 tribuat
301 741 434 777 lalutem
445 739 611 788 operibuS.
639 740 844 786 Qanquam
859 743 949 774 enim
961 742 1051 776 Deus
1067 739 1203 780 salutem
1213 741 1506 778 nostraminchoat
1520 769 1530 783 ‚
1556 750 1589 781 ὅ(
1600 749 1736 785 demum
1757 751 1900 790 absoluit

74 794 111 827 in
120 793 300 839 imaginem
311 789 400 824 suam
414 801 476 824 nos
486 786 677 835 refingeudo
686 810 697 825 ,
708 791 805 822 vm‘ca
814 797 923 822 tamen
932 787 1024 824 causa
1035 790 1078 825 est
1086 791 1157 825 eius
1165 789 1411 838 beneplacitum
1422 818 1432 833 ,
1443 804 1513 839 quo
1525 806 1587 828 nos
1598 795 1674 832 facit
1684 799 1808 835 Christi
1817 813 1901 838 con-

74 836 185 876 sortes.
835 848 842 874 ’.
1091 865 1094 868 «
1275 855 1277 858 ’
1398 859 1401 864 -
1436 860 1438 864 -

122 900 145 933 7
183 883 440 935 Qandoquidem
449 885 588 933 cogitatio
597 885 720 929 carnis.)
769 883 948 932 Subiungit
955 883 1190 933 probationem
1199 889 1270 922 eius
1283 890 1375 935 quod
1385 887 1546 938 posuerat,
1556 890 1643 926 nihil
1655 891 1775 930 scilicet
1786 901 1871 933 exire
1880 899 1899 934 a

74 936 187 971 studiis
196 936 301 969 carnis
311 934 437 974 nostrae,
449 931 508 967 nili
520 942 673 968 mortem:
684 934 762 979 quia
770 931 933 967 hostiliter
944 946 1094 981 pugnent
1103 947 1181 970 cum
1190 937 1255 970 Dei
1265 936 1449 972 voluntate.
1460 940 1622 974 Voluntas
1633 953 1742 977 autem
1754 946 1836 984 Dei,
1847 949 1901 981 iu-

74 984 165 1018 stitiae
175 981 286 1030 regula
296 981 356 1015 est:
370 982 455 1016 vnde
466 979 620 1028 sequitur,
630 981 788 1015 iniustum
799 979 858 1016 effe
868 982 1030 1028 quicquid
1039 982 1079 1017 ab
1090 996 1127 1017 ea
1134 981 1269 1019 diffide-t:
1279 985 1371 1031 quod
1379 985 1402 1020 fi
1413 987 1584 1025 iniustum,
1595 987 1689 1023 fimul
1700 994 1733 1025 δε
1748 994 1900 1029 mortife-

72 1044 159 1067 rum.
170 1034 239 1066 Iam
248 1027 383 1064 aduerso
394 1033 428 1064 Sc
439 1028 556 1064 infesto
565 1030 640 1063 Deo
649 1054 660 1068 ,
677 1027 790 1063 frustra
800 1031 874 1075 quis
885 1031 988 1064 vitam
1000 1033 1158 1079 expeditet.
1181 1034 1264 1067 iram
1275 1037 1365 1068 enim
1378 1036 1447 1069 eius
1461 1047 1549 1070 mors
1561 1038 1714 1084 protinus
1723 1041 1899 1078 necessario

69 1077 369 1126 consequitur‚quae
379 1077 422 1112 est
431 1079 485 1113 irae
494 1079 564 1112 eius
577 1075 672 1111 vltio.
684 1077 795 1124 Atque
804 1076 860 1112 hic
872 1075 1246 1117 obseruernus‚hominis
1254 1081 1463 1117 voluntatem
1473 1085 1606 1119 Diuinae
1617 1085 1780 1122 voluntati
1792 1101 1849 1136 per
1859 1104 1899 1125 oa-

71 1130 164 1164 mnia
173 1124 342 1161 aduersari.
353 1127 529 1172 Qantum
539 1126 631 1160 enim
640 1122 748 1160 differt
760 1128 902 1172 prauitas
912 1127 929 1159 a
941 1129 1139 1163 redtitudine
1147 1154 1159 1169 ,
1167 1139 1298 1163 tantum
1310 1128 1428 1165 diffidii
1439 1131 1537 1166 nobis
1549 1144 1626 1167 cum
1638 1135 1715 1169 Deo
1727 1133 1786 1171 effe
1796 1150 1900 1185 opor-

65 1187 125 1213 tet.
176 1175 270 1209 Nam
283 1177 358 1222 Legi
367 1177 441 1208 Dei.
478 1171 623 1222 Exegesrs
637 1175 794 1220 proximae
803 1172 979 1209 sententiae.
991 1174 1131 1210 declarat
1142 1180 1234 1211 enim
1259 1180 1434 1224 quomodo
1445 1191 1523 1214 cum
1534 1182 1602 1215 Dei
1614 1181 1787 1221 voluntate
1801 1185 1900 1221 belli-
1918 1214 1929 1225 .

68 1235 223 1275 gerentur
234 1234 352 1258 omnes
363 1224 469 1257 carnis
481 1223 716 1265 meditationes
725 1224 823 1270 :quia
836 1233 907 1256 non
916 1221 1051 1259 aliunde
1059 1226 1202 1271 petenda
1210 1225 1254 1260 est
1261 1228 1327 1261 Dei
1336 1226 1503 1266 voluntas,
1514 1230 1615 1275 quam
1625 1230 1679 1265 vbi
1692 1245 1762 1266 eam
1774 1235 1900 1280 patefe-

69 1277 126 1311 cit.
135 1276 175 1308 In
183 1273 270 1320 Lege
279 1273 369 1306 enim
379 1270 611 1318 ostenditquid
620 1267 678 1304 fibi
689 1269 902 1317 placeanideo
910 1271 970 1317 qui
983 1272 1044 1304 rite
1055 1275 1239 1306 examinare
1250 1274 1369 1309 volunt
1378 1277 1480 1321 quam
1489 1275 1573 1311 bene
1583 1290 1660 1312 cum
1672 1281 1747 1314 Deo
1771 1281 1828 1316 libi
1837 1285 1899 1318 c6.¹

66 1320 247 1363 ueniat,sua
261 1317 521 1356 omnia-consilia
531 1315 682 1353 &studia
690 1317 729 1351 ad
739 1318 824 1352 hanc
834 1329 989 1352 normam
1000 1320 1142 1365 exigant.
1157 1319 1225 1354 Etsi
1237 1323 1327 1355 enim
1343 1322 1430 1356 nihil
1442 1326 1478 1358 in
1489 1325 1616 1360 mundo
1628 1331 1736 1374 agitur
1745 1329 1808 1364 nisi
1819 1341 1899 1366 rno-¹

65 1371 225 1407 deratrice
233 1379 350 1405 arcana
359 1367 424 1402 Dei
432 1367 653 1415 prouidentia,
664 1365 729 1401 hoc
738 1375 892 1414 praetextu
903 1365 991 1401 nihil
999 1365 1060 1401 nisi
1069 1380 1109 1401 eo
1117 1367 1324 1415 approbante
1335 1368 1404 1404 fieti
1413 1371 1532 1410 dicere,
1545 1373 1761 1411 intolerabilis
1771 1379 1814 1413 est
1822 1378 1899 1414 bla-'

66 1417 89 1455 s
107 1420 233 1455 hemia:
245 1417 337 1466 quod
346 1415 640 1464 hodiephrenetici
649 1413 785 1462 quidam
794 1412 1001 1456 cauillantur.
1016 1416 1115 1450 Resti
1124 1418 1215 1450 enim
1226 1419 1381 1464 &iniqui
1391 1417 1565 1454 discrimen
1576 1423 1667 1467 quod
1680 1423 1788 1471 palam
1799 1431 1833 1461 &
1843 1428 1895 1462 di-

95 1467 184 1503 ίηᾶἑ·
194 1476 271 1501 ante
279 1465 397 1509 oculos
406 1464 534 1500 'nostros
542 1463 610 1498 Lex
621 1462 779 1504 statuit,in
787 1461 954 1511 profiindo
963 1461 1152 1508 labyrintho
1162 1468 1412 1511 quaerere‚cuius
1421 1468 1574 1511 vecordrq
1582 1467 1750 1506 estl>Habet
1758 1476 1894 1520 quidem

64 1515 217 1553 abditum
226 1517 274 1557 (vt
283 1513 364 1555 dixi)
373 1511 469 1548 suum
476 1510 654 1557 consilium
665 1509 920 1557 Dominus,quo
928 1508 1076 1545 vniuersa
1084 1524 1146 1560 pro
1157 1523 1242 1548 nutu
1255 1511 1567 1562 dispensatzsedvquia
1575 1513 1894 1567 incomprehensibi-

65 1563 100 1600 le
110 1562 209 1599 nobis
220 1563 265 1598 ‘est
275 1586 285 1600 ,
294 1559 433 1596 sciamus
444 1561 463 1595 a
471 1561 574 1595 nimis
587 1555 794 1594 'curiosa'eius
806 1559 1062 1607 inuestigatione
1071 1572 1134 1595 nos
1143 1563 1254 1596 arceri.
1264 1564 1400 1597 Maneat
1410 1566 1544 1598 interim
1555 1564 1620 1599 hoc
1631 1565 1734 1602 fixum
1743 1595 1755 1609 ,
1767 1571 1852 1606 nihil
1862 1575 1894 1608 ei

62 1613 194 1661 placere
202 1609 428 1646 nisiiustitiam
437 1621 446 1643 ε
462 1619 524 1643 nec
532 1608 575 1643 de
582 1605 740 1656 operibus
748 1601 867 1642 nostris
877 1609 1040 1642 iudicium
1053 1609 1140 1644 reete
1150 1607 1220 1644 fieri
1230 1609 1292 1645 nifi
1301 1620 1340 1645 ex
1348 1611 1456 1659 Leges,
1469 1615 1506 1647 in
1517 1625 1583 1660 qua
1591 1626 1662 1649 non
1674 1614 1751 1655 ficte
1758 1619 1893 1656 testatus

63 1660 111 1695 est
119 1659 203 1708 quid
209 1657 267 1694 fibi
279 1656 330 1692 vel
338 1668 468 1705 gratum
477 1654 765 1704 fimeldispliceat.
795 1678 798 1681 Δ
806 1655 850 1690 Ν
851 1667 884 1690 ec
890 1658 970 1690 enim
975 1656 1078 1706 polest.
1126 1659 1177 1693 En
1185 1657 1417 1694 liberi-arbitrii
1427 1658 1761 1708 facultasquam‘latis
1773 1668 1894 1702 reue-he..v

32 1710 34 1712 ’
61 1720 98 1744 re
108 1706 256 1757 sophista:
265 1716 446 1753 nequeunt.
455 1704 554 1739 Certe
562 1703 682 1739 Paulus
691 1701 814 1739 disertis
825 1703 932 1739 verbis
942 1702 996 1740 hic
1005 1702 1146 1740 affirmat
1157 1708 1248 1753 quod
1257 1710 1266 1741 i
1270 1707 1316 1756 pii
1326 1706 1430 1756 pleno
1441 1721 1498 1744 ore
1507 1709 1713 1749 detestantur,
1723 1713 1822 1750 nobis
1832 1713 1894 1751 effe

62 1753 267 1804 impoffibile'-
273 1748 430 1789 subiicere
439 1754 537 1801 Legis
544 1751 742 1788 obedientiae
759 1752 889 1788 nostros
896 1750 1042 1788 affectus.
1052 1755 1178 1790 lactant
1186 1754 1237 1790 illi
1242 1767 1305 1791 ‘cor
1314 1759 1351 1792 in
1361 1762 1522 1805 vtranque
1530 1767 1657 1806 partem
1667 1757 1727 1795 efle
1737 1760 1892 1804 flexibile,

65 1804 170 1841 modo
180 1803 355 1838 adiuuetur
364 1803 503 1850 Spiritus
512 1801 669 1836 instinCm
681 1814 689 1834 τ
700 1813 737 1835 ac
747 1811 848 1849 penes
864 1810 928 1837 nos
936 1800 1075 1837 liberam
1085 1799 1145 1837 effe
1154 1802 1238 1839 boni
1247 1803 1300 1839 vel
1313 1804 1392 1840 mali
1403 1807 1594 1853 optionem,
1602 1819 1638 1842 vt
1648 1806 1811 1857 suppetias
1819 1823 1895 1848 tan-

63 1851 138 1888 tum
147 1849 256 1886 afferat
265 1853 421 1899 Spiritust
435 1850 584 1885 nostrum
595 1848 673 1884 verb
683 1847 720 1884 fit
736 1848 918 1897 eligere-vel
928 1848 1086 1898 respuere.
1107 1852 1256 1899 Fingunt
1265 1855 1364 1888 etiam
1375 1852 1486 1889 bonos
1497 1865 1610 1890 morus
1619 1879 1630 1894 ,
1643 1858 1892 1908 quibusspo‘nte

64 1911 292 1951 praeparamim
303 1898 421 1934 Paulus
431 1899 679 1937 contta‚duritie
689 1901 724 1933 &
732 1898 1117 1933 indomitaconturnacia
1125 1911 1184 1934 cor
1195 1901 1344 1936 nostrum
1355 1913 1485 1949 turgere
1494 1907 1690 1951 pronuntiat
1698 1930 1709 1944 ,
1722 1918 1756 1942 vt
1766 1911 1805 1943 ad
1814 1907 1894 1944 sub..

61 1949 209 1984 eundum
217 1949 283 1982 Dei
293 1950 410 1996 iugum
421 1946 610 1982 naturaliter
618 1958 793 1993 nunqua-m
800 1945 970 1982 fleetatur:
981 1959 1089 1994 neque
1098 1948 1138 1981 de
1147 1959 1216 1982 vno
1227 1948 1278 1984 vel
1289 1949 1391 1985 altero
1401 1948 1518 1986 affectu
1527 1949 1669 1999 disputat
1681 1977 1691 1992 ,
1711 1953 1762 1990 sed
1773 1957 1872 1992 indefi
1879 1979 1892 1985 -

61 1998 133 2033 nite
143 1996 284 2043 loquens
293 2020 303 2034 ‚
322 2008 440 2031 omnes
449 1996 508 2042 qui
525 2007 563 2029 ex
580 1992 679 2029 nobis
688 1993 865 2029 nascuntur
882 2005 994 2029 motus
1003 2018 1013 2033 ‚
1035 1998 1070 2030 in
1079 1995 1170 2031 hunc
1178 1996 1371 2032 fasciculum
1396 2001 1546 2033 coniicit.
1575 2001 1694 2037 Procul
1705 2005 1808 2050 igitur
1817 2005 1855 2040 fit
1871 2007 1891 2040 ὲ

61 2045 253 2089 Christiano
271 2047 403 2096 pestore
415 2042 472 2078 illa
481 2044 520 2077 de
537 2042 663 2078 arbitrii
674 2041 824 2078 libertate
841 2042 975 2090 gentilis
986 2042 1208 2091 philosophia.
1235 2048 1373 2080 Seruum
1387 2045 1550 2094 peccatise
1562 2050 1700 2096 quisque
1711 2075 1721 2089 ‚
1744 2064 1778 2087 vt
1789 2066 1821 2087 re
1833 2066 1890 2088 ve·-

62 2105 98 2128 ra
109 2092 152 2129 e'st
161 2116 171 2131 ‚
181 2095 335 2140 agnolcat
346 2117 356 2131 ,
367 2093 435 2141 qui>
453 2104 510 2141 per
520 2091 643 2126 Christi
652 2093 792 2138 gratiam
804 2090 1020 2126 manumill'us
1028 2091 1203 2128 liberetur:
1215 2094 1278 2128 alia
1288 2093 1437 2129 libertate
1461 2093 1594 2142 prorsus
1606 2097 1740 2134 stultum
1751 2101 1794 2135 est
1813 2102 1891 2150 glo-

64 2153 151 2176 nari.
1613 2155 1617 2165 ⁴=
1816 2158 1819 2160 ·

110 2191 130 2224 8
170 2189 239 2237 Q
246 2201 311 2237 ergo
321 2191 353 2222 in
364 2189 550 2231 carnesimt.)
598 2186 845 2223 Aduersatiuam
856 2188 1051 2236 particulam
1060 2189 1098 2223 0⁰2*
1107 2201 1163 2238 per
1173 2188 1332 2225 causalem
1342 2204 1412 2226 non
1423 2190 1490 2227 sme
1498 2191 1591 2227 causa
1599 2193 1767 2241 exposuit:
1780 2196 1889 2245 'siqui-

60 2234 134 2272 dem
144 2237 275 2286 colligit
285 2250 321 2272 ex
331 2238 492 2285 praedietis
504 2236 693 2286 Apostolus,
705 2250 760 2271 eos
770 2234 868 2283 quise
877 2240 983 2272 carnis
994 2237 1189 2273 libidinibus
1199 2240 1345 2286 agendos
1355 2241 1498 2278 tradunt,
1512 2242 1681 2276 vniuersos
1697 2241 1746 2277 eff
1742 2258 1756 2278 e
1765 2246 1840 2281 Deo
1851 2259 1889 2281 a-

63 2285 297 2321 bominabiles.
306 2288 417 2333 Atque
427 2285 586 2320 haetenus
599 2283 792 2320 sententiam
803 2284 894 2319 illam
906 2284 1249 2324 confirmauit>omnes
1259 2289 1317 2334 qui
1326 2286 1505 2323 secundum
1517 2290 1679 2336 Spiritum
1689 2305 1760 2327 non
1770 2293 1890 2330 ambu-

30 2332 32 2335 ’
64 2332 166 2376 lanta
174 2334 307 2369 Christo
318 2332 377 2369 effe
388 2333 524 2371 alienos,
533 2335 610 2383 quia
619 2335 713 2369 vacui
723 2331 797 2368 sun-t
807 2332 923 2367 caelesti
934 2336 1011 2368 vita.
1257 2339 1261 2341 “

117 2421 141 2452 9
196 2414 266 2448 Vos
273 2418 384 2447 autem
393 2420 463 2445 non
471 2405 540 2456 estc&
549 2409 589 2445 in
596 2402 771 2460 carnestd
773 2409 812 2445 in
821 2408 956 2461 Spiritu:
957 2406 1132 2463 siquidem
1143 2410 1280 2465 {viritas
1289 2412 1360 2450 Dei
1366 2406 1498 2452 habitat
1507 2411 1545 2450 in
1555 2409 1656 2452 vebis
1666 2430 1676 2454 t
1685 2410 1888 2469 fiqusfrverb

62 2465 221 2520 spiritum
234 2461 353 2518 christi
362 2477 432 2502 non
443 2459 616 2508 habet‚hic
624 2475 695 2501 non
707 2462 839 2514 esteius.
1440 2499 1444 2503 ,

119 2535 159 2560 10
217 2522 249 2559 Si
257 2517 338 2558 verb
348 2517 497 2570 christus
505 2521 544 2557 in
556 2515 654 2558 vobit
663 2519 831 2574 effcotpus
840 2517 980 2573 quidem
986 2529 1155 2561 mortuum
1164 2519 1209 2573 est
1210 2531 1525 2578 propterpeccatum‚
1530 2525 1672 2579 Spiritus
1687 2531 1800 2564 autem
1809 2525 1888 2563 vita

0 2604 13 2613 Ἀ
63 2576 111 2632 est
111 2574 424 2633 propteriustitiaem.
1190 2604 1192 2606 ,
1244 2612 1257 2623 ὃ
1296 2627 1297 2630 ¹
1827 2626 1829 2629 ξ

141 2645 173 2670 11
228 2636 269 2671 Si
284 2633 427 2684 inquam
443 2633 580 2685 Spiritus·
588 2633 660 2671 eius
678 2632 738 2685 qui
737 2627 914 2685 stascitauit
929 2628 1039 2684 lesum
1049 2643 1096 2672 ex
1116 2642 1273 2680 mortua,
1292 2630 1427 2674 habitat
1439 2633 1588 2684 *inpvobic
1608 2647 1622 2670 ··
1644 2640 1706 2692 qui
1714 2636 1891 2693 fhscitauit

65 2685 235 2742 christum
251 2700 298 2727 ex
315 2689 454 2726 mortun
472 2715 484 2732 ,
507 2684 701 2739 viuificabit
720 2689 760 2734 ά·
783 2686 945 2727 mortalia
963 2697 1100 2744 corpora
1111 2698 1246 2744 propter
1263 2692 1424 2745 Spiritum
1458 2698 1484 2715 ‘⁸
1494 2691 1598 2746 ficum
1617 2695 1655 2732 in
1673 2692 1770 2734 vochc
1787 2691 1887 2737 habi-
1904 2684 2041 2777 Vetasuskd

63 2753 205 2785 tantem.
880 2769 881 2772 =

111 2828 133 2859 9
174 2818 216 2850 'V
217 2829 249 2850 os
256 2817 382 2861 antem.)
433 2813 628 2850 Generalem
639 2812 832 2849 sententiam
842 2814 884 2849 ad
894 2825 949 2849 eos
961 2813 1083 2862 quibus
1094 2813 1275 2864 scribit‚per
1283 2816 1479 2865 hypothesin
1490 2821 1887 2857 accommodatznontan-

62 2863 136 2898 'tum
147 2875 182 2898 vt
193 2863 375 2899 sermonem
385 2876 544 2916 tanquam
554 2865 727 2911 proprium
737 2862 776 2896 ad
785 2860 874 2911 ipsos
884 2863 1268 2910 dirigens5vehementius
1276 2864 1462 2903 afficiansed
1471 2878 1505 2901 vr
1515 2868 1604 2902 certo
1615 2868 1752 2916 colligit
1760 2866 1798 2903 ex
1808 2869 1888 2904 defi-

65 2914 195 2947 nitione
205 2925 309 2960 nuper
319 2912 432 2961 posita,
442 2915 473 2946 le
482 2924 518 2945 ex
530 2923 646 2946 eorum
657 2909 716 2945 effe
727 2923 868 2945 numero
879 2912 896 2945 a
905 2910 1029 2958 quibus
1036 2912 1137 2958 Legis
1148 2912 1416 2949 maledietionem
1426 2915 1574 2950 Christus
1583 2916 1711 2950 detulit.
1723 2917 1828 2951 Simul
1839 2928 1886 2951 ta—

67 2972 144 2995 men
154 2959 348 3008 explicando
366 2961 446 3008 quid
456 2959 559 2994 valeat
569 2961 709 3007 Spiritus
719 2959 786 2993 Dei
795 2961 830 2993 in
841 2958 953 2994 cleeris
965 2982 975 2996 ‚
996 2963 1030 2994 3<
1042 2972 1127 3006 quos
1136 2958 1262 2996 fruetus
1272 2962 1345 2996 edat
1357 2988 1366 3003 ‚
1387 2963 1539 2998 hortatur
1549 2977 1604 2999 eos
1621 2965 1660 2998 ad
1669 2967 1744 2999 vitae
1752 2968 1886 2998 nouita-

65 3016 144 3043 tem.
154 3017 156 3020 ·
193 3009 353 3054 Siquidem
362 3011 487 3056 Spiritus
496 3010 576 3043 Dei.
624 3007 800 3043 Correstio
810 3005 957 3055 appo'fite
968 3006 1192 3054 subiesta‚qua
1203 3011 1384 3045 excitantur
1393 3022 1428 3045 vt
1438 3009 1554 3059 seipsos
1565 3015 1700 3060 propius
1710 3013 1884 3049 examinet,

68 3063 110 3089 ne
118 3055 241 3090 Christi
264 3069 388 3091 nomen
400 3054 514 3091 frustra
532 3055 745 3104 praetendant.
763 3055 842 3089 Haec
850 3066 962 3090 autem
971 3056 1015 3090 est
1023 3053 1197 3090 certissima
1219 3069 1299 3092 nota
1309 3071 1373 3104 qua
1381 3057 1610 3094 discernuntur
1629 3058 1689 3093 filii
1698 3060 1789 3099 Deia
1807 3057 1884 3094 filiis

68 3103 219 3138 mundizfi
228 3105 292 3138 Dei
303 3107 425 3152 Spiritu
440 3105 478 3138 ad
493 3105 721 3139 innocentiam
732 3115 769 3137 ac
778 3102 982 3138 sanctitatem
997 3107 1177 3151 regenerati
1186 3104 1270 3140 sunt.
1279 3107 1483 3154 Qanquam
1495 3109 1525 3141 ei
1534 3108 1661 3142 videtur
1672 3119 1741 3140 non
1754 3107 1785 3140 ti
1793 3105 1884 3143 fuiise

67 3149 271 3197 propositum
281 3152 478 3200 hypocrisim
489 3151 766 3198 corrigere,quam
776 3147 945 3198 suggerere
954 3149 1117 3199 gloriandi
1128 3155 1298 3189 materiam
1308 3153 1459 3190 aduersus
1466 3156 1674 3203 praeposteros
1685 3154 1884 3201 Legiszelo-

67 3198 250 3243 tas-‚quibus
261 3200 362 3247 pluris
373 3211 439 3234 erat
449 3211 579 3234 mortua
587 3198 796 3246 litemquam
807 3201 946 3234 interior
956 3201 1006 3233 vis
1017 3201 1169 3247 Spiritus,
1177 3201 1298 3249 Legem
1308 3205 1468 3238 animans.
1495 3201 1596 3236 Porro
1608 3201 1703 3236 docet
1713 3201 1767 3236 hic
1779 3200 1885 3241 locus,

68 3245 208 3279 Paulum
218 3247 375 3282 hactenus
386 3261 442 3296 per
452 3250 589 3296 Spiritus
600 3260 726 3282 nomen
751 3259 821 3281 non
836 3258 982 3282 mentem
991 3246 1044 3281 vel
1052 3247 1308 3296 intelligentiam
1322 3251 1407 3297 (quae
1417 3249 1561 3298 superior
1580 3261 1651 3296 pars
1660 3251 1776 3284 anirnae
1786 3262 1884 3285 voca«-

68 3304 123 3328 tur
134 3292 254 3328 {iliberi
265 3295 387 3330 arbitrii
398 3298 558 3344 patronis)
578 3294 630 3330 sed
639 3294 760 3329 caeleste
772 3295 901 3329 donum
913 3294 1045 3330 notasse.
1067 3297 1258 3344 Spirituales
1269 3300 1358 3332 enim
1371 3296 1430 3332 else
1439 3299 1576 3343 exponit
1589 3309 1659 3331 non
1672 3299 1731 3344 qui
1748 3302 1885 3345 proprio

61 3344 162 3392 ,μάσω
176 3343 298 3384 rationi
307 3342 545 3392 obtemperant,
555 3343 606 3378 sed
617 3344 704 3390 quos
713 3344 835 3391 Spiritu
845 3341 904 3379 suo
915 3344 1006 3379 Deus
1019 3343 1188 3391 gubernat.
1204 3345 1325 3391 Neque
1337 3356 1447 3383 tamen
1458 3345 1616 3380 dicuntur
1624 3343 1685 3379 effe
1695 3343 1886 3386 secundum,

1580 3406 1609 3428 e.
1660 3405 1721 3440 iu).
