2268 3705
487 125 602 174 AD
653 126 1332 178 CORINTHCAP-
1381 133 1467 177 IX·
1900 133 1951 178 131

106 197 318 247 ‘suissi-,quam
328 197 422 237 ferret
434 195 598 232 ordinaria
613 199 747 232 vocatio
758 198 981 245 pastorutquia
992 199 1155 246 stipendio
1165 199 1462 247 abstinuerit‚quod
1472 203 1640 240 Dominus
1650 211 1811 254 permittit
1821 201 1957 257 pastori-⁷

111 248 174 282 bus
185 246 320 283 sumere.
375 246 539 280 Caeterum
551 250 656 293 qu'um
677 243 750 279 elset
763 258 800 279 cx
813 248 883 280 eius
894 245 1009 280 officio
1023 269 1032 283 ‚
1047 259 1254 293 quaecunque
1273 249 1473 284 offendicula
1490 254 1685 298 prouidebat
1696 279 1706 292 ,
1724 256 1789 291 illis
1808 257 1954 294 obuiate:

113 307 259 331 cerneret
269 307 378 330 autem
397 293 568 342 Euangelij
584 292 714 328 cursum
727 295 927 341 impeditum
943 297 981 328 iri
995 293 1016 328 si
1027 294 1182 330 facultate
1194 296 1248 330 sua
1269 308 1428 331 vteretur:
1449 299 1573 333 tarne-tii
1586 294 1667 335 illud
1689 315 1754 337 erat
1776 308 1956 341 extraordi*

112 347 245 379 narium
255 367 265 382 ,
279 339 356 377 dico
365 353 477 376 tamen
488 341 574 376 nihil
587 355 663 376 cum
676 343 753 376 Deo
768 340 941 389 praestiriss'e
951 342 1024 389 plus
1035 345 1135 389 qu'am
1146 341 1286 378 deberet.
1299 346 1424 391 Qgrro
1434 349 1523 380 e'nim
1534 360 1574 381 an
1587 352 1657 383 iion
1668 349 1749 384 boni
1760 352 1795 386 lit
1805 353 1957 400 pastoris.

115 391 315 429 offendicula
326 403 490 436 quantum
501 392 536 424 in
548 388 577 424 se
587 391 630 424 est
640 389 774 424 tollere:
800 403 911 436 quaero
923 393 1043 425 iterum
1054 393 1133 438 quid
1145 393 1233 426 aliud
1245 393 1358 427 fecerit
1368 390 1495 428 Paulus.
1516 407 1586 429 non
1599 397 1642 430 est
1655 400 1756 444 igitur
1776 402 1866 446 quod
1877 409 1954 437 euin

115 441 242 486 aliquid
249 438 436 474 indebitum
447 438 523 472 Deo
534 435 708 472 contulisse
718 437 883 486 fingamus
895 464 904 478 ,
917 450 1021 484 quum
1036 439 1120 474 nihil
1131 440 1220 475 aliud
1243 442 1424 488 praestiterit
1433 442 1490 476 nili
1501 445 1592 490 quod
1601 443 1767 491 flagitabat
1779 447 1881 494 offici)
1896 464 1955 484 ne—

115 488 238 524 ceffitas
248 513 259 528 ,
275 485 402 521 tametsi
413 487 677 521 extraordinaria.
716 483 852 521 Facess'at
868 489 970 533 igitur
978 489 1082 535 impia
1101 487 1157 522 illa
1177 491 1373 536 imaginatio
1385 516 1394 530 ‚
1406 504 1467 525 nos
1479 492 1634 539 operibus
1656 493 1954 543 supererogationis

115 537 233 571 delicta
241 547 353 569 coram
366 538 439 569 Deo
450 533 626 582 copensare
637 558 647 571 ,
662 534 732 568 imo
744 548 871 569 nomen
880 533 990 582 ipsum
1001 535 1127 570 faceffat
1138 538 1228 582 quod
1238 549 1346 584 turget
1359 539 1521 574 diabolica
1531 538 1748 588 superbia.hic
1759 545 1846 577 cette
1860 545 1911 579 loc
1918 560 1955 581 us

114 596 284 632 perperam
294 583 335 617 ad
347 594 424 617 eum
437 580 565 619 sensum
576 594 758 629 torquetur.
768 585 806 616 In
816 595 935 630 genere
944 595 1054 617 autem
1066 583 1107 618 sic
1120 582 1278 622 refellitur
1293 587 1493 633 Papistarum
1505 601 1593 622 error
1603 614 1612 627 ,
1623 592 1844 637 Qaecu‘nque
1855 606 1954 641 opera

112 632 171 668 sub
183 635 270 679 Lege
279 630 677 679 comprehendatunfalsb
690 642 852 665 vocantur
862 629 1267 679 supererogationis,licuti
1278 646 1365 682 patet
1375 647 1411 668 ex
1423 636 1529 671 verbis
1544 639 1802 684 Christi,Qim
1814 639 1953 677 feceritis
1969 657 2140 690 ramma-‚uh

114 683 231 716 omnia
241 693 313 727 quae
324 677 564 728 praeccptasunt
574 678 682 717 vobis,
695 680 807 726 dicite,
818 681 912 714 Serui
922 681 1055 714 inutiles
1069 678 1189 715 sumus:
1207 694 1279 726 quae
1289 682 1464 718 debuimus
1474 684 1743 728 facere‚fecimus.
1755 691 1799 722 At'
1828 692 1861 724 ui
1875 691 1953 725 nul-

114 729 188 764 lum
197 728 337 763 fatemur
347 725 406 762 else
416 729 546 762 bonum
555 739 717 775 opus‚nec
727 726 802 761 Deo
811 738 996 775 acceptum,
1006 728 1097 775 quod
1108 730 1194 776 Lege
1205 723 1268 763 Dei
1278 730 1556 779 comprehensum
1571 747 1640 769 non
1653 734 1701 768 sm.
1722 737 1798 771 Hoc
1822 732 1951 774 ectindii

83 781 87 789 “
116 781 161 812 ita
171 777 295 825 probo:
308 778 387 813 Duo
396 775 469 811 sunt
480 777 611 810 ordines
620 773 791 809 bonorum
802 787 958 823 operum:
973 787 1028 810 aut
1039 780 1128 811 enim
1142 779 1180 811 ad
1190 774 1254 811 D‘ei
1272 778 1402 813 cultum
1414 803 1423 817 ,
1434 786 1489 814 aut
1499 782 1537 814 ad
1549 780 1741 817 charitatem
1761 784 1949 821 refesti-ntur

116 829 243 861 omnia.
255 824 398 859 Nullum
408 836 519 859 autem
528 825 568 858 ad
578 824 644 858 Dei
654 823 784 858 cultum
795 826 936 870 pertinet
946 850 956 864 ‚
967 826 1059 870 quod
1078 838 1149 859 non
1166 828 1378 860 contineatur
1395 827 1451 862 sub
1462 828 1529 863 hoe
1545 833 1668 877 capite,
1685 831 1814 880 Diliges
1824 830 1950 869 Domi-

117 887 200 909 num
212 887 250 908 ex
257 885 332 908 toto
341 874 452 910 corde,
463 883 533 907 tota
541 874 652 907 anima
661 895 670 908 ,
682 874 761 906 toris
771 870 915 906 viribus:
927 872 1059 918 nullum
1070 875 1170 908 etiarn
1182 871 1334 910 officium
1345 876 1388 910 est
1397 877 1564 911 charitatis
1582 880 1672 924 quod
1682 892 1752 914 non
1762 885 1950 929 requiratur

118 922 179 957 illo
192 933 355 971 przcepto
364 944 375 958 ‚
386 920 500 968 Dilige
512 923 702 968 proximum
715 920 793 954 ficut
805 918 957 968 teipsum.
968 921 1071 967 Qod
1081 928 1191 957 autem
1203 921 1370 958 obiiciunt
1380 922 1513 974 Papistae
1522 942 1532 962 ³
1546 924 1614 959 fieri
1625 925 1713 974 po'ffe
1728 939 1763 962 vt
1774 941 1847 975 quis
1860 932 1950 966 deci-

117 984 206 1006 mam
218 968 530 1010 redituumsuorum
541 979 666 1016 partem
677 968 845 1015 erogando
856 994 866 1008 ,
878 967 914 1002 fit
923 970 998 1004 Deo
1007 981 1177 1017 acceptus:
1197 975 1231 1005 δε
1242 971 1317 1005 inde
1332 972 1478 1008 inferunt
1487 996 1498 1011 ‚
1510 972 1531 1007 si
1542 975 1581 1008 ad
1592 977 1744 1021 quintam
1763 975 1863 1024 vique
1874 992 1950 1026 par-⁷

117 1032 185 1055 tem
197 1018 369 1067 procedat,
378 1014 616 1064 supererogare.
642 1016 742 1051 huius
752 1019 885 1063 argutiae
897 1016 1001 1051 facilis
1012 1018 1056 1052 est
1067 1016 1199 1053 dilutio.
1211 1024 1288 1053 nam
1300 1020 1390 1066 quod
1402 1021 1629 1069 approbantur
1640 1035 1739 1071 opera
1749 1027 1882 1071 piorum
1895 1051 1905 1065 ,
1916 1029 1951 1062 id

114 1070 328 1114 nequaquam
338 1077 375 1099 ex
385 1071 503 1099 eorum
513 1063 716 1112 perferirione
734 1067 902 1111 contingit
912 1075 921 1098 '2
932 1062 982 1099 sed
992 1068 1070 1113 quia
1081 1063 1290 1115 imperfeifrio
1301 1081 1337 1102 ac
1347 1068 1492 1113 defecsstus
1506 1083 1576 1105 non
1598 1073 1792 1120 imputatur.
1816 1087 1914 1120 quare
1926 1066 1950 1111 si

115 1116 276 1162 centuplo
287 1113 430 1161 amplius
440 1112 580 1150 faciant,
591 1127 630 1147 ne
640 1112 682 1147 sic
695 1114 831 1160 quidem
843 1124 964 1147 metam
975 1113 1135 1149 excedunt
1144 1114 1246 1150 debiti
1258 1113 1371 1160 officii.
1411 1119 1460 1151 Vt
1468 1131 1528 1151 non
1537 1110 1649 1162 abutar
1663 1118 1819 1168 potestate.
1857 1123 1901 1156 Hi
1905 1126 1948 1159 nc·

115 1171 250 1211 apparet
262 1187 271 1202 ,
283 1160 377 1196 vsum
389 1162 504 1197 nosttae
515 1161 673 1196 libertatis
684 1164 741 1208 qui
752 1160 940 1195 scandalum
957 1165 1059 1209 parit,
1071 1165 1300 1210 importunam
1319 1160 1378 1199 effe
1389 1164 1558 1200 lieentiam
1580 1171 1614 1201 δε
1624 1163 1773 1204 abusum.
1815 1167 1948 1218 Regula

116 1225 196 1260 ergo
207 1211 348 1245 tenenda
357 1210 401 1244 est
413 1234 424 1248 ‚
435 1223 476 1244 ne
486 1209 615 1244 causam
627 1207 838 1244 offendiculis
848 1210 972 1244 demus.
999 1212 1109 1257 Atque
1119 1213 1174 1247 hic
1185 1211 1279 1246 locus
1302 1209 1419 1248 melius
1431 1212 1607 1250 confirmat
1619 1217 1711 1262 quod
1721 1230 1827 1265 nuper
1836 1221 1945 1267 attigi,

115 1260 256 1296 Paulum
267 1257 353 1293 nihil
361 1256 502 1306 erogasse
516 1258 609 1305 quod
619 1271 688 1293 non
698 1260 840 1305 exigeret
851 1254 941 1293 offici
943 1270 953 1305 J
962 1261 1047 1305 tatio
1060 1286 1070 1300 ‚
1082 1263 1161 1307 quia
1170 1259 1302 1296 libertas
1313 1262 1331 1295 a
1341 1262 1415 1296 Deo
1426 1258 1591 1305 concella,
1607 1258 1704 1300 nullo
1717 1266 1821 1301 modo
1831 1266 1946 1304 debuit

120 1313 156 1345 in
167 1306 305 1343 abusum
315 1307 411 1341 trahi.
1164 1319 1169 1327 ¹*
1709 1349 1715 1352 Α
1756 1352 1759 1355 v

163 1368 199 1399 19
249 1354 344 1389 Liber
351 1366 442 1400 quum
452 1354 536 1400 effem
546 1352 586 1387 ab
597 1357 636 1399 ο.)
663 1354 890 1391 {mirmahoc
902 1355 946 1389 est
957 1354 998 1390 ab
1008 1353 1249 1393 omnibus,tam
1261 1368 1380 1392 neutro
1390 1370 1508 1406 genere
1518 1361 1619 1406 quam
1644 1357 1827 1397 masculino
1837 1364 1945 1411 potest

115 1407 241 1454 accipi:
254 1406 290 1439 in
302 1415 420 1438 neutro
430 1427 440 1440 ,
451 1404 490 1437 ad
501 1416 566 1437 res:
577 1405 612 1437 in
625 1401 806 1437 masculino
817 1430 827 1444 ,
837 1405 877 1437 ad
885 1400 1037 1451 personas
1055 1402 1220 1438 rest-retur.
1240 1407 1310 1452 Ego
1321 1403 1498 1441 secundum
1517 1408 1584 1443 hoc
1595 1408 1693 1444 malo.
1708 1409 1869 1446 haetenus
1878 1417 1948 1447 vno

115 1451 306 1504 particulari
315 1451 468 1499 exemplo
478 1450 758 1486 demonstrauetat
767 1453 867 1498 quam
877 1451 1052 1499 diligenter
1061 1449 1091 1486 se
1099 1452 1336 1488 accdmodaffet
1345 1452 1486 1489 infirmis
1496 1469 1503 1489 :
1515 1468 1606 1490 nunc
1616 1454 1780 1493 subnectit
1792 1453 1946 1505 general&

112 1500 296 1538 clausulam
309 1513 317 1534 :
329 1504 362 1534 ὃς
375 1500 493 1534 deiude
506 1498 613 1547 plures
623 1497 744 1547 species
757 1510 936 1534 enumerat.
978 1503 1092 1535 Genus
1102 1499 1168 1534 hoc
1181 1502 1224 1534 est
1236 1519 1246 1538 9
1257 1501 1349 1551 quod
1361 1501 1485 1537 nullius
1495 1502 1552 1538 sub
1570 1506 1728 1552 potestate
1741 1519 1846 1553 quum
1858 1507 1945 1549 effer,

114 1553 234 1585 vixerit
244 1561 356 1583 tamen
371 1546 460 1594 quasi
470 1545 528 1581 sub
539 1550 696 1582 omnium
706 1547 859 1582 arbitrio:
872 1546 1059 1583 &infirmis
1070 1547 1099 1583 se
1109 1547 1198 1583 vitro
1217 1547 1389 1590 subjecerit
1397 1573 1407 1588 ‚
1428 1551 1574 1598 aquibus
1585 1551 1710 1588 solutus
1722 1559 1799 1588 erat.
1824 1554 1944 1603 species

114 1597 295 1644 suiassqubd
305 1599 390 1631 inter
399 1594 547 1630 Gentiles
557 1593 697 1630 versatus
706 1594 743 1629 fit
753 1606 912 1642 tanquam
923 1595 1170 1636 Gentilis,inter
1180 1598 1304 1633 Iudaeos
1314 1597 1343 1633 se
1352 1598 1478 1646 gesserit
1488 1611 1646 1648 tanquam
1658 1603 1808 1645 Iudqum:
1819 1603 1884 1637 hoc
1895 1606 1950 1642 est,

115 1659 224 1693 quum
235 1648 320 1681 inter
331 1644 455 1679 ludaeos
466 1643 642 1690 diligenter
658 1642 843 1678 obseruare-t
852 1648 1064 1680 caeremonias
1072 1670 1082 1683 ‚
1094 1659 1166 1680 non
1177 1648 1302 1681 minori
1313 1647 1420 1681 studio
1432 1651 1520 1682 cauit
1530 1663 1572 1684 ne
1583 1652 1705 1691 Gentes
1718 1663 1828 1686 earum
1841 1650 1952 1687 obser—

115 1697 253 1731 uatione
262 1690 450 1728 offenderet.
488 1693 652 1738 Adiungit
663 1691 858 1739 particulam
868 1703 1014 1737 tanquam
1023 1717 1033 1731 ,
1047 1705 1082 1728 vt
1092 1692 1252 1740 significet
1264 1721 1274 1736 ,
1287 1695 1373 1730 nihil
1388 1708 1563 1744 propterea
1573 1694 1613 1732 de
1623 1695 1677 1732 sua
1687 1697 1837 1733 libertate
1855 1699 1949 1735 fuiffe

88 1777 91 1780 ,
110 1745 431 1779 ›imminutumtnam
441 1738 651 1786 vtcunquese
660 1751 759 1775 artem
766 1753 889 1788 peraret
900 1741 1265 1781 horninibus‚manebat
1273 1744 1386 1778 'tamen
1398 1743 1521 1793 semper
1532 1748 1667 1781 interim
1678 1742 1793 1788 ,si-milis
1804 1746 1850 1781 sui
1860 1751 1950 1783 intus

116 1803 229 1827 coram
239 1790 324 1824 Deo.
339 1791 454 1823 Omnia
455 1788 584 1834 fieri,est
594 1784 669 1822 sein
679 1801 797 1823 omnes
808 1788 930 1824 formas
942 1801 1067 1825 mutare
1076 1814 1085 1828 ‚
1100 1802 1201 1838 prout
1209 1803 1258 1825 res
1268 1791 1493 1839 postulauerit:
1508 1806 1565 1829 aut
1573 1793 1714 1830 diuersas
1724 1796 1878 1843 personas
1890 1809 1950 1843 pro

107 1840 296 1882 hominum
304 1838 458 1872 varietate
468 1836 613 1871 induere.
633 1836 738 1882 Qod
750 1834 778 1872 se
789 1840 928 1886 exlegem
928 1838 1050 1883 faflnm
1069 1839 1151 1873 dicit
1163 1838 1260 1881 &fhb
1271 1844 1370 1888 Lege,
1382 1841 1509 1876 tantum
1528 1841 1678 1890 intellige
1697 1845 1735 1877 de
1748 1855 1838 1892 parte
1856 1857 1953 1879 caere—

113 1885 256 1923 moniali
270 1898 366 1920 :nam
377 1897 449 1932 quae
459 1896 531 1931 pars
540 1887 579 1920 ad
591 1897 699 1919 mores
709 1888 869 1932 pertinet,
882 1889 1073 1923 communis
1084 1899 1149 1922 erat
1159 1898 1226 1922 tam
1240 1890 1401 1923 Gentium
1413 1891 1513 1936 quani
1523 1889 1726 1926 ludaeoruin:
1741 1905 1800 1926 nec
1811 1891 1951 1928 licuisset

110 1935 216 1972 Paulo
227 1946 359 1969 eatenus
372 1931 548 1981 gratificari
559 1933 771 1968 hominibus.
790 1938 828 1969 ln
839 1933 936 1970 rebus
952 1938 1043 1970 enim
1054 1936 1172 1972 mediis
1183 1936 1341 1973 duntaxat
1351 1937 1436 1973 valet
1445 1937 1513 1974 haec
1525 1941 1688 1975 doetrina:
1699 1952 1733 1974 vt
1743 1939 1889 1989 superius
1900 1943 1952 1976 din

109 1987 207 2021 {Itum
219 1984 272 2019 est.
518 1991 521 1993 “
1859 2028 1863 2031 ἱ

160 2044 193 2066 21
241 2031 443 2078 Tametfinon
454 2028 566 2076 absque
577 2033 672 2079 Lege,
682 2035 781 2077 Deo.)
803 2030 920 2067 Voluit
931 2032 991 2067 hac
1007 2031 1190 2080 parenthesi
1201 2032 1333 2068 mollite
1342 2032 1433 2070 verbi
1443 2029 1597 2071 duritiem
1610 2050 1618 2070 :
1638 2042 1715 2072 nam
1727 2040 1834 2084 ptima
1846 2036 1865 2070 s
1859 2041 1952 2085 pecie

110 2081 235 2118 durum
243 2077 476 2123 fuiffet‚audire
489 2077 599 2126 ipsum
611 2080 736 2115 fastum
747 2078 837 2115 fuisse
846 2080 1005 2128 exlegem.
1025 2083 1140 2127 Itaque
1149 2095 1190 2116 ne
1200 2084 1232 2115 id
1242 2084 1277 2115 in
1288 2081 1414 2129 partem
1428 2083 1584 2118 sinistram
1596 2085 1776 2120 traheretur
1788 2109 1798 2122 ‚
1809 2099 1864 2133 per
1875 2089 1950 2120 moss

98 2160 100 2163 .
111 2130 193 2164 dum
205 2130 422 2162 correctionis
431 2125 597 2164 addidit‚se
608 2129 730 2175 Legem
743 2127 868 2175 semper
878 2125 1053 2166 retinuiss'e,
1065 2140 1101 2163 vt
1109 2127 1231 2164 scilicet
1242 2131 1376 2164 Christo
1388 2129 1461 2165 esset
1474 2129 1647 2168 subieelus.
1673 2134 1755 2181 Q
1766 2137 1864 2168 etiam
1875 2134 1950 2169 sub-

111 2175 331 2221 indicat‚falst'›
343 2180 375 2210 &
388 2176 524 2222 indigne
537 2175 594 2211 fibi
604 2178 766 2212 iamai-am
777 2176 926 2212 conflari:
937 2178 1070 2225 perinde
1080 2176 1140 2212 acsi
1149 2178 1188 2211 ad
1200 2176 1363 2213 efftaenem
1375 2178 1510 2214 licentia
1520 2192 1651 2216 vocaret
1661 2177 1828 2220 homines,
1841 2188 1949 2230 'quum

84 2260 86 2262 ,
110 2224 250 2270 docebat
259 2226 508 2272 exemptionem
519 2225 537 2258 ὲ.
551 2222 706 2260 seruitute
725 2226 820 2273 Legis
833 2224 995 2261 Mosaicae.
1034 2229 1149 2273 Legem
1158 2226 1237 2260 verb
1249 2228 1275 2259 C
1279 2225 1358 2269 hrstz
1374 2227 1490 2262 diserte
1509 2232 1663 2277 exprimit
1672 2256 1683 2271 ‚
1694 2242 1729 2265 vt
1741 2228 1857 2265 falsum
1869 2243 1950 2278 pro-⁷

109 2273 209 2309 brum
220 2272 430 2320 diluat,qu0d
444 2272 619 2307 inurebant
631 2272 895 2321 pseudoapostoli
907 2272 1104 2321 Euangelio:
1116 2273 1276 2323 fignificat
1287 2277 1390 2314 enim,
1402 2276 1489 2311 nihil
1498 2279 1534 2312 in
1549 2277 1673 2315 Christi
1684 2279 1835 2318 do‘ckrina
1844 2281 1949 2316 omit·-

91 2345 96 2348 -
112 2322 245 2368 ti,quod
254 2322 293 2356 ad
303 2319 480 2369 pascentii]
491 2323 577 2358 πεέὶὲ
587 2322 724 2356 vitiendi
732 2321 841 2368 legem
854 2320 959 2357 faciat.
1333 2366 1335 2369 v
1883 2367 1889 2372 .

161 2382 198 2403 22
246 2369 431 2412 Faffusficm
448 2370 573 2414 infirmis
579 2380 727 2416 tanquam
736 2369 894 2414 injimnus.)
916 2371 1020 2405 Nunc
1030 2373 1148 2406 iterum
1159 2371 1303 2419 generali
1320 2370 1481 2408 sententia
1490 2376 1593 2409 vritur
1601 2399 1611 2413 ‚
1625 2370 1659 2410 in
1672 2380 1737 2422 qua
1747 2376 1949 2412 demonstra&

111 2415 300 2452 cuiusmodi
310 2416 506 2452 hominibus
517 2418 546 2450 le
556 2418 860 2452 accommodauetit
872 2441 882 2455 ‚
895 2420 976 2453 &in
986 2432 1087 2465 quem
1098 2418 1210 2454 finem.
1231 2420 1418 2465 Iudaizabat
1430 2434 1542 2457 coram
1556 2422 1682 2464 Iudaeis,
1692 2421 1825 2460 sednon
1834 2427 1950 2460 omni-

111 2464 185 2501 bus.
196 2477 286 2500 etant
298 2469 389 2499 enim
400 2463 497 2500 multi
508 2468 694 2514 peruicaces
703 2490 712 2505 ,
726 2469 784 2514 qui
795 2465 972 2514 pharisaica
980 2467 1032 2501 vel
1044 2465 1193 2515 superbia
1205 2467 1258 2504 vel
1268 2470 1394 2505 malitia
1406 2469 1590 2505 libertatem
1606 2471 1827 2509 Christianam
1840 2471 1948 2509 subla-²

112 2525 179 2549 tarn
191 2511 320 2562 prorsus
330 2511 490 2562 optaffent
500 2540 510 2554 ,
520 2514 642 2561 quibus
653 2527 826 2562 nunquam
836 2525 965 2549 tantuin
980 2514 1158 2551 detuliffett
1177 2530 1256 2551 nam
1266 2516 1345 2553 tales
1356 2519 1374 2553 ὲ
1383 2517 1482 2554 nobis
1501 2521 1606 2553 curari
1617 2527 1689 2555 non
1704 2519 1775 2558 ‘vult
1785 2521 1949 2561 Christus,

111 2564 218 2597 Sinite
229 2564 502 2609 eos‚inquit,caeci
513 2560 586 2596 sunt
596 2567 630 2598 &
642 2563 741 2597 duces
752 2575 926 2597 caecorum.
949 2562 1093 2598 Infirmis
1104 2577 1182 2612 ergo
1194 2578 1268 2600 mos
1278 2567 1437 2612 gerendus
1449 2567 1502 2606 est,
1513 2580 1582 2602 uon
1595 2567 1779 2615 praeftaffis.
1795 2569 1899 2609 Porro
1909 2568 1949 2603 fi*

109 2614 165 2646 nis
176 2622 241 2646 etat
253 2622 287 2644 vt
297 2624 353 2645 eos
363 2610 497 2645 Christo
508 2611 691 2645 adduceret:
703 2624 773 2645 non
784 2622 818 2646 vt
828 2610 886 2646 suo
897 2612 1080 2648 commodo
1092 2611 1288 2651 seruiret‚vel
1299 2617 1452 2650 retineret
1464 2625 1579 2650 eorum
1589 2615 1872 2652 beneuolentiatn.
1883 2611 1946 2653 His

109 2656 298 2694 addendum
308 2659 351 2693 est
361 2658 644 2699 tertium,nonnisi
655 2661 690 2694 in
701 2658 798 2694 rebus
808 2660 1010 2706 mediis‚quae
1019 2658 1144 2708 alioqui
1159 2663 1194 2695 in
1204 2660 1474 2707 libertate-nostra
1483 2662 1545 2700 fitae
1556 2658 1679 2702 sunnin
1686 2663 1788 2700 firmis
1797 2679 1873 2701 eum
1883 2666 1946 2701 ob—

110 2702 417 2743 secundaffe.'Nunc
432 2706 453 2741 fi
463 2706 705 2742 confideremus
716 2718 859 2754 quantus
868 2706 965 2742 fuerit
975 2710 1024 2743 vir
1038 2709 1170 2750 Paulus,
1180 2712 1238 2757 qui
1252 2709 1421 2757 hucusque
1430 2710 1460 2745 se
1470 2711 1609 2750 demisit,
1620 2710 1737 2748 nonne
1745 2715 1868 2762 pudere
1880 2718 1944 2750 nos*

108 2752 377 2793 .debet‚homines
389 2767 452 2803 prae
464 2754 524 2791 illo
534 2754 599 2789 fere
609 2755 720 2794 nihili,
736 2754 758 2790 fi
768 2755 867 2791 nobis
881 2756 1003 2791 addie'ri
1013 2755 1214 2792 fastidiamus
1222 2757 1374 2794 infirmos
1383 2783 1393 2798 ‚
1411 2757 1540 2808 illisque
1550 2760 1676 2808 aliquid
1685 2763 1864 2796 concedere
1873 2776 1945 2797 non

109 2805 144 2838 di
171 2811 306 2839 nentur?
346 2804 510 2839 Caeten‘un
522 2815 557 2838 vt
568 2802 709 2838 infirmis
721 2814 935 2852 attemperare
943 2817 1006 2839 nos
1017 2808 1179 2841 conuenit
1190 2830 1199 2843 ,
1212 2803 1392 2842 secundum
1403 2808 1558 2856 Apostoli
1569 2817 1768 2858 praeceptuin
1778 2829 1788 2849 ·‚
1801 2809 1898 2858 idque
1909 2813 1945 2844 in

110 2816 388 2889 xefius'mediiffi&
400 2854 436 2886 in
447 2864 524 2886 eoru
531 2850 842 2887 rnraedificationem:
863 2855 909 2886 ita
919 2865 1088 2901 perperam
1100 2854 1226 2889 faciunt
1236 2882 1247 2895 ‚
1265 2858 1323 2901 qui
1335 2867 1368 2890 vt
1379 2854 1541 2891 securitati
1551 2856 1612 2892 suae
1622 2856 1795 2893 consulant
1805 2882 1814 2896 ,
1827 2861 1945 2893 c'auen't

111 2899 292 2935 hominum
303 2895 550 2940 offensiones‚&
562 2903 675 2947 potius
684 2900 918 2948 improborum
930 2903 1030 2947 quam
1042 2901 1234 2937 imbecillit‘i.
1251 2903 1307 2938 Bis
1319 2910 1428 2938 autem
1440 2911 1577 2952 peccant
1587 2908 1726 2953 quinon
1739 2902 1946 2953 distinguunt

108 2945 198 2984 'inter
211 2961 259 2983 res
270 2946 493 2984 indifferentes
503 2961 539 2983 ac
550 2947 682 2984 illicitas
693 2963 700 2983 :
722 2948 865 2996 ideoque
876 2963 946 2984 non
957 2948 1109 2984 dubitant
1129 2953 1162 2984 iu
1175 2950 1355 2987 hominum
1367 2955 1504 2999 gratiam
1515 2964 1563 2987 res
1572 2955 1589 2988 ὲ
1598 2956 1751 2989 Domino
1763 2953 1944 3001 prohibitas

114 2991 281 3044 suscipere.
290 2998 352 3031 Sed
361 2996 516 3031 cumulus
528 2996 607 3032 mali
616 2997 765 3044 est‚qub,d
774 2997 835 3032 hac
845 2995 938 3032 Pauli
949 2996 1106 3033 sententia
1116 2995 1300 3033 abutuntur
1316 3001 1355 3033 ad
1366 3001 1578 3036 excusandam
1590 3014 1725 3049 prauam
1743 3000 1831 3035 suam
1842 3000 1942 3034 simu-

112 3041 285 3081 lationem.
295 3044 418 3080 Verum
431 3044 528 3092 siquis
541 3048 602 3080 tria
613 3042 668 3081 illa
677 3046 869 3094 teneatquae
883 3044 1027 3081 breuiter
1044 3050 1223 3085 annornm,
1235 3050 1440 3106 inpromptu
1458 3047 1592 3086 habebit
1602 3063 1670 3095 quo
1680 3062 1734 3083 eos
1749 3048 1883 3082 refellat.
1903 3049 1943 3082 Et

114 3093 299 3128 notandum
312 3094 355 3128 est
363 3092 502 3128 verbum
513 3091 606 3140 quod
617 3097 651 3128 in
661 3091 803 3130 clausula
812 3096 921 3142 ponit.
931 3094 1071 3128 ostendit
1082 3093 1173 3129 en’iin
1184 3098 1343 3142 quorlum
1355 3109 1471 3132 omnes
1481 3098 1636 3132 studuerit
1647 3095 1943 3133 lucrifaceremem*

109 3185 111 3187 ι
140 3151 156 3173 e
166 3141 201 3175 in
211 3153 327 3187 eorum
336 3139 483 3187 salutem.
501 3143 707 3190 anuam
718 3139 773 3177 hic
784 3142 922 3188 demum
939 3138 1125 3190 generalem
1134 3140 1331 3182 sententiam
1341 3155 1501 3193 temperat
1510 3171 1521 3185 ,
1539 3144 1598 3179 nili
1607 3144 1691 3178 forte
1704 3146 1806 3191 snagis
1817 3143 1943 3199 placeat

114 3152 216 3222 festio
226 3186 349 3224 Veteris
360 3189 634 3238 interpretis,quae
643 3186 750 3225 adhuc
761 3185 860 3224 hodie
870 3191 904 3227 iu
915 3182 1110 3238 quibusdam
1125 3185 1238 3237 Grecis
1247 3191 1418 3235 codicibus
1431 3195 1598 3240 reperitur.
1608 3193 1697 3229 Nam
1708 3191 1773 3236 hoc
1784 3198 1880 3225 etiam
1892 3192 1945 3226 lo*

114 3248 156 3271 co
165 3238 467 3283 repetit‚vtomnino
476 3237 725 3284 aliquoi-fimena.
736 3237 798 3271 Sed
809 3241 887 3289 quia
896 3232 1034 3275 successu
1047 3239 1213 3285 interdum·
1224 3237 1328 3274 careri
1333 3240 1525 3287 ndulgentia
1543 3243 1636 3276 euius
1648 3237 1764 3273 Paulus
1775 3243 1942 3277 meminit,

108 3283 243 3369 {ptime
252 3287 412 3366 colnuenit
421 3287 489 3320 haec
502 3283 673 3322 restriffiot
682 3285 907 3334 quanuis'non
917 3283 1089 3333 proficeret
1099 3287 1186 3338 apud
1194 3300 1324 3327 omnes,
1340 3301 1411 3323 nou
1423 3300 1532 3323 tamen
1543 3285 1691 3321 destitisse
1701 3289 1784 3336 quin
1795 3290 1941 3338 paueotsi

160 3343 228 3367 tem
239 3334 285 3367 vti
303 3334 373 3366 itati
383 3332 576 3368 consuleret.

167 3396 186 3421 2
191 3395 210 3434 3
270 3387 339 3424 Hoc
347 3392 463 3423 autern
462 3382 557 3438 fitcio
559 3395 700 3441 propter
708 3378 1185 3442 Euangeliumffltparticepi
1194 3382 1375 3438 eiusfiam.

1962 2630 2132 2671 Μ’ωςλέψ

1696 3446 1729 3490 13·
1764 3442 1785 3484 i
