2268 3705
237 125 296 162 334
756 107 1506 158 IN‘EPIST-PAVLI

244 181 396 231 Oblique
406 177 520 218 tamen
532 184 566 217 &
577 180 768 216 Gentilium
778 184 993 217 vocationem
1005 185 1039 216 &
1057 182 1243 217 ludaeorurn
1254 183 1473 216 reiectionem
1486 178 1644 215 insinuat:
1655 180 1735 227 quia
1744 179 1780 214 hi
1790 179 1936 217 naturali
1943 181 2093 232 prosapia

244 234 443 282 gloriantur,
461 231 512 265 illi
524 232 600 265 verb
611 229 673 266 fide
685 242 799 279 praeter
810 231 995 265 humanam
1007 229 1198 264 facultatem
1209 229 1295 264 fiunt
1306 226 1482 277 spiritualis
1493 228 1632 265 Abrahae
1644 226 1783 263 soboles.

295 294 340 326 24
391 282 482 315 Nam
490 278 815 328 duaefimtpaffiones.)
865 280 946 313 Ideo
969 277 1012 312 sic
1022 278 1195 313 transferre
1207 276 1311 312 malui
1321 300 1331 315 ‚
1357 291 1399 312 ne
1409 278 1598 325 perderetur
1610 280 1714 326 gratia
1724 276 1961 313 similitudinis.
1974 279 2098 315 Paulus

247 333 341 365 enim
354 330 434 364 duas
444 327 709 363 azaerna‘duabus
722 325 882 362 matribus
896 338 1077 374 comparat.
1092 328 1224 360 Durum
1239 326 1283 360 est
1304 329 1339 360 in
1350 327 1470 360 neutro
1481 337 1600 372 genere
1613 327 1846 361 testamentum
1858 330 1970 361 vocari
1980 331 2094 363 matri.

248 380 418 414 Pac'tionis
429 381 541 424 itaque
550 389 678 412 nomen
688 379 807 424 aptius.
821 387 882 409 nec
892 375 970 408 verb
982 386 1050 408 tam
1060 374 1231 421 elegantia:
1240 376 1340 421 quam
1353 372 1577 422 perspicuitati
1586 375 1704 410 studui.
1714 374 1818 408 Porro
1831 377 1897 409 iam
1909 388 1978 410 rem
1991 376 2095 423 ipsam

250 427 521 474 proponit,qubd
536 425 614 460 sicut
625 428 659 459 in
672 426 776 459 domo
789 422 926 456 Abrahae
935 422 1005 456 duae
1019 434 1146 457 matres:
1161 426 1205 456 ita
1216 427 1317 457 etiam
1328 425 1363 457 iii
1376 421 1515 457 Ecclesia
1528 409 1770 460 DffissDoc'trina
1785 426 1875 458 enim
1887 436 1989 458 mater
2001 426 2097 463 est‚ex

251 488 319 522 qua
329 489 392 510 nos
401 477 492 510 Deus
503 485 646 522 generat.
658 485 693 506 ea
703 473 746 506 est
756 470 1021 518 duplex,Legalis
1032 474 1066 505 &
1078 471 1286 519 Euangelica.
1297 471 1427 518 Legalis
1437 468 1641 552 inge-ruituri
1651 482 1783 518 gent-rat
1795 485 1804 505 2
1815 473 1858 506 est
1868 475 1970 522 igitur
1978 472 2095 508 similis

249 527 352 570 Agar.
363 525 440 558 Sara
450 535 562 557 autem
581 520 785 568 repraesentat
798 519 971 553 secundam
983 542 993 556 ‚
1015 531 1088 566 quae
1100 531 1233 566 generat
1246 523 1281 554 in
1300 520 1464 554 libertatei
1496 518 1703 564 {quanquam
1714 519 1835 554 Paulus
1845 520 1944 560 altius
1954 522 2095 560 orditur,

249 575 396 620 priorem
409 582 546 606 matrem
557 570 678 603 faciens
689 570 777 605 Sina,
784 565 855 601 secu
862 568 960 601 udam
973 568 1051 602 verb
1069 567 1256 605 Ierusalem:
1265 569 1339 602 ideo
1350 567 1428 601 sicui
1441 565 1592 601 subtilius
1603 579 1752 601 excutere
1762 567 1890 615 singula
1908 568 2020 608 libeat,
2032 572 2096 605 Le—

250 632 327 666 gem
339 619 435 655 faciet
445 618 532 666 quasi
545 616 666 657 semen,
677 617 762 651 vnde
773 618 959 663 gignuntur
976 615 1037 650 filii
1046 618 1133 651 Sina:
1147 617 1380 663 Euaiigelium,
1391 616 1477 649 vnde
1488 618 1674 662 gignuntur
1686 613 1746 648 silii
1760 615 1942 665 Ierusalem.
1956 620 2016 652 Sed
2028 620 2096 654 hoc

249 658 337 702 iiihil
348 669 388 702 ad
400 667 562 702 summam
574 667 773 712 argumenti.
786 663 859 698 saris
873 665 917 698 est
928 663 949 698 si
962 676 1146 704 teneamus,
1159 667 1237 698 duas
1250 667 1584 712 pa&ioues,matrum
1595 664 1692 697 instar
1703 661 1816 700 esle‚ex
1826 666 1947 711 quibus
1958 666 2098 702 dissimi-

251 717 297 751 les
308 715 368 750 filii
380 715 567 750 nascuntur.
578 717 657 760 quia
666 715 779 761 pactio
790 712 919 760 Legalis
931 711 1039 747 seruos
1051 713 1140 751 facit,
1152 713 1354 759 Euaiigelica
1364 713 1497 747 liberos.
1527 713 1588 746 Sed
1598 712 1663 746 hoc
1674 722 1785 746 totum
1799 716 1906 760 prima
1917 713 2026 749 fronte
2036 716 2097 751 ab-

250 763 384 798 surdum
401 764 504 798 videri
513 760 612 810 possir
626 776 634 796 ι
655 764 733 808 quia
745 761 830 796 nulli
841 763 916 795 Deo
928 760 986 795 filii
998 764 1179 809 gignantur
1189 785 1199 799 ‚
1219 760 1280 796 nisi
1291 764 1325 796 in
1338 761 1524 796 libertatem
1537 773 1545 794 τ
1557 773 1656 806 quare
1671 759 1852 795 similitudo
1866 775 1936 805 non
1949 765 2095 809 quadrat.

250 812 464 860 Respondeo,
475 811 734 857 bisariam‚quod
749 812 828 844 dicit
839 809 1034 849 Paulus‚eile
1044 823 1251 844 vetum.nam
1265 811 1331 844 Lex
1344 810 1424 844 olim
1438 810 1510 843 suos
1522 808 1701 856 discipulos
1712 811 1747 842 in
1761 807 1950 844 seruitutem
1963 815 2092 858 genuit,

251 859 381 895 faustos
392 863 532 907 inquam
544 857 737 907 Prophetas,
751 862 784 892 &
796 858 941 904 reliquos
953 857 1072 893 fideles:
1083 873 1154 893 non
1166 871 1199 893 vt
1211 857 1294 893 serui
1305 857 1542 912 manereispsed
1553 861 1631 904 quia
1642 854 1699 891 sub
1711 859 1904 906 paedagogia
1916 858 1992 894 illos
2004 862 2096 896 Deus

249 909 289 943 ad
301 920 432 956 tempus
442 907 646 943 continebat.
657 906 804 940 Libertas
815 910 904 940 enim
916 905 1053 940 illorum
1062 906 1120 941 sub
1131 907 1205 941 velo
1216 909 1488 942 czeremoniarum
1502 910 1533 940 ὃ(
1547 908 1651 940 totius
1662 909 1873 941 oeconomiae:
1886 920 1952 954 qua
1960 919 2041 943 tunc
2051 922 2099 957 gu

249 956 483 994 bernabantur,
497 968 562 990 etat
574 955 764 990 abscondita
789 968 797 988 ι
811 957 846 988 in
856 965 986 989 externa
996 954 1100 1002 specie
1111 955 1198 990 ii‘ihil
1216 954 1275 989 nili
1285 955 1424 990 seruitus
1436 953 1621 1002 apparebat.
1633 956 1711 988 Ideo
1722 956 1803 988 dicit
1815 956 1934 990 Paulus
1953 957 2041 991 idem
2056 959 2098 993 ad

250 1008 427 1041 Romanos
437 1007 543 1053 capite
554 1008 611 1040 8.c.
624 1013 664 1047 15,
678 1004 761 1037 Non
773 1001 918 1036 hausistis
928 1006 1049 1037 iterum
1061 1002 1213 1052 spiritum
1223 1001 1390 1038 seruitutis
1402 1007 1436 1037 in
1448 1008 1617 1037 timorem.
1633 1015 1733 1049 quare
1744 1001 1847 1038 sanciti
1858 1003 1910 1039 illi
1921 1006 2098 1047 Patres,vt-

250 1067 384 1101 cunque
395 1056 486 1088 intus
501 1053 597 1087 liberi
613 1052 710 1086 ess'ent
720 1063 833 1085 coram
847 1052 932 1088 Deo,
946 1064 1082 1086 externo
1094 1063 1205 1086 tamen
1215 1050 1348 1099 aspedtu
1360 1051 1446 1086 nihil
1457 1049 1651 1086 differebant
1661 1054 1679 1085 a
1692 1049 1799 1086 seruis:
1816 1063 1916 1099 atque
1927 1061 1972 1087 ita
1984 1058 2099 1091 matris

250 1104 483 1137 conditionem
497 1099 689 1137 referebant.
718 1101 884 1133 Doctrina
895 1111 1005 1133 autem
1014 1101 1188 1148 Euangelii
1199 1112 1271 1134 tum
1283 1103 1318 1134 in
1330 1111 1424 1147 partu
1439 1098 1516 1133 filiis
1529 1098 1591 1133 suis
1602 1098 1732 1133 confert
1745 1099 1878 1147 plenam
1898 1100 2098 1143 libertatem,

250 1162 324 1185 tum
335 1149 513 1185 liberaliter
524 1162 579 1183 eos
591 1149 715 1182 educat.
737 1149 852 1181 Fateor
864 1159 976 1182 tamen
987 1172 995 1187 ,
1016 1148 1159 1183 Paulum
1172 1161 1383 1195 nequaquam
1396 1145 1450 1182 hic
1461 1147 1500 1181 de
1510 1146 1631 1182 talibus
1654 1146 1730 1182 filiis
1742 1148 1857 1195 loqui:
1877 1152 2101 1196 quemadmo-

251 1200 332 1233 dum
345 1198 468 1247 patebit
479 1210 516 1231 ex
527 1207 702 1231 contextu:
719 1209 796 1230 nam
807 1209 864 1243 per
875 1194 961 1230 filios
973 1198 1066 1234 Sina,
1083 1197 1272 1245 hypocritas
1283 1220 1292 1234 ‚
1311 1200 1370 1243 qui
1380 1197 1514 1230 tandem
1543 1199 1804 1230 exterminantur
1816 1211 1853 1231 ex
1861 1197 2002 1233 Ecclesia
2010 1202 2075 1236 Dei
2084 1227 2098 1243 ‚

234 1250 235 1253 ’
252 1251 288 1282 &
302 1247 495 1281 abdicantur
506 1246 691 1280 haeredirare
712 1268 722 1282 ‚
744 1243 773 1278 se
789 1243 979 1279 intellexiffc
991 1257 1144 1293 exponet.
1185 1248 1270 1291 Qge
1280 1247 1381 1292 igitur
1399 1246 1457 1279 ista
1468 1245 1512 1278 est
1522 1246 1691 1291 generatio
1703 1247 1738 1278 in
1749 1244 1960 1286 seruitutem,
1973 1248 2012 1282 de
2032 1262 2100 1296 qua.

252 1308 345 1330 nunc
355 1294 496 1342 disputat
516 1301 525 1325 ἓ
538 1306 659 1341 nempe
669 1306 784 1327 eorum
796 1296 855 1339 qui
867 1305 1035 1341 perperam
1048 1293 1232 1329 abutuntur
1241 1296 1347 1341 Lege,
1360 1305 1395 1327 vt
1405 1293 1491 1328 nihil
1504 1305 1541 1326 ex
1551 1305 1587 1326 ea
1597 1291 1656 1327 nisi
1667 1291 1782 1328 seruile
1795 1297 2000 1343 concipiant.
2012 1298 2046 1332 N

253 1343 296 1378 sic
307 1346 354 1391 pii
368 1345 476 1377 Patres
486 1345 544 1389 qui
556 1345 708 1376 vixerunt
719 1340 776 1375 sub
787 1344 898 1375 Veteri
908 1342 1115 1377 testamento.
1128 1356 1198 1377 non
1210 1345 1302 1377 enim
1314 1341 1516 1390 impediebat
1526 1338 1650 1375 seruilis
1661 1342 1756 1388 Legis
1768 1346 1938 1390 generatio
1949 1347 2034 1391 quin
2079 1360 2100 1382 a

253 1403 338 1426 trem
351 1390 508 1426 haberent
519 1389 690 1425 Ierusalem
701 1393 736 1424 in
747 1388 873 1438 spiritu.
884 1391 944 1424 Sed
955 1393 1058 1437 quiin
1070 1393 1160 1426 nuda
1168 1394 1256 1439 Lege
1269 1391 1403 1427 haerent2
1416 1393 1525 1436 n'eque
1536 1390 1761 1437 paedagogiam
1782 1389 1841 1425 effe
1852 1391 2022 1439 agnosct‘m
2033 1405 2101 1441 qua

254 1440 294 1474 ad
309 1440 479 1474 Christum
492 1440 654 1473 ducantur
665 1465 675 1478 ‚
695 1433 746 1472 sed
758 1440 869 1486 potius
880 1437 1087 1474 obstaculum
1102 1453 1140 1474 ex
1152 1452 1188 1474 ea
1199 1439 1258 1474 sibi
1271 1439 1396 1473 faciunt
1411 1453 1452 1473 ne
1460 1439 1499 1472 ad
1509 1438 1680 1472 Christum
1694 1442 1900 1486 perueniant.
1920 1441 1970 1475 illi
1983 1439 2057 1477 sunt
2065 1447 2099 1479 1-

256 1487 400 1526 staelirae,
415 1490 483 1522 nati
494 1488 534 1521 ad
544 1487 745 1521 seruitutem.
756 1485 882 1521 Rursus
893 1498 1003 1522 tamen
1016 1490 1156 1535 excipiet
1171 1486 1346 1536 quispiam,
1359 1500 1416 1521 cur
1426 1486 1504 1520 tales
1517 1499 1554 1520 ex
1566 1488 1630 1520 Dei
1641 1489 1798 1533 pactione
1808 1486 1893 1522 nasci
1903 1489 1990 1523 dicat
2002 1494 2100 1539 Apo·
2151 1523 2154 1527 ,

256 1536 409 1575 stolus‚&
421 1538 457 1570 in
467 1535 605 1570 Ecclesia
618 1533 754 1569 censeat.
768 1534 980 1582 Respondeo,
992 1534 1051 1570 esse
1060 1540 1208 1584 corrupti
1224 1534 1357 1570 seminis
1367 1536 1592 1569 adulterinum
1605 1535 1726 1569 semen:
1740 1548 1850 1582 neque
1860 1541 2007 1583 generari
2018 1551 2100 1587 pro-

257 1586 327 1633 prie
337 1586 354 1620 ὲ
365 1587 450 1625 Deo,
463 1583 515 1618 sed
525 1585 701 1631 degeneres
711 1582 770 1618 else
786 1586 821 1618 &
832 1583 921 1630 quasi
932 1583 1070 1632 spurios,
1082 1587 1141 1631 qui
1150 1587 1261 1619 Deum
1273 1584 1356 1618 falso
1366 1586 1495 1618 Patrem
1506 1586 1610 1618 citant
1624 1607 1634 1621 ‚
1643 1585 1660 1617 ὲ
1672 1596 1740 1630 quo
1749 1586 1977 1632 repudiantur.
1988 1588 2053 1623 hoc
2065 1602 2102 1622 e-
2118 1588 2120 1591 ’

256 1637 338 1668 tiam
350 1634 465 1668 eodem
479 1631 578 1666 titulo
591 1630 713 1666 censeri
725 1634 761 1666 in
772 1631 942 1667 Ecclesias:
954 1646 1026 1667 non
1036 1637 1116 1680 quia
1126 1632 1199 1666 vere
1208 1632 1269 1667 sint
1281 1636 1350 1667 eius
1364 1630 1579 1672 meinbra,sed
1590 1635 1668 1678 quia
1681 1632 1795 1666 locum
1812 1634 1850 1666 ad
1861 1644 1994 1683 tempus
2008 1635 2101 1671 vsur-

258 1693 352 1730 pent>
364 1686 397 1716 &
408 1682 516 1716 induti
526 1679 615 1715 larua
626 1681 804 1728 decipiant.
821 1680 996 1716 Ecclesiam
1007 1685 1098 1716 enim
1109 1680 1164 1716 hic
1175 1681 1357 1717 considerat
1367 1680 1551 1729 Apostolus
1560 1703 1570 1717 ‚
1581 1680 1690 1726 qualis
1702 1684 1848 1715 cernitur
1859 1685 1895 1716 in
1905 1683 1972 1717 hoc
1983 1685 2100 1720 mi‘ido.

257 1744 326 1778 qua
336 1731 376 1764 de
387 1743 421 1764 re
431 1743 508 1764 mox
518 1729 696 1763 dicendum
710 1732 780 1764 erit.

308 1789 343 1824 25
393 1779 481 1827 Agar
491 1778 566 1810 Sina
575 1789 658 1811 mons
670 1776 732 1823 est.)
771 1778 854 1814 Non
868 1781 1032 1813 immoror
1041 1781 1077 1813 in
1088 1777 1272 1814 refellendis
1281 1778 1425 1813 aliorum
1438 1775 1712 1825 expositionibus.
1724 1790 1802 1813 nam
1813 1777 1918 1813 futilis
1931 1779 1974 1813 est
1984 1782 2102 1815 conie-

258 1830 352 1863 &ura
362 1828 575 1872 Hieronymi,
585 1838 737 1862 montem
745 1828 824 1861 Sina
834 1827 1050 1863 binominem
1060 1826 1226 1862 fuiffeznec
1237 1829 1349 1862 minus
1359 1825 1485 1875 puerile
1497 1826 1726 1871 chrysostomi
1735 1827 2101 1875 commentum‚philo-

256 1875 428 1924 sophantis
441 1878 475 1909 in
485 1877 666 1909 nominum
677 1879 907 1923 congruentia.
917 1878 1006 1923 Agar
1017 1879 1108 1910 enim
1117 1878 1196 1911 Sina
1204 1874 1264 1911 esse
1273 1877 1406 1916 dicitur,
1417 1877 1496 1921 quia
1505 1885 1603 1922 typus
1612 1873 1649 1908 sit
1661 1874 1713 1908 vel
1725 1872 1839 1922 figura:
1852 1878 2101 1922 quemadmodii

254 1924 375 1960 Pascha
384 1935 450 1958 erar
459 1923 620 1957 Christus.
629 1922 735 1969 4situm
747 1926 847 1958 etiam
859 1928 985 1959 montis
996 1937 1053 1972 per
1063 1935 1299 1973 contemptum
1310 1926 1477 1972 exprimit.
1489 1926 1529 1957 ln
1537 1921 1798 1969 Arabia‚inquit,
1807 1925 1873 1958 hoc
1884 1925 1940 1962 est,
1962 1936 2048 1958 extra
2057 1925 2102 1961 li-

255 1976 354 2012 mites
364 1984 454 2007 terrae
465 1971 582 2007 sans&
591 1995 601 2009 ‚
614 1984 687 2018 quae
697 1970 887 2017 symbolum
897 1974 942 2007 est
960 1985 1086 2008 aeternae
1097 1973 1305 2008 haeteditatis.
1326 1975 1452 2007 mirum
1462 1995 1472 2010 ,
1486 1974 1522 2005 in
1532 1981 1605 2015 tam<
1613 1970 1770 2006 familiari
1778 1972 2003 2020 applicatione
2017 1974 2099 2008 adeo

253 2019 347 2056 fuiffe
357 2032 511 2055 erratum.
551 2023 606 2054 Ex
614 2019 741 2063 aduerss)
750 2030 852 2054 autem
860 2019 1022 2070 respondet.
1058 2023 1122 2056 Pro
1133 2034 1202 2068 quo
1212 2024 1315 2058 Vetus
1325 2024 1486 2068 interpres
1495 2018 1867 2056 reddidinConiunetus
1877 2021 2096 2061 estzErasmus,

253 2068 422 2104 Confinis:
438 2070 652 2117 ego-vitandae
664 2067 872 2103 obscuritatis
904 2069 997 2104 causa
1005 2068 1046 2104 fic
1059 2069 1220 2104 transtuli.
1233 2071 1373 2104 Certum
1386 2070 1430 2103 est
1441 2070 1532 2103 enim
1543 2081 1614 2102 non
1627 2067 1665 2103 de
1684 2069 1954 2116 propinquitate,
1966 2083 2028 2104 nec
2037 2069 2099 2107 situ

255 2117 412 2153 locorum
424 2116 478 2152 hic
494 2116 696 2165 Apostolum
706 2116 841 2159 sensisse,
850 2117 902 2152 sed
911 2119 950 2152 de
959 2117 1188 2155 similitudine,
1199 2121 1234 2152 iri
1245 2117 1348 2166 figura
1361 2130 1463 2164 quam
1474 2119 1602 2151 tractat.
1614 2113 1737 2159 σῦςοιχιι
1754 2120 1844 2152 enim
1856 2118 2012 2152 dicuntur
2023 2132 2097 2166 quae

255 2169 302 2202 ita
311 2165 385 2200 sunt
395 2167 512 2200 ordine
521 2164 685 2200 collocata
697 2189 706 2203 ,
729 2178 764 2200 vt
776 2178 932 2201 mutuum
943 2169 1029 2201 inter
1044 2166 1074 2201 se
1084 2163 1266 2214 respectum
1278 2167 1430 2200 habeant:
1444 2170 1477 2199 &
1489 2166 1620 2207 συςοιχὶει
1632 2176 1699 2200 tam
1713 2167 1748 2199 in
1760 2164 1932 2200 arboribus
1943 2166 2045 2212 quam
2059 2170 2097 2203 in

255 2214 328 2249 aliis
336 2238 347 2252 ,
362 2215 406 2249 est
416 2213 600 2261 composita
608 2214 648 2247 ad
658 2215 773 2248 iustam
786 2218 1042 2262 proportionem
1052 2213 1155 2250 series.
1165 2216 1288 2249 Eodem
1302 2227 1381 2262 ergo
1393 2212 1485 2248 sensu
1495 2215 1577 2249 dixit
1589 2224 1741 2248 montem
1751 2215 1829 2250 Sina
1839 2215 1972 2257 συςοιχέῖν
1982 2218 2011 2249 ei
2022 2228 2097 2262 quae

256 2275 349 2298 nunc
360 2263 404 2297 est
413 2261 599 2302 Ierusalem,
611 2275 680 2308 quo
691 2263 883 2297 Aristoteles
893 2263 1117 2299 rhethoricam
1129 2262 1188 2298 esse
1199 2263 1376 2299 dialectica:
1385 2265 1538 2306 α’ντὶςρρφον
1548 2261 1668 2296 scribit.
1692 2262 1913 2310 metaphora&
1923 2262 2034 2308 lyricis
2043 2264 2094 2298 sii-

258 2322 327 2359 pta‚
339 2310 460 2358 quibus
471 2313 572 2345 moris
583 2322 649 2344 erat
660 2323 698 2344 ex
707 2309 841 2346 aduerso
853 2313 989 2347 statuere
1000 2323 1106 2359 partes
1115 2313 1206 2349 duas,
1216 2324 1357 2359 quarum
1368 2325 1433 2346 vna
1442 2310 1535 2346 alteri
1545 2313 1579 2345 in
1591 2322 1759 2345 concentu
1771 2309 1825 2344 res
1843 2312 2032 2346 onderet.1n
2044 2310 2096 2346 sti-

261 2373 316 2394 ma
326 2356 458 2403 σὐςοιχὶἔν
472 2358 559 2393 nihil
568 2358 656 2392 aliud
668 2360 711 2393 est
730 2372 830 2405 quam
843 2361 1051 2398 coordinari,
1070 2371 1105 2394 vt
1119 2363 1163 2394 ita
1172 2360 1298 2407 loquar.
1327 2360 1448 2394 Verum
1459 2371 1517 2394 cur
1527 2357 1715 2406 praesentem
1725 2324 1899 2393 Ierusjalem
1912 2363 2093 2408 componit

258 2420 337 2443 cum
349 2420 465 2443 monte
479 2409 577 2442 Sina?
600 2406 744 2441 Tametsi
753 2407 931 2454 aliquando
943 2408 992 2443 fui
1002 2411 1038 2443 in
1048 2412 1212 2445 contraria
1221 2411 1386 2456 opinione
1397 2432 1407 2446 ,
1425 2406 1578 2442 assentior
1588 2419 1699 2441 tamen
1711 2406 1952 2453 Chrysostomo
1963 2412 1997 2443 δέ
2007 2410 2094 2443 Ain-

258 2455 381 2497 brofio‚
392 2457 498 2503 quide
511 2466 638 2490 terrena
645 2455 819 2490 Ierusalem
831 2467 1022 2503 exponunt:
1036 2461 1069 2491 δι
1080 2455 1216 2503 quidem
1226 2481 1235 2494 ‚
1251 2469 1286 2491 vt
1296 2469 1377 2492 tunc
1388 2457 1426 2492 ad
1437 2455 1588 2490 seruilem
1600 2455 1789 2493 destrinain
1808 2460 1843 2491 &
1855 2455 1983 2492 cultum
1994 2458 2093 2505 dege-

260 2516 439 2539 nerauerat.
449 2505 524 2538 ideo
533 2505 626 2541 dicit,
637 2505 711 2551 Qua
720 2516 799 2537 nunc
806 2504 853 2549 est.
865 2505 1031 2540 Debuerat
1045 2507 1135 2539 enim
1146 2508 1224 2542 viua
1234 2504 1293 2540 esse
1303 2507 1416 2553 imago
1428 2503 1560 2542 caelestis
1570 2502 1756 2542 Ierusalem,
1767 2507 1801 2538 &
1813 2504 1902 2540 illius
1914 2507 2093 2552 ingenium

259 2555 452 2599 exprimere.
463 2553 524 2587 Sed
533 2551 640 2599 qualis
650 2564 744 2588 nunc
757 2553 818 2593 est,
830 2555 943 2599 inquit
952 2577 961 2591 ‚
979 2553 1176 2588 relationem
1188 2553 1285 2588 habet
1296 2555 1336 2588 ad
1348 2565 1500 2588 montem
1508 2551 1733 2587 Sina-tametsi
1744 2552 1898 2588 locorum
1909 2553 2092 2590 interuallis

258 2601 390 2639 distant,
402 2599 475 2635 sunt
485 2612 596 2634 tamen
610 2599 741 2648 prorsus
755 2601 888 2638 similes,
901 2606 934 2636 ὅ(
947 2601 1069 2636 habent
1079 2605 1164 2637 inter
1175 2600 1204 2636 se
1214 2602 1394 2650 perfectam
1404 2601 1638 2648 symmetriam.
1647 2601 1699 2635 Est
1718 2599 1905 2647 grauiffima
1915 2602 2093 2649 exprobra-

260 2651 311 2683 tio
329 2647 478 2684 aduersus
488 2649 614 2683 Iudaeos
625 2672 633 2686 ‚
649 2649 736 2695 quia
747 2652 850 2696 gratia
859 2650 1048 2685 excidissent
1058 2676 1068 2690 ,
1080 2650 1286 2697 matremque
1298 2651 1455 2686 haberent
1467 2662 1538 2684 non
1549 2650 1658 2683 Saram
1669 2672 1679 2686 ,
1701 2647 1753 2683 sed
1765 2648 1983 2684 adulterinam
2001 2653 2092 2686 leru-

259 2695 357 2731 sal<':m
367 2720 377 2734 ‚
399 2697 574 2743 gemellam
585 2695 732 2732 sororem
742 2700 848 2746 Agar:
866 2699 1009 2746 proinde
1019 2697 1102 2733 serui
1119 2711 1157 2732 ex
1168 2699 1257 2734 serua
1268 2701 1338 2734 nati
1356 2724 1367 2738 ,
1388 2697 1575 2747 quamlibet
1586 2696 1798 2745 superciliose
1825 2699 1985 2732 iactarent
2002 2697 2032 2732 se
2043 2700 2091 2733 A-

257 2745 366 2780 brahae
378 2743 475 2779 filios.
1472 2747 1476 2752 ’

305 2797 347 2828 26
395 2794 469 2839 Qae
478 2803 579 2827 autem
581 2795 696 2838 fitrficm
707 2792 770 2836 est.)
818 2792 988 2828 Caelestem
999 2805 1096 2828 vocat
1105 2821 1114 2834 ‚
1126 2808 1197 2829 uon
1207 2808 1279 2841 quae
1289 2795 1370 2830 caelo
1381 2794 1417 2830 sit
1429 2794 1558 2831 inclusa
1567 2819 1578 2833 ‚
1598 2808 1669 2830 non
1681 2806 1752 2840 quae
1763 2792 1799 2827 sit
1814 2793 1980 2839 querenda
1999 2805 2088 2830 extra

260 2842 440 2877 mundum.
453 2844 496 2877 est
505 2843 596 2876 enim
605 2840 719 2876 diffusa
729 2840 867 2877 Ecclesia
877 2853 933 2889 per
943 2852 1054 2877 torum
1065 2843 1194 2884 orbem,
1208 2847 1241 2878 δε
1253 2847 1288 2879 in
1297 2855 1381 2878 terra
1393 2847 1627 2891 peregrinatur.
1648 2843 1719 2876 Cur
1729 2854 1807 2889 ergo
1820 2840 1926 2876 ecaelo.
1936 2840 1995 2875 esse
2005 2843 2090 2878 dici-

255 2903 310 2925 tur
320 2898 329 2923 ?
340 2893 418 2937 quia
427 2892 594 2938 originem
607 2889 703 2924 habet
712 2891 730 2924 a
739 2892 841 2937 gratia
850 2888 969 2933 celesti.
981 2904 1053 2926 non
1064 2893 1155 2926 enim
1166 2905 1203 2925 ex
1215 2904 1312 2927 carne
1322 2897 1355 2927 ἃ
1367 2890 1525 2939 sanguine
1535 2890 1596 2926 filii
1606 2892 1675 2925 Dei
1688 2889 1875 2927 nascuntur,
1885 2887 1936 2923 sed
1946 2892 2088 2938 Spiritus

256 2937 360 2974 sancti
369 2941 500 2973 virtute.
510 2937 682 2972 Ierusalem
695 2951 774 2985 ergo
784 2936 922 2981 celestis,
932 2951 1004 2984 quae
1015 2941 1218 2987 principium
1234 2940 1251 2974 ὲ
1262 2941 1340 2974 caelo
1351 2939 1449 2974 habet
1461 2963 1472 2977 ‚
1483 2943 1517 2976 ὃς
1528 2938 1589 2973 fide
1599 2937 1723 2973 sursum
1734 2937 1871 2974 habitat,
1883 2937 1939 2971 i-lla
1949 2940 1992 2973 est
2007 2938 2089 2975 fide-

254 2987 340 3022 lium
351 2998 463 3022 mater.
482 2986 590 3020 Habet
598 2988 688 3020 enim
699 2984 809 3020 semen
823 2987 897 3020 vitae
907 2987 1161 3035 incorruptibile
1170 2989 1258 3036 apud
1269 2987 1298 3022 se
1307 2987 1506 3036 depositum,
1519 3000 1588 3033 quo
1601 2999 1662 3020 nos
1672 2984 1794 3020 format
1803 3009 1812 3023 ,
1824 2985 1916 3020 fouet
1927 2988 1962 3021 in
1979 2999 2085 3027 vtem,

256 3036 322 3069 edit
343 3039 378 3070 in
389 3034 510 3070 lucem.
527 3035 626 3069 habet
636 3035 747 3068 eadem
761 3033 810 3069 lac
822 3038 856 3069 &
865 3034 979 3069 cibum
991 3058 1000 3074 ‚
1021 3048 1091 3082 quo
1103 3049 1292 3084 procreatos
1314 3036 1475 3085 perpetuo
1486 3034 1554 3070 alit.
1573 3036 1622 3069 En
1635 3045 1693 3069 cut
1701 3033 1840 3069 Ecclesia
1850 3047 1986 3069 vocetur
2002 3035 2087 3071 fide-

246 3083 340 3118 lium
354 3094 474 3118 mater:
485 3081 559 3118 sane
571 3085 630 3129 qui
642 3079 764 3117 recusat
777 3080 836 3116 esse
846 3082 985 3125 Ecclesie
995 3081 1094 3122 filius,
1105 3086 1218 3120 Deum
1228 3084 1343 3119 frustra
1351 3086 1478 3118 Patrem
1490 3083 1609 3117 habere
1620 3085 1744 3129 expetit
1762 3096 1887 3130 :neque
1898 3086 1987 3118 enim
2003 3110 2014 3125 ,
2024 3084 2087 3122 nisi

256 3145 312 3179 per
329 3131 474 3174 Ecclesiae
485 3132 704 3166 ministerium
721 3154 732 3168 ‚
740 3132 832 3165 Deus
842 3129 900 3165 sibi
910 3129 997 3165 filios
1007 3144 1140 3178 generat
1149 3156 1160 3172 ‚
1173 3137 1206 3167 &
1218 3132 1308 3167 tollit
1318 3134 1426 3168 donec
1434 3130 1619 3166 adolescant
1630 3153 1639 3168 ,
1651 3135 1685 3165 ὄῑ
1699 3134 1894 3179 perueniant
1904 3133 1943 3166 ad
1955 3132 2085 3169 virilem

255 3179 356 3226 vsqim
366 3191 506 3215 aztatem.
523 3179 717 3215 Praeclarum
727 3178 814 3213 certe
831 3177 977 3213 Ecclesiae
992 3183 1186 3216 encomium
1196 3207 1206 3222 ‚
1219 3185 1253 3215 δε
1265 3184 1300 3216 in
1313 3183 1431 3229 primis
1441 3178 1678 3214 honorificum.
1709 3180 1771 3214 Sed
1783 3182 1889 3227 inepti
1902 3179 1977 3215 sunt
1986 3183 2085 3229 Papi-

256 3228 319 3265 stae‚
332 3232 365 3262 &
375 3228 426 3262 bis
436 3230 541 3275 pueri,
552 3230 611 3274 qui
622 3227 705 3262 illud
717 3226 906 3262 obtendunt
915 3228 953 3260 ad
965 3240 1026 3261 nos
1036 3230 1232 3275 granandos:
1243 3242 1321 3264 narn
1332 3242 1437 3276 quum
1449 3239 1587 3262 matrem
1597 3226 1739 3262 habeant
1748 3227 2008 3275 adulteramque
2016 3231 2086 3264 dia-

253 3274 339 3310 bolo
351 3273 437 3309 filios
448 3279 482 3310 in
499 3287 641 3311 mortem
653 3277 763 3323 gignit
774 3301 784 3316 ‚
796 3275 897 3321 quam
909 3273 1083 3310 absurdum
1095 3278 1138 3312 est
1148 3277 1311 3325 postulare
1322 3289 1355 3312 vt
1367 3276 1427 3312 filii
1436 3278 1501 3311 Dei
1510 3274 1559 3309 illi
1572 3274 1601 3309 se
1612 3275 1786 3310 crudeliter
1801 3277 1968 3312 necandos
1977 3278 2087 3313 dedit?

257 3325 399 3368 Qnto
411 3323 598 3358 honestiore
608 3331 759 3372 pretextu
767 3321 1036 3369 lerosolymitana
1044 3321 1208 3372 synagoga
1221 3324 1385 3373 superbire
1394 3336 1475 3359 tunc
1485 3335 1625 3371 poterat,
1637 3327 1737 3371 quam
1747 3325 1847 3361 hodie
1855 3327 2025 3360 Romana?
2037 3328 2086 3360 vi-

259 3371 374 3406 demus
384 3383 495 3406 tamen
505 3383 538 3406 vt
548 3373 669 3408 Paulus
680 3371 752 3408 eam
763 3374 860 3409 omni
869 3383 999 3407 exutam
1008 3374 1179 3412 ornatu,in
1189 3373 1308 3409 sortem
1318 3376 1406 3422 Agar
1416 3374 1555 3415 reiiciat.

1924 3431 1966 3465 27
2013 3423 2098 3469 Scri}
2134 3404 2136 3406 V

2230 3634 2240 3705 ›vn-142
2236 3620 2241 3627 .
2234 3588 2237 3593 -
2235 3547 2240 3559 a
