2268 3705
655 107 773 158 'AD
823 105 1162 156 coross-
1212 111 1383 158 CAP-
1432 112 1463 158 1-
1891 125 1958 171 ,μς

116 190 230 225 omnia»,
243 183 528 233 quemadmodum
537 183 637 217 tertio
647 181 721 230 post
733 179 824 215 versu
835 184 1083 230 primogenitus
1092 193 1131 216 ex
1142 192 1284 216 mortuis
1295 182 1427 220 dicitur,
1437 184 1515 229 quia
1526 181 1585 232 per
1601 183 1707 232 ipsum
1719 188 1920 238 resurgimus
1927 207 1971 229 0..

118 248 223 272 mnes.
235 236 322 282 Ergo
332 246 402 268 non
418 233 492 266 ideo
502 230 633 265 tantum
643 231 996 278 primogenitus‚quod
1005 241 1156 277 tempore
1163 228 1353 277 praecesserit
1362 243 1481 266 omnes
1492 243 1665 272 creaturas,
1673 233 1722 269 sed
1733 243 1812 284 quia
1823 243 1857 274 m
1869 241 1935 276 hoc
1945 244 1966 278 ὲ

116 285 211 319 Patre
227 282 263 317 stt
275 284 418 329 genitus,
429 291 465 314 vt
481 276 652 327 peripsum
664 279 895 313 conderentur:
908 278 1012 326 sitque
1022 277 1125 314 veluti
1134 277 1324 326 hypostasis,
1338 290 1394 314 aut
1404 278 1659 316 fundamentum
1670 290 1837 321 omnium.
1854 290 1963 325 Stulte

118 343 230 365 autem
243 331 383 366 Arriani,
393 330 450 375 qui
463 329 539 362 inde
553 326 847 367 ratiocinabantur,
858 323 920 361 esse
928 329 1032 375 igitur
1042 336 1235 363 creaturam.
1247 327 1368 375 Neque
1377 330 1468 366 enim
1479 329 1559 379 quid
1569 331 1604 363 in
1615 327 1680 377 scip
1687 330 1721 366 so
1729 332 1835 371 iichic
1844 339 1965 374 tracta-

117 390 182 417 tur,
195 376 246 414 scd
256 377 335 424 quid
346 379 380 411 in
390 374 599 411 aliiscfficiar.

175 430 214 461 16
261 423 407 471 Uifibtlia
418 429 456 465 6-
473 422 667 470 muifiba'lia.)
724 425 881 472 Superior
890 420 1010 458 diuisio
1034 422 1211 460 caelestiurn
1222 428 1256 459 &
1266 426 1466 461 terrestrium
1479 436 1641 473 vtranque
1650 426 1791 475 speciem
1810 443 1966 481 compte⁴

121 473 296 513 hendebar.
305 473 365 507 Sed
376 478 454 520 quia
463 472 501 506 de
513 471 653 520 Angelis
663 473 827 520 praecipue
837 472 904 506 hoc
915 468 1046 506 asserere
1057 470 1191 506 volebat
1200 473 1320 507 Paulus
1329 497 1339 511 ,
1365 485 1456 509 nunc
1467 473 1685 510 inuisibilium
1698 480 1864 514 meminit.
1880 482 1965 519 Non

121 527 223 572 igitur
233 520 339 557 solum
351 534 424 569 qua:
433 520 539 555 oculis
549 532 662 568 patent
672 520 808 555 caelestes
818 518 1038 558 creaturae,sed
1045 521 1145 554 etiam
1156 518 1337 568 spirituales
1349 534 1405 573 per
1416 522 1536 558 filium
1546 525 1610 558 Dei
1620 525 1756 567 condite
1768 524 1965 576 sunt.Qod

122 573 228 607 statim
243 570 399 617 sequitur,
411 570 481 602 Siue
490 569 600 609 throni,
615 574 680 603 διε.
690 569 827 617 perinde
837 567 924 603 valet
933 566 994 602 acsi
1003 568 1135 606 diceret,
1160 570 1352 616 Quocuque
1360 574 1501 606 nomine
1511 570 1711 607 censeantur.
1722 574 1781 607 Per
1791 574 1966 617 Thron'os,

123 620 223 666 quida
235 617 385 666 Angelos
398 616 603 665 intelligunt,
614 614 665 651 sed
676 630 739 664 ego
747 619 859 666 potius
871 614 994 651 caeleste
1005 615 1163 664 palatium
1176 617 1349 652 maiestatis
1361 619 1424 656 Dei
1434 617 1608 666 significari
1645 633 1704 655 uto
1713 647 1725 662 ,
1736 624 1827 673 quod
1835 637 1906 659 non
1918 627 1963 662 est

122 666 187 702 tale
207 666 442 701 somniandum
462 664 557 713 quale
567 664 673 712 potest
684 678 777 700 mens
797 665 905 700 nostra
915 676 1029 715 capere
1040 687 1050 702 ‚
1060 662 1112 700 sed
1121 664 1218 712 quale
1230 666 1308 700 Deo
1318 664 1377 717 ipsi
1386 670 1558 701 conuenit.
1569 633 1680 706 Sofem
1693 673 1726 704 δε
1738 671 1868 706 Lunam
1878 695 1890 710 ‚
1905 683 1961 708 ro·

120 715 262 763 tumque
272 713 342 750 caeli
350 725 503 750 ornatum
513 711 748 761 conspicimus:
759 712 810 747 sed
821 712 928 760 gloria
937 715 1032 764 regni
1041 714 1105 748 Dei
1115 714 1134 748 ὲ
1145 712 1236 749 sensu
1247 714 1360 749 nostro
1370 714 1414 749 est
1423 713 1705 764 absconditazquia
1716 718 1893 773 spiritualis
1902 723 1961 764 est,

125 769 161 800 ὗε
172 764 258 799 caelis
268 762 423 811 superior.
441 763 596 808 Denique
632 774 663 796 er
673 762 832 796 Thronos
849 759 1075 808 intelligamus
1094 760 1202 797 sedem
1213 760 1304 796 illam
1315 761 1416 797 beatae
1429 764 1689 800 immortalitatis
1700 792 1711 807 ,
1729 779 1801 813 quae
1810 768 1851 804 ab
1860 773 1960 805 omni

115 814 312 848 mutatione
323 812 368 847 est
376 821 535 858 exempta.
547 774 704 858 Resiquis
714 807 912 845 nominibus
920 807 1072 856 Angelos
1082 808 1307 858 proculdubio
1315 809 1469 858 designat.
1483 812 1550 846 Eos
1560 824 1655 852 vocat
1665 814 1851 860 potestates,
1862 821 1958 867 prin-

123 864 263 909 cipatus,
274 861 532 894 dominationes:
543 871 615 894 non
628 861 706 906 quia
715 861 892 907 proprium
901 857 1038 906 aliquod
1048 870 1189 906 regnum
1201 869 1370 894 exerceant
1378 881 1389 896 ,
1400 870 1456 894 aut
1468 862 1603 908 propria
1613 863 1736 897 virtute
1746 862 1807 898 sint
1816 867 1956 918 praediti:

124 907 176 943 sed
195 910 274 956 quia
283 909 424 942 ministri
443 905 517 945 sunt
527 908 663 942 Diuinae
673 908 831 956 potentia:
851 909 885 940 δέ
896 905 1150 944 dominationis.
1171 908 1223 941 Est
1232 919 1345 942 autem
1357 906 1511 943 vsitatum
1523 935 1532 949 ,
1549 920 1651 956 prout
1661 911 1730 944 vim
1740 909 1831 946 suam
1855 918 1958 951 exerit

121 957 218 992 Deus
229 959 264 991 in
274 958 442 994 creaturis,
450 966 582 990 eatenus
592 958 690 990 etiarn
702 955 741 990 ad
752 952 834 1002 ipsas
847 952 1013 989 transferri
1023 956 1092 990 eius
1101 958 1254 990 nomina.
1265 959 1312 990 Ita
1322 955 1410 991 solus
1421 958 1431 990 i
1457 956 1487 990 se
1498 961 1532 991 3<
1555 957 1730 994 Dominus
1739 962 1772 994 &
1782 961 1875 996 Pater
1885 976 1895 995 :
1905 962 1959 999 sed

123 1016 229 1053 patres
239 1016 375 1051 quoque
387 1007 420 1038 δέ
429 1005 574 1041 domini,
584 1004 833 1051 quosdignarur
846 1002 913 1037 hoc
924 1003 1066 1039 honore.
1077 1004 1159 1040 Inde
1172 1002 1209 1043 fit
1216 1015 1252 1039 vt
1260 1015 1328 1040 tam
1338 969 1461 1052 Angeli
1471 1007 1573 1052 quam
1583 1006 1709 1041 Iudices
1717 1007 1766 1045 dii
1774 1020 1961 1058 nuncupen

122 1063 187 1089 tur.
197 1051 430 1099 Qamobrem
441 1056 474 1086 &
484 1050 638 1087 hocloco
648 1051 875 1100 insigniuntur
883 1050 1006 1098 Angeli
1016 1050 1202 1101 magnificis
1211 1052 1341 1101 elogiis:
1351 1065 1423 1100 quae
1431 1053 1607 1092 declarant,
1621 1067 1693 1089 non
1704 1056 1785 1102 quid
1795 1069 1852 1104 per
1861 1057 1891 1094 se
1902 1072 1960 1098 va-

121 1101 211 1137 leant
224 1111 280 1136 aut
289 1098 431 1135 seorsum
442 1101 460 1134 a
470 1101 558 1139 Deo,
568 1098 619 1134 sed
630 1100 710 1148 quid
722 1112 777 1148 per
786 1099 862 1134 illos
873 1111 946 1146 agat
955 1101 1059 1137 Deus,
1070 1105 1105 1135 ὅ(
1116 1112 1197 1150 quas
1207 1100 1272 1135 illis
1282 1100 1473 1142 functiones
1484 1101 1693 1151 delegauerit.
1720 1105 1806 1151 Qae
1817 1108 1862 1140 ita
1871 1110 1961 1143 acci-

122 1162 199 1199 pere
207 1151 381 1186 conuenin
396 1159 432 1183 vt
439 1148 526 1183 nihil
536 1149 574 1183 de
584 1151 684 1184 vnius
698 1150 761 1183 Dei
773 1146 880 1196 gloria
889 1148 1086 1186 detrahatur,
1094 1161 1204 1196 neque
1213 1153 1303 1186 enim
1316 1152 1362 1184 ira
1371 1150 1460 1189 ssiam
1471 1153 1628 1189 virtutem
1645 1156 1876 1190 communicat
1886 1158 1962 1191 An-

122 1197 218 1249 gelis,
228 1208 264 1232 vr
274 1195 304 1232 se
314 1199 514 1233 imminuat:
538 1199 664 1232 nonita
675 1209 732 1245 per
741 1195 828 1245 ipsos
841 1207 1006 1243 operatur,
1015 1199 1247 1278 vtspotentiam
1258 1197 1324 1236 illis
1335 1196 1425 1233 suam
1436 1196 1593 1246 resignet:-
1612 1212 1684 1234 non
1695 1202 1739 1234 ita
1748 1203 1784 1236 in
1794 1201 1862 1237 illis
1881 1203 1960 1251 glo-

122 1249 206 1282 riam
216 1243 307 1280 suam
317 1244 389 1280 vult
400 1245 543 1280 relucere
553 1272 563 1286 ,
582 1256 618 1280 vt
629 1244 744 1293 inipso
754 1244 953 1280 obscuretur.
971 1245 1050 1278 Con
1066 1243 1139 1278 ulto
1147 1256 1258 1280 autem
1268 1245 1388 1281 Paulus
1399 1248 1444 1280 ita
1455 1246 1642 1288 honorifice
1654 1248 1784 1283 extollit
1804 1252 1959 1300 Angelo-

122 1307 199 1334 rum
209 1294 420 1343 dignitatem,
432 1308 474 1330 ne
485 1295 559 1341 quis
570 1305 662 1342 putet
673 1292 799 1328 obstare
810 1305 879 1340 quo
891 1294 1003 1326 minus
1011 1290 1098 1326 solus
1109 1291 1260 1328 Christus
1269 1293 1363 1342 supra
1374 1307 1430 1328 eos
1443 1297 1597 1331 emineat.
1608 1298 1724 1346 ltaque
1732 1297 1821 1345 quasi
1831 1312 1888 1348 per
1899 1314 1961 1339 mo

51 1354 59 1357 “
116 1340 206 1379 ¹⁴dum
217 1341 436 1377 concessionis
447 1340 501 1377 vsu
507 1353 576 1390 rpat
588 1341 655 1377 haec
664 1344 814 1377 nomina:
824 1340 885 1376 acsi
896 1342 1017 1375 diceret
1026 1365 1037 1381 ‚
1056 1339 1142 1374 nihil
1152 1341 1308 1389 derogare
1317 1342 1452 1377 Christo
1462 1354 1568 1384 totam
1579 1346 1696 1384 eorum
1715 1346 1960 1390 excellentiam,

117 1381 308 1439 'quamlibet
319 1388 498 1439 splendidis
509 1389 617 1425 titulis
627 1401 798 1425 ornentur.
809 1391 882 1436 Qi
892 1387 1042 1424 subtilius
1051 1386 1331 1437 philosophantur
1341 1393 1377 1424 in
1387 1389 1439 1424 his
1449 1390 1621 1425 vocabulis
1633 1415 1643 1429 ‚
1655 1404 1689 1426 vt
1701 1394 1833 1434 ordines
1842 1398 1959 1445 Ange-

122 1439 236 1476 lorum
247 1440 323 1474 inde
340 1437 486 1479 eliciant,
497 1437 645 1473 fruantur
656 1436 720 1474 suis
726 1438 865 1475 deliciis,
876 1435 928 1471 sed
937 1439 955 1472 ὲ
963 1436 1057 1472 Pauli
1074 1448 1186 1472 mente
1195 1438 1281 1473 certe
1292 1438 1411 1491 procul
1421 1438 1600 1476 discedunt.
1954 1443 1959 1447 ”

98 1519 103 1524 ,
170 1499 208 1531 17
253 1488 367 1521 Omnia
374 1499 429 1534 per
437 1487 529 1535 ipsum
539 1490 576 1526 ά*
585 1490 617 1521 in
627 1487 721 1536 ipfhm
729 1482 831 1520 creata
837 1488 933 1530 fiant.)
971 1487 1129 1530 Qtuor
1147 1487 1335 1522 rationibus
1347 1486 1494 1534 Angelos
1505 1487 1640 1523 Christo
1651 1486 1800 1530 subiicit:
1821 1493 1875 1528 Ne
1885 1496 1956 1530 eius

122 1535 264 1585 gloriam
276 1534 452 1570 obscurent
461 1561 472 1576 ‚
489 1537 568 1582 quia
576 1548 632 1582 per
644 1533 750 1583 ipsum
760 1532 835 1573 sunt
854 1535 963 1573 creati.
974 1533 1139 1572 Secunde,
1148 1537 1227 1581 quia
1236 1536 1275 1569 ad
1290 1535 1397 1583 ipsum
1408 1546 1568 1587 tanquam
1577 1537 1616 1570 ad
1635 1536 1821 1585 legitimum
1842 1539 1960 1582 finem,
1971 1583 1973 1585 Ι

120 1583 233 1619 referri
242 1583 337 1619 debet
347 1596 462 1620 eorum
471 1585 605 1618 creatio.
617 1584 746 1620 Tertio,
758 1582 849 1635 quod
860 1580 927 1631 ipse
937 1581 1063 1629 semper
1072 1580 1170 1616 fuerit
1180 1594 1357 1631 antequam
1367 1594 1561 1618 crearentur.
1576 1586 1721 1632 Qrto,
1734 1586 1827 1633 quod
1837 1602 1893 1624 eos
1904 1589 1958 1632 su-

120 1634 238 1669 stineat
250 1631 305 1667 sua
313 1635 444 1668 virtute,
461 1635 495 1667 &
507 1633 543 1665 in
555 1631 636 1665 statu
645 1629 826 1666 conseruet.
837 1632 1043 1678 anuam
1055 1643 1126 1665 non
1135 1631 1175 1664 de
1184 1630 1262 1667 solis
1269 1631 1407 1679 Angelis
1417 1631 1483 1666 hoc
1492 1629 1634 1667 affirmat
1642 1656 1653 1671 ,
1674 1633 1725 1669 sed
1734 1635 1774 1668 de
1785 1647 1859 1671 toto
1869 1650 1957 1685 quo-

120 1694 188 1729 que
198 1681 336 1716 mundo.
346 1682 393 1717 Ita
403 1679 525 1714 Filium
535 1680 599 1713 Dei
610 1681 646 1714 in
656 1678 825 1716 celsiffima
834 1679 975 1717 honoris
985 1675 1056 1713 sede
1066 1677 1211 1715 collocat
1221 1703 1232 1718 ,
1241 1691 1277 1721 vt
1285 1680 1447 1732 prasidear
1455 1691 1523 1719 tam
1532 1680 1674 1728 Angelis
1684 1683 1787 1737 quam
1804 1683 1959 1726 homini..

119 1728 196 1769 bus,
205 1727 368 1778 cog'atque
376 1730 413 1763 in
422 1727 575 1763 ordinem
587 1740 706 1762 omnes
715 1738 876 1763 creaturas
887 1729 923 1762 in
932 1725 1014 1762 caelo
1025 1730 1059 1761 &
1069 1728 1106 1761 in
1115 1738 1210 1762 terra.
1597 1731 1603 1736 ⁴
1954 1729 1960 1734 '

175 1810 218 1843 18
271 1808 320 1842 Et
325 1796 391 1856 ips}
400 1800 445 1856 est
450 1810 547 1857 caput
553 1802 699 1857 corporis
707 1800 864 1861 Ecclqfiae3
875 1797 1160 1862 ipsbprinct’piuw,
1165 1802 1413 1858 primogenitus
1419 1815 1466 1846 ex
1476 1805 1620 1848 mortuis
1632 1819 1641 1847 ε
1651 1805 1786 1860 ‘vtfitin
1793 1808 1954 1867 amnibus

119 1856 321 1917 'qli-primas·
327 1867 462 1896 tenens:

174 1926 215 1960 ¹9
267 1915 450 1968 Qoniam
462 1915 501 1953 in
508 1911 575 1969 ipsit
578 1912 708 1969 placuit
714 1909 1111 1966 omnemplenitudinem
1118 1910 1315 1954 inhabitare
1325 1928 1340 1961 ,·

172 1985 220 2009 20
276 1977 307 2010 Ε
309 1980 326 2006 t
328 1967 500 2024 peripstam
508 1969 720 2010 reconciliare
729 1966 917 2025 omniafibt'
928 1998 939 2014 ‚
945 1968 1155 2024 pacificanda
1156 1981 1222 2026 per
1218 1968 1425 2029 fingainem
1433 1976 1536 2014 crueir
1545 1977 1618 2013 eim
1626 2005 1638 2022 ,
1651 1986 1718 2031 per
1723 1973 1831 2031 ipspm
1844 2007 1855 2027 ‚
1881 1987 1961 2017 um

121 2023 383 2082 quaefimtfieper
393 2035 534 2072 terram,
544 2023 649 2084 quaint
659 2023 823 2083 quaefimt
828 2027 867 2065 in
877 2023 975 2066 αἰὲς.

167 2109 201 2141 18
239 2107 341 2154 Caput
349 2106 499 2154 corporis.)
547 2104 726 2151 Postquam
737 2102 933 2151 generaliter
940 2104 980 2138 de
990 2103 1117 2139 Christi
1137 2104 1330 2141 excellentia
1341 2104 1488 2144 disseruit
1498 2133 1508 2149 ‚
1519 2109 1626 2158 dique
1636 2109 1769 2146 summo
1779 2114 1849 2147 eius
1862 2115 1896 2147 in
1915 2112 1958 2150 ο,-’

120 2166 215 2191 mnes
225 2164 385 2188 creaturas
396 2155 595 2200 principatuz
606 2155 727 2187 iterum
739 2153 822 2187 redit
833 2152 872 2187 ad
881 2164 918 2186 ea
928 2164 1002 2199 quae
1013 2152 1220 2201 peculiariter
1230 2155 1269 2189 ad
1286 2155 1460 2194 Ecclesiam
1471 2156 1627 2205 speehnr.
1650 2162 1689 2194 ln
1699 2163 1839 2196 nomine
1849 2162 1956 2209 Capi-

121 2205 174 2241 tis,
190 2201 249 2237 alii'
257 2201 352 2250 plura
361 2200 582 2237 considerant<
589 2201 631 2234 Et
640 2201 727 2235 certe
736 2199 910 2246 aliquanto
918 2201 1003 2248 post,
1012 2202 1122 2236 eadem
1134 2202 1350 2239 translatione
1358 2215 1466 2239 vtetur
1476 2209 1512 2240 in
1522 2207 1612 2242 hunc
1622 2205 1762 2251 sensum,
1771 2208 1862 2256 quod
1873 2209 1956 2248 sicu-

121 2253 148 2285 ti
157 2261 254 2298 caput
269 2253 303 2284 in
312 2261 452 2296 corpote
462 2249 611 2287 humano
620 2252 691 2283 vice
701 2249 744 2282 est
755 2249 970 2289 radicis,vnde
979 2249 1088 2285 vitalis
1098 2249 1234 2288 facultas
1244 2254 1280 2287 in
1290 2255 1405 2287 omnia
1415 2254 1562 2295 membra
1570 2254 1776 2291 diffunditur:
1787 2260 1832 2291 ita
1840 2257 1956 2292 Eccle-

119 2297 170 2333 fiae
181 2301 282 2332 vitam
293 2297 452 2332 aChristo
463 2296 576 2338 fluere,
591 2300 655 2331 &c-
666 2296 732 2331 Hic
742 2296 821 2330 verb
832 2295 1050 2344 potissimum,
1061 2300 1272 2338 meoiudicio
1282 2300 1321 2334 de
1330 2300 1572 2349 gubernatione
1580 2303 1742 2351 loquitur.
1767 2307 1876 2341 Docet
1887 2309 1952 2354 igi-

119 2357 174 2381 tur
183 2344 354 2381 Christum
364 2345 424 2380 esse
433 2345 540 2380 solum
553 2348 610 2392 qui
622 2346 814 2393 potestatem
826 2344 944 2382 habear
953 2347 1100 2394 regendae
1107 2346 1266 2389 Ecclesiae‚
1274 2349 1313 2382 ad
1324 2361 1424 2396 quem
1435 2363 1541 2387 vnum
1549 2351 1705 2400 respicere
1722 2353 1862 2388 debeant
1872 2353 1954 2389 fide-

121 2394 180 2432 les,
195 2395 213 2428 a
221 2406 290 2441 quo
301 2394 438 2441 pendeat
448 2396 596 2442 corporis
608 2396 724 2428 vnitas.
735 2394 868 2441 Papistae
877 2395 956 2429 dum
968 2394 1050 2432 idoli
1061 2393 1109 2430 sui
1120 2397 1326 2442 tyrannidem
1337 2397 1476 2447 probare
1486 2399 1618 2438 volunt,
1631 2401 1808 2437 Ecclesiam
1817 2401 1955 2438 causan-

118 2453 175 2486 tur
188 2442 257 2477 fore
267 2441 409 2482 ἐκέφοιλον,
428 2441 488 2476 nisi
499 2445 584 2491 Papa
593 2453 754 2488 tanquam
764 2453 863 2490 caput
872 2444 907 2477 in
918 2455 955 2478 ea
967 2443 1285 2492 dominetur-,Atqui
1295 2459 1337 2480 ne
1349 2446 1487 2495 Angelis
1497 2450 1632 2494 quidem
1644 2449 1709 2485 hoc
1719 2450 1858 2486 honoris
1869 2463 1961 2486 con-

118 2492 205 2526 cedit
216 2490 336 2526 Paulus
351 2504 359 2524 z
377 2502 438 2525 nec
448 2501 555 2525 tamtn
564 2490 738 2525 Ecclesiam
757 2501 886 2527 truncat
897 2488 954 2525 suo
965 2494 1088 2542 capite:
1102 2494 1182 2540 quia
1191 2493 1342 2529 Christus
1351 2507 1386 2530 vt
1395 2496 1486 2530 hunc
1496 2497 1633 2532 titulum
1645 2497 1701 2532 sibi
1713 2499 1866 2534 vendicat
1881 2523 1892 2537 ‚
1909 2502 1955 2535 iea

117 2538 270 2575 officium
283 2539 355 2573 vere
366 2550 502 2575 exercet.
513 2539 587 2574 Nec
598 2551 651 2573 me
660 2538 738 2574 latet
747 2538 908 2577 cauillum
918 2551 988 2585 quo
998 2538 1174 2588 effugiunt,
1183 2542 1306 2589 Papam
1316 2555 1416 2591 caput
1425 2543 1484 2578 effe
1495 2545 1834 2582 ministerialeverrxm
1845 2551 1954 2596 magis

115 2588 293 2636 augustum
306 2588 349 2622 est
358 2588 408 2623 Ca
424 2590 487 2624 ‚itis
501 2600 641 2625 nomen,
651 2589 754 2634 quam
764 2598 800 2621 vt
814 2587 853 2621 ad
864 2586 1045 2624 hominum
1055 2591 1249 2638 quempiam
1261 2591 1448 2631 mortalem,
1456 2596 1578 2640 quouis
1591 2594 1705 2631 colore
1716 2593 1882 2634 transferri
1893 2598 1955 2631 de-

114 2635 200 2673 beat,
210 2633 334 2671 Christi
346 2648 409 2683 prae
423 2638 519 2670 ertim
531 2637 602 2670 iniu
608 2633 662 2669 ssu.
674 2634 857 2670 Modestius
867 2637 1059 2684 Gregorius,
1069 2639 1128 2684 qui
1137 2639 1273 2673 Petrum
1284 2637 1393 2674 scribit
1404 2643 1608 2690 praecipuum
1627 2644 1763 2690 quidem
1773 2642 1833 2679 esse
1842 2658 1952 2680 mem—
2087 2643 2103 2660 ‘

89 2682 91 2685 ¹
116 2683 215 2728 brum
226 2683 374 2719 Ecclesiae
383 2707 393 2721 ,
413 2683 523 2736 ipsum
533 2695 645 2720 tamen
658 2688 691 2719 ὅ(
701 2684 848 2730 reliquos
859 2684 1039 2735 Apostolos
1049 2683 1107 2721 sub
1120 2698 1187 2722 vno
1197 2689 1304 2735 capite
1313 2686 1372 2722 esl'e
1383 2689 1530 2727 membra
1541 2717 1552 2731 ,
1563 2693 1653 2739 epist.
1664 2703 1716 2735 92.
1729 2690 1788 2734 lib,
1797 2704 1833 2738 4.
1883 2694 1953 2742 Ipsb

117 2735 306 2781 principium.
344 2734 520 2778 Qoniam
529 2729 604 2774 «ἰρχέι
614 2733 779 2766 interdum
791 2733 911 2771 Graecis
922 2731 1024 2768 finem
1036 2732 1196 2782 significat
1206 2735 1275 2785 qub
1286 2740 1402 2771 omnia
1411 2736 1574 2774 referuntu
1580 2751 1606 2778 t,
1617 2739 1784 2793 possemus
1792 2743 1952 2789 accipere,

122 2778 292 2815 Christum
304 2781 371 2815 hoc
380 2781 484 2815 modo
495 2779 555 2816 esse
571 2782 656 2824 α’ρχήν
666 2794 674 2814 :
686 2780 776 2815 malo
785 2791 898 2816 tamen
909 2783 954 2816 ita
973 2781 1132 2818 resoluere
1159 2782 1252 2818 Pauli
1262 2783 1361 2819 verba
1370 2811 1379 2826 ‚
1397 2786 1491 2833 quod
1501 2785 1540 2821 sit
1549 2790 1755 2836 principium
1766 2813 1776 2828 ,
1796 2791 1874 2836 quia
1880 2791 1951 2837 pri-.-

123 2832 312 2875 mogenitus
324 2828 368 2863 est
378 2841 415 2864 ex
427 2831 578 2863 mortuis.
588 2841 664 2863 nam
678 2831 712 2863 in
725 2828 960 2865 resurreetione
969 2831 1014 2865 est
1022 2834 1132 2866 'rerum
1143 2834 1300 2870 omnium
1312 2833 1514 2880 instauratio:
1524 2847 1624 2889 atque
1633 2839 1678 2871 ita
1689 2839 1826 2872 initium
1835 2835 1953 2872 secun-

121 2877 167 2911 δε
187 2881 220 2911 ὅτ.
228 2890 318 2920 noue
326 2879 501 2912 creationis
510 2904 520 2917 ,
538 2880 617 2924 quia
626 2879 717 2925 prior
724 2875 866 2925 collapsa
877 2890 943 2912 erat
961 2881 996 2915 in
1007 2881 1102 2914 ruina
1112 2882 1213 2927 primi
1223 2878 1382 2917 hominis.
1401 2884 1492 2925 Quia
1500 2885 1603 2931 igitur
1613 2884 1762 2920 Christus
1780 2883 1952 2932 resurgen-

120 2925 164 2959 do
176 2947 186 2961 ‚
196 2936 335 2971 regnum
348 2927 412 2960 Dei
421 2924 607 2972 auspicatus
619 2927 663 2960 est
672 2949 683 2963 ‚
713 2927 834 2960 merito
844 2926 965 2964 dicitur
974 2930 1189 2975 principium:
1205 2931 1284 2975 qnia
1293 2939 1374 2964 tunc
1384 2931 1458 2966 vere
1468 2933 1650 2981 incipimus
1660 2932 1720 2968 esse
1731 2945 1843 2967 coram
1858 2933 1950 2972 Deo,

120 2984 226 3019 quum
237 2982 436 3008 renouamut
451 2986 487 3008 vt
500 2972 598 3012 simus
610 2985 876 3009 nouaecreaturae.
925 2979 1143 3022 Primogemtus
1152 2988 1195 3010 ex
1205 2979 1326 3011 mortuis
1337 2978 1457 3015 dicitur
1467 2993 1539 3015 non
1550 2981 1653 3015 modo
1664 2983 1742 3031 quia
1754 2983 1889 3028 ‘primus
1898 2994 1952 3016 re-.

121 3020 256 3061 surrexit
269 3044 278 3058 ‚
299 3020 349 3054 scd
359 3024 436 3068 quia
453 3023 592 3062 restituit
603 3025 704 3057 etiam
714 3021 786 3056 aliis
797 3025 911 3057 vitam.
927 3021 1007 3059 sicut
1016 3022 1097 3059 alibi
1115 3035 1255 3063 vocatur
1263 3027 1418 3072 primitiae
1436 3027 1688 3076 resurgentium.
1737 3030 1772 3063 V
1773 3039 1786 3061 t
1790 3030 1831 3076 fit
1848 3032 1950 3064 c›mm'-¹
1966 3033 2165 3078 ιεοπιςλῶδι

119 3067 189 3105 bus.
237 3069 314 3102 Inde
325 3069 506 3108 concludit,
517 3069 567 3104 illi
577 3081 765 3118 competere
775 3073 956 3118 primatum
966 3073 1002 3107 in
1012 3070 1183 3107 omnibus.
1194 3085 1272 3108 nam
1281 3072 1303 3107 si
1313 3075 1434 3110 author
1444 3077 1488 3110 est
1497 3079 1652 3112 omniurn
1665 3080 1698 3111 δε
1709 3077 1888 3115 restitutor,
1898 3080 1952 3116 iu-

121 3128 156 3154 re
166 3114 217 3150 illi
232 3115 341 3150 deberi
350 3116 439 3152 hunc
458 3117 623 3153 honorem
634 3119 772 3153 constat.
795 3120 1002 3166 anuam
1012 3118 1173 3167 particula
1180 3122 1220 3156 In
1229 3122 1408 3161 omnibus,
1431 3123 1582 3162 bifariam
1596 3125 1701 3173 potest
1711 3127 1836 3172 accipi:
1849 3126 1903 3160 vel
1913 3128 1951 3162 in

121 3176 240 3203 onmes
254 3175 432 3205 creaturas,
442 3166 495 3201 vel
504 3169 600 3214 omni
611 3169 646 3202 in
656 3178 699 3201 re.
719 3167 781 3202 Sed
790 3166 857 3202 hoc
868 3181 940 3202 non
953 3170 1068 3216 magni
1078 3166 1192 3204 refert:
1202 3172 1282 3218 quia
1292 3167 1482 3220 simpliciter
1507 3180 1673 3220 coguntur
1684 3175 1800 3211 omnia
1808 3171 1867 3209 sub
1878 3176 1951 3210 eius

119 3213 314 3261 imperium.
1188 3234 1190 3236 v
1219 3221 1222 3224 '

131 3296 139 3303 ,
170 3271 208 3303 19
257 3260 413 3309 Qoniam
420 3264 452 3294 in
459 3264 518 3311 ipso
524 3267 665 3312 placuit.)
714 3265 797 3309 Qo
807 3265 913 3311 magis
922 3262 1057 3300 firmum
1068 3265 1106 3301 sit
1115 3267 1207 3314 quod
1216 3268 1404 3315 praedicauit
1413 3268 1451 3302 de
1461 3266 1595 3302 Christo
1605 3291 1615 3306 ‚
1642 3280 1731 3304 nunc
1743 3281 1881 3317 quoque
1895 3271 1954 3306 ad-

122 3309 184 3348 dit,
195 3311 240 3343 ita
251 3306 353 3343 fixum
361 3310 426 3343 Dei
437 3312 644 3357 prouidentia
655 3311 756 3352 fuisse.
773 3313 812 3346 Et
823 3312 909 3346 certe
917 3323 954 3346 vt
964 3314 1156 3358 mysterium
1166 3316 1232 3351 hoc
1245 3327 1431 3350 reuerenter
1441 3315 1614 3350 adoremus
1622 3343 1633 3357 ‚
1662 3318 1703 3351 ad
1715 3316 1845 3353 fontem
1856 3318 1956 3355 illum

115 3370 188 3407 *⁸3⁰⁵
196 3356 478 3401 ¹⁶¹³oc315²²ssscffe
490 3359 628 3400 est.‘H0<;
637 3362 749 3411 iuquit
757 3361 829 3401 Dei
837 3359 952 3401 Gfifilio
961 3360 1088 3407 fastum
1097 3364 1142 3402 cst
1150 3374 1187 3401 vt
1198 3362 1362 3404 inhabitet
1372 3366 1408 3399 in
1419 3377 1458 3406 eq
1469 3366 1582 3400 omnis
1592 3363 1780 3414 plenitudo.
1791 3365 1958 3432 ln‘effiff’!

1992 3450 2017 3476 ’Χ

2014 3477 2021 3493 ’ἡ
