2268 3705
139 1883 230 1920 6114.
239 1879 309 1916 dm.

334 127 395 174 '5²‘
839 119 1710 174 1N11·EP18T0PAVL1⁷

360 204 466 241 quum
477 189 656 241 aliquoties
666 203 730 227 nos
740 188 836 226 Deus
851 189 981 227 liberat,
993 188 1059 223 hoc
1071 189 1174 223 modo
1185 187 1316 221 testatur
1326 185 1355 220 se
1367 184 1465 219 nobis
1477 185 1590 227 adeste,
1600 191 1635 221 &
1645 184 1746 235 porrb
1757 185 1959 222 adfuturum.
1984 201 2061 225 nam
2073 204 2110 225 ex
2121 203 2202 239 prae..

361 243 460 277 lentis
469 242 583 277 auxilii
595 239 685 276 sensu
707 239 760 274 vel
771 242 1000 287 experimento
1012 237 1132 271 fiducia
1141 236 1249 270 nostra
1260 237 1295 275 in
1308 233 1459 269 futurum
1472 236 1643 269 extendere
1653 235 1681 269 se
1691 235 1798 270 debet.
1826 238 1912 283 Ergo
1923 240 2058 284 perinde
2071 240 2136 274 hoc
2147 254 2202 275 va-

363 290 407 325 let
432 289 492 324 acsi
503 289 628 325 dixisset
639 314 649 328 ,
668 292 827 337 Expertus
837 301 869 322 es
879 289 991 322 Deurn
1017 284 1287 330 mihinunquam
1298 281 1431 317 defuiss'e
1441 305 1452 320 ‚
1471 285 1516 315 ita
1531 296 1601 317 non
1613 285 1657 318 est
1669 284 1762 331 quod
1774 283 1903 321 dubites
1915 298 1990 322 meo
2012 287 2166 336 exemplo
2177 292 2206 322 i-

363 338 458 387 psum
469 337 570 386 sequi.

411 398 442 420 12
494 391 535 421 Et
544 390 670 431 omnes.)
722 387 812 433 Qia
822 382 1124 432 persequutionum
1133 378 1262 415 suarum
1277 382 1485 417 meminerat,
1500 392 1590 414 nunc
1601 391 1736 426 quoque
1748 382 1837 416 addit
1853 406 1863 420 ‚
1889 383 1975 418 nihil
1990 383 2048 419 fibi
2059 383 2206 421 accidisse

362 436 454 483 quod
465 449 535 470 non
548 446 676 470 maneat
687 447 806 469 omnes
817 437 899 480 pios·
927 436 1040 477 Atque
1051 431 1115 464 hoc
1127 431 1206 463 dicit
1218 431 1336 476 partim
1351 440 1382 461 vt
1394 426 1422 461 se
1435 440 1631 475 comparent
1645 427 1753 464 fidelis
1765 431 1803 465 ad
1823 429 2024 466 subeundam
2038 435 2122 468 hanc
2138 431 2206 470 sor-

362 496 445 523 tem,
455 487 574 532 partim
588 498 629 518 ne
641 482 686 517 ob
699 480 970 530 persequutiones
982 492 1064 525 quas
1075 479 1208 513 sustinet
1220 476 1259 510 ab
1274 479 1400 524 impiis,
1412 476 1517 524 ipsum
1532 476 1615 510 boni
1626 474 1810 524 suspectum
1823 478 1973 514 habeant:
1987 481 2208 527 quemadmo-

362 534 442 567 dum
458 533 536 581 saepe
550 532 584 566 fit
597 543 629 565 vt
642 534 792 576 iniquam
806 528 974 563 fortunam
988 527 1165 574 sequantur
1176 528 1291 571 iniqua
1304 526 1435 559 iudicia.
1448 525 1537 559 Nam
1551 527 1610 571 qui
1621 525 1732 560 minus
1744 530 1910 574 propitios
1923 529 2020 563 habet
2032 530 2202 569 homines,

363 594 442 615 mox
454 594 591 627 quoque
602 579 704 626 vulgb
718 578 879 611 iudicatur
889 578 962 610 Deo
976 574 1101 611 exosus.
1113 577 1226 622 Qare
1238 573 1355 607 Paulus
1365 572 1394 608 se
1406 572 1482 608 filiis
1494 575 1556 607 Dei
1568 578 1772 620 aggreganin
1784 577 1844 609 hac
1856 577 2000 622 generali
2011 577 2156 612 sentetia:
2171 583 2207 615 ὃς

363 628 460 665 simul
472 628 559 663 filios
576 630 639 662 Dei
651 629 802 661 hortatur
815 624 1000 660 vtfereudis
1019 621 1329 670 perleqiiutionibus
1343 620 1371 656 se
1383 632 1507 666 parcnt.
1536 621 1624 656 Nam
1638 622 1659 655 ii
1676 623 1743 657 liaec
1755 622 1804 657 lex
1814 624 2030 671 praescribitur
2048 626 2207 660 omnibus
2236 623 2239 625 ⁵

363 680 463 724 quiin
474 673 589 720 Christo
597 672 646 724 pie
656 676 766 709 volunt
775 678 894 713 viuere,
906 672 1029 708 neeeffe
1039 672 1083 706 est
1094 682 1128 706 vt
1141 670 1276 705 Christo
1290 672 1483 704 renuntient
1500 673 1559 716 qui
1570 669 1690 704 volunt
1703 674 1871 706 immunes
1882 674 1940 706 efle
1950 675 1967 707 a
1980 668 2210 721 persequutio·

362 725 473 761 nibus.
486 725 606 758 Frustra
619 726 711 758 enim
723 719 893 757 Christum
905 721 1088 768 disiungere
1098 720 1116 754 ὲ
1127 731 1223 753 cruce
1236 716 1288 752 sua
1304 717 1653 765 conabimur:quando
1666 719 1731 754 hoc
1743 719 1830 767 quasi
1842 721 1989 756 naturale
1999 722 2093 759 est,vt
2108 735 2209 758 mun-

362 774 423 808 dus
435 771 607 807 Christum
619 770 726 807 oderit
736 774 834 805 etiam
854 773 890 805 in
901 769 963 805 suis
976 767 1144 803 membris.
1160 769 1242 801 Odii
1255 768 1331 800 verb
1343 778 1456 801 comes
1467 768 1509 801 est
1519 767 1789 806 crudelitas‚hinc
1802 768 2083 816 persequutiones.
2099 771 2212 805 Deni·

362 834 428 868 que
439 820 577 856 sciamus
588 822 649 856 hac
661 821 856 856 conditione
868 832 930 853 nos
942 816 1002 852 effe
1012 817 1231 856 Christianos,
1241 826 1275 848 vt
1288 814 1402 849 multis
1414 819 1570 849 aerumnis
1584 828 1619 849 ac
1632 819 1869 851 certaminibus
1882 820 1977 852 variis
1987 818 2087 853 simus
2098 819 2209 853 obno-
2264 834 2268 837 ·

361 872 418 904 xii.
434 871 494 903 Sed
508 872 665 916 quaeritur
676 882 717 904 an
729 881 846 902 omnes
857 877 1010 914 oporteat
1020 864 1079 899 eise
1091 867 1260 910 Martyres.
1271 865 1397 897 constat
1408 867 1497 898 enim
1512 863 1636 898 multos
1648 863 1740 899 fuiil'e
1752 868 1837 913 pios,
1853 868 1913 912 qui
1924 879 1985 901 nec
1997 866 2210 903 exilium-vn-
2250 886 2251 889 =

362 929 477 965 quam,
493 931 553 953 nec
563 931 738 955 carcerem,
753 929 813 951 nec
825 915 951 963 fugam,
965 927 1025 949 nec
1035 913 1124 948 aliud
1135 912 1400 963 persequutionis
1413 925 1517 959 genus
1529 910 1697 946 subierint.
1711 913 1912 962 Respondeo
1931 941 1940 955 ,
1953 928 2022 951 non
2036 929 2136 950 vnam
2148 914 2210 955 ess'e

361 970 527 1001 rationem
541 980 605 1015 qua
616 969 713 1001 Satan
727 964 932 1013 persequitur
943 962 1051 997 seruos
1062 961 1196 997 Christi:
1210 962 1260 994 {ed
1271 972 1381 994 tamen
1393 964 1539 995 omnino
1550 962 1672 995 neceile
1683 963 1794 1000 espom
1801 975 1857 996 nes
1870 964 2096 1010 qualicunque
2105 966 2210 1004 modo

344 1039 348 1043 .
362 1014 482 1050 habere
494 1015 549 1050 {ibi
560 1015 718 1050 'infestum
733 1014 897 1047 mundum
910 1038 920 1052 ,
930 1023 965 1046 vt
977 1023 1092 1046 eorum
1107 1014 1292 1045 exerceatur
1305 1007 1395 1046 fides,
1406 1021 1442 1043 ac
1460 1009 1618 1056 probetur
1628 1012 1821 1045 constan-tia.
1845 1011 1944 1046 Satan
1955 1015 2046 1048 enim
2067 1017 2124 1059 qui
2135 1026 2210 1061 pet-
2257 1011 2263 1038 ἲ

362 1076 482 1112 petuus
494 1065 536 1099 est
548 1064 669 1098 Christi
683 1062 974 1098 hostis‚neminem
987 1072 1135 1106 vnquam
1146 1060 1288 1106 patietur
1298 1068 1368 1090 tota
1377 1060 1443 1091 vita
1454 1055 1512 1091 ess'e
1525 1060 1726 1103 quietumz&
1739 1057 1865 1108 semper
1878 1072 1974 1095 erunt
1987 1062 2134 1108 improbi
2149 1063 2210 1109 qui

361 1125 425 1147 nos
435 1124 594 1159 tanquam
608 1109 705 1159 spinae
717 1120 879 1157 pungant.
891 1110 1089 1154 Queriam
1105 1103 1300 1152 fimulirtque
1310 1103 1339 1138 se
1350 1104 1474 1152 profert
1484 1109 1519 1139 in
1533 1106 1672 1141 homine
1684 1106 1771 1145 fideli
1786 1109 1850 1142 Dei
1863 1108 2157 1157 zelus,impiorum
2171 1123 2211 1146 o·
2253 1120 2264 1132 ·’

361 1164 494 1198 mnium
507 1160 631 1195 rabiem
648 1158 844 1193 inflammat.
865 1168 1091 1203 atquevtnon
1108 1154 1249 1197 habeant
1272 1153 1418 1201 gladium
1433 1157 1578 1187 exertu‘m
1601 1180 1610 1194 ,
1623 1154 1841 1191 suum‘tamen
1862 1161 1950 1192 virus
1969 1169 2136 1193 euomunt
2157 1157 2212 1195 vel

358 1208 547 1246 fremendo,
559 1207 610 1243 vel
624 1206 862 1243 maledicendo,
878 1205 931 1240 vel
943 1203 1196 1240 tumultuando,
1207 1201 1260 1236 vel
1269 1202 1341 1237 aliis
1354 1203 1472 1236 modis.
1485 1203 1574 1249 Ergo
1584 1214 1752 1250 vtcunquc
1765 1218 1835 1239 non
1848 1204 1977 1242 eosdem
1989 1220 2106 1242 omnes
2118 1205 2212 1250 susti-
2222 1214 2232 1224 2

358 1269 459 1293 neunt
471 1255 624 1294 insultus,
637 1268 698 1291 nec
710 1257 822 1289 iisdem
835 1253 1085 1289 immisceamur
1095 1251 1227 1302 paliis,
1241 1263 1459 1286 communem
1472 1262 1585 1288 tamen
1597 1250 1718 1290 habent
1732 1254 1899 1290 militnm„
1911 1267 1971 1293 nec
1982 1257 2079 1290 omni
2087 1270 2124 1290 ex
2134 1267 2211 1303 pag-

358 1316 394 1341 te
405 1308 556 1353 quieti&
569 1307 586 1340 ὲ
598 1301 914 1353 persequutionibus
926 1305 1094 1337 immunes
1107 1311 1216 1336 erunt.

423 1395 437 1419 1
446 1393 459 1429 3
517 1379 609 1420 Mali
626 1388 739 1417 autem
749 1376 908 1416 homines
920 1376 959 1424 (ῤ’
970 1375 1159 1431 impostores
1163 1375 1387 1430 proficientia
1389 1377 1500 1428 peius,
1510 1384 1675 1419 errantes,
1683 1373 1722 1421 ὧ·
1731 1378 1906 1416 mittentes
1918 1379 1959 1420 in
1967 1391 2123 1421 errarem.

415 1449 455 1487 14
511 1442 541 1474 T
547 1448 568 1474 u
578 1445 694 1474 autem
703 1448 807 1472 manc
819 1437 858 1473 in
869 1436 915 1472 iis
925 1447 996 1488 quae
1008 1432 1171 1477 didicifti,
1184 1431 1223 1477 ἀ
1239 1445 1311 1485 quae
1320 1430 1533 1483 credttasimt
1541 1428 1733 1483 tib1‚sc‘tens
1745 1431 1766 1470 ax
1778 1445 1843 1485 quo
1854 1432 2031 1472 didiceris,
2118 1429 2121 1432 ’

412 1507 446 1543 15
508 1499 554 1532 Et
562 1490 660 1546 qued
665 1488 686 1528 ἆ
688 1493 836 1543 pueritia
846 1495 867 1528 S
871 1504 965 1529 acras·
977 1487 1092 1559 ljferas
1108 1487 1243 1541 notasti,
1255 1487 1466 1543 quaepossum
1479 1497 1512 1524 te
1523 1486 1692 1525 eruditum
1703 1487 1881 1530 reddere)
1891 1487 1940 1526 ad
1937 1487 2089 1544 salutem
2091 1501 2156 1546 per
2162 1490 2204 1542 [ἰ-

356 1548 440 1589 dem
458 1562 531 1604 quae
541 1547 586 1597 est
595 1551 634 1587 in
647 1546 778 1595 chrzsto
789 1543 871 1600 Iefit.
2256 1583 2260 1594 ἱ

414 1609 451 1643 16
514 1606 637 1643 Omnis
638 1600 802 1657 seriptum
816 1603 996 1642 Diuinitus
1009 1598 1172 1657 inspirata
1182 1599 1274 1654 estac
1286 1598 1390 1639 vtilis
1398 1597 1445 1638 ad
1454 1598 1662 1649 doffrinam,
1673 1598 1723 1639 ad
1730 1601 2005 1661 redargutionem
2020 1631 2031 1650 ,
2043 1600 2207 1658 adama
2230 1628 2239 1634 ..

353 1664 520 1708 ctionem,
532 1658 581 1698 ad
588 1660 839 1699 institutionem
850 1672 922 1713 qua
933 1662 985 1698 eft
994 1664 1033 1700 in
1041 1658 1184 1708 iustitia:

372 1741 374 1743 ·
419 1733 462 1771 17
521 1724 553 1758 V
554 1726 570 1755 t
576 1718 708 1774 integer
708 1714 754 1774 fit
765 1718 833 1754 Dei
841 1712 956 1761 homo,
966 1715 1123 1755 adomne
1130 1727 1211 1771 opus
1222 1714 1536 1771 bonumfhrmatas.

405 1809 433 1844 ¹3
484 1798 575 1832 Mali
585 1807 686 1831 autem
696 1794 856 1839 homines.)
910 1794 971 1829 Ista
981 1794 1025 1828 est
1035 1791 1088 1827 vel
1102 1792 1305 1828 acerbiffima
1316 1794 1538 1843 persequutio,
1550 1794 1630 1830 dum
1640 1796 1791 1830 videmus
1811 1796 1938 1844 impios
1950 1807 2027 1831 cum
2052 1794 2208 1845 sacrilega

358 1844 413 1882 sua
424 1847 558 1881 audacia
569 1872 579 1887 ‚
598 1858 676 1880 cum
686 1842 901 1892 blasphemiis
911 1847 945 1877 &
973 1841 1138 1877 erroribus
1151 1840 1358 1878 inualescere.
1378 1846 1426 1878 Ita
1437 1843 1558 1879 Paulus
1571 1843 1651 1878 alibi
1672 1857 1740 1878 non
1753 1843 1866 1891 gladio
1879 1843 2022 1880 ismaelis
2032 1870 2043 1884 ,
2054 1845 2105 1880 sed
2116 1845 2205 1881 ludis

357 1896 445 1934 brio,
455 1894 540 1929 Isaac
552 1892 643 1928 fuiffe
655 1903 808 1927 vexatum
821 1892 928 1926 tradit.
946 1891 1041 1925 Vnde
1052 1893 1152 1925 etiam
1163 1890 1322 1939 colligere
1332 1891 1422 1937 licet,
1458 1892 1588 1927 roxime
1598 1905 1669 1927 non
1682 1905 1780 1926 vnarn
1795 1894 1954 1928 duntaxat
1973 1893 2205 1941 persequutio·

359 1949 412 1980 nis
423 1943 563 1992 speciem
577 1940 710 1977 notaffe:
726 1940 777 1974 sed
788 1940 984 1988 generaliter
1004 1939 1186 1985 loquutum
1199 1937 1259 1974 esse
1268 1941 1308 1974 de
1329 1904 1492 1975 molestiis
1504 1953 1584 1987 quas
1596 1939 1751 1977 sustinere
1773 1953 1942 1988 coguntur
1953 1944 2013 1976 tilii
2025 1944 2089 1977 Dei
2097 1967 2110 1981 ,,
2121 1943 2204 1978 dum

361 2005 423 2042 pro
436 1992 543 2040 gloria
553 1993 654 2025 Patris
666 1988 713 2024 sui
724 2000 860 2024 certant.
874 1990 954 2022 Dixi
965 1998 1075 2021 autem
1086 1987 1187 2035 paulb
1197 1988 1273 2024 ante
1283 1987 1391 2034 qualis
1402 1987 1438 2023 sit
1449 1989 1506 2023 iste
1517 1988 1696 2041 profe-stus.
1730 2002 1838 2035 neque
1850 1993 1940 2024 enim
1953 1992 2081 2025 tantum
2100 1991 2206 2026 obsti·

361 2053 458 2077 natos
469 2040 508 2074 ad
525 2038 736 2074 resistendum
757 2036 828 2071 fore
839 2036 1003 2084 praedicit:
1023 2033 1075 2070 sed
1085 2037 1240 2073 nocendo
1251 2049 1389 2083 quoque
1410 2040 1444 2072 &
1455 2036 1529 2071 aliis
1540 2039 1792 2085 corrumpendis
1817 2037 1988 2073 bibituros
2011 2038 2204 2079 succeisum.
2251 2065 2263 2073 f

360 2089 438 2125 Plus
450 2091 542 2124 enim
563 2086 688 2135 semper
698 2087 737 2120 ad
749 2085 980 2119 destruendum
1015 2083 1139 2120 valebit
1151 2096 1234 2119 vnus
1245 2083 1370 2120 nebulo
1381 2110 1391 2125 ‚
1411 2086 1511 2131 quam
1523 2086 1635 2122 decem
1648 2084 1704 2121 fidi
1730 2087 1894 2122 Doriones
1904 2087 1942 2119 ad
1959 2085 2205 2127 aedificandum,
2229 2095 2232 2099 '

361 2137 548 2185 quamlibet
569 2135 696 2171 strenue
709 2134 873 2169 laborent.
893 2133 968 2169 Nec
977 2145 1126 2178 vnquam
1145 2131 1262 2167 desunt
1279 2134 1405 2168 Satanae
1415 2135 1546 2168 zizania
1555 2157 1565 2171 ,
1583 2147 1656 2181 quae
1666 2146 1782 2182 puram
1795 2132 1933 2182 segetem
1946 2134 2108 2173 infestent.
2128 2137 2203 2172 ιἰτιὸ

361 2200 469 2234 quum
484 2187 638 2220 videntur
657 2184 825 2232 profligati
835 2180 1150 2230 pseudoprophetae‚
1174 2182 1229 2214 alii
1241 2179 1377 2216 subinde
1388 2194 1426 2216 ex
1435 2180 1507 2216 aliis
1517 2181 1699 2230 pullulant.
1725 2183 1889 2217 Caeterum
1901 2184 1977 2219 inde
1986 2185 2131 2221 nocendi
2152 2184 2202 2219 fa-

361 2235 478 2272 cultas,
491 2248 561 2269 non
572 2233 662 2281 qubd
676 2229 787 2279 suapte
799 2242 913 2267 natura
922 2231 1062 2266 validius
1073 2227 1108 2263 sit
1120 2230 1334 2265 mendacium
1345 2231 1486 2270 veritate,
1495 2241 1551 2264 aut
1561 2231 1687 2265 diaboli
1698 2241 1781 2265 artes
1794 2232 1934 2278 Spiritus
1944 2233 2006 2266 Dei
2018 2230 2201 2269 efficaciam

360 2284 514 2332 superent
526 2297 533 2317 ε
545 2281 596 2316 sed
607 2281 699 2329 qubd
710 2280 866 2316 homines
877 2277 993 2326 sponte
1005 2280 1071 2313 iam
1082 2278 1121 2313 ad
1133 2281 1312 2314 vanitatem
1333 2282 1367 2314 δε
1379 2291 1502 2314 errores
1513 2278 1678 2327 propenii,
1689 2278 1817 2313 facilius
1840 2278 1941 2327 longe
1951 2280 2202 2329 amplectuntur

363 2333 456 2380 quod
471 2333 610 2379 ingenio
622 2329 680 2365 suo
693 2331 859 2376 congruit.
869 2326 989 2364 deinde
1000 2326 1093 2372 qubd
1104 2328 1184 2361 iusta
1194 2328 1258 2361 Dei
1268 2327 1416 2362 vindista
1428 2330 1591 2365 excaecati,
1603 2329 1778 2365 trabuntur
1789 2338 1842 2361 tan
1852 2319 1947 2382 'suam
1959 2331 2090 2377 captiua
2102 2343 2200 2366 man-

361 2384 450 2429 cipia
460 2381 500 2414 ad
508 2382 632 2414 Satanae
641 2377 829 2415 libidinem.
849 2379 965 2424 Atque
974 2375 1042 2410 haec
1057 2377 1221 2423 ptaecipua
1233 2375 1276 2410 cst
1286 2373 1378 2410 causa
1387 2387 1522 2413 curtam
1535 2374 1648 2412 efficax
1660 2376 1695 2409 [it
1706 2378 1885 2423 impiarum
1898 2378 2127 2413 doitrinarum
2139 2392 2202 2427 pe—

364 2431 431 2467 stis,
442 2429 534 2476 qubd
545 2431 588 2464 ita
601 2437 744 2463 meretur
754 2424 936 2459 hominum
952 2424 1169 2470 ingratitudo.
1189 2425 1309 2471 Operae
1320 2426 1463 2472 pretium
1475 2435 1586 2458 autem
1600 2424 1644 2458 est
1654 2449 1662 2461 ,
1677 2426 1776 2458 huius
1788 2426 1833 2461 rei
1846 2424 2021 2460 admoneri
2032 2429 2106 2474 pios
2124 2429 2201 2462 Do-

362 2480 481 2515 ctores,
493 2489 528 2513 vt
537 2477 575 2511 ad
585 2478 783 2510 continuam
795 2472 952 2510 militiam
962 2469 1125 2519 separent:
1137 2485 1198 2508 nec
1206 2474 1422 2510 diuturnitate
1433 2471 1638 2520 frangantur,
1647 2472 1699 2508 vel
1709 2471 1926 2510 succumbant
1936 2477 2112 2522 proteruiae
2130 2475 2199 2511 ho-

364 2526 463 2561 stium
474 2539 510 2560 ac
522 2524 715 2560 insolentiae.
1431 2551 1432 2554 ,

411 2585 450 2617 14
500 2575 534 2609 Τ
536 2586 554 2606 u
563 2584 664 2606 autem
674 2575 787 2610 mane.)
839 2572 1020 2618 Vtcunque
1030 2567 1185 2618 grassetur
1197 2570 1363 2617 impietas,
1375 2573 1409 2604 δε
1420 2567 1556 2607 vltetius
1567 2580 1777 2617 perrumpat,
1796 2569 1888 2604 iubet
1898 2568 2121 2607 nihilominus
2131 2573 2199 2608 Ti-

362 2624 539 2657 motheum
553 2623 640 2657 stare.
652 2623 692 2656 Et
702 2620 789 2655 certe
802 2614 872 2654 haec'
883 2630 957 2653 veta
966 2620 1010 2653 cst
1020 2617 1461 2665 fideiprobatio,vbicm1tta
1470 2616 1655 2652 Diabolum
1667 2620 1784 2654 omnia
1796 2617 2045 2654 machinantem
2059 2619 2201 2655 indefes-

362 2669 398 2706 so
409 2672 514 2706 studio
527 2671 724 2705 obnitimur:
737 2681 797 2703 nec
808 2666 939 2702 cursum
951 2666 1151 2702 reflectimus
1163 2667 1199 2699 ad
1212 2666 1396 2712 quemlibet
1406 2669 1498 2700 venti
1510 2665 1638 2704 flatum,
1650 2665 1700 2700 sed
1712 2665 1765 2700 fixi
1777 2668 1994 2701 manemusin
2005 2668 2069 2701 Dei
2079 2671 2201 2704 verita-

362 2730 409 2757 te,
422 2731 582 2765 tanquam
598 2717 727 2752 infacta
735 2717 891 2751 anchora.
902 2715 1066 2750 particula
1083 2739 1093 2753 ‚
1104 2717 1208 2749 Sciens
1216 2714 1236 2747 d
1244 2728 1302 2759 quo
1314 2713 1459 2751 didiceris
1471 2738 1481 2752 ‚
1504 2713 1609 2762 posita
1618 2715 1661 2749 est
1670 2716 1710 2751 ad
1718 2715 2017 2749 commendandam
2037 2716 2200 2754 doetrinae

361 2769 609 2803 certitudinem.
623 2767 744 2812 Neque
755 2768 844 2800 enim
857 2763 955 2811 siquis
965 2776 1137 2812 perperam
1148 2762 1246 2798 fuerit
1259 2763 1438 2800 institutus,
1450 2765 1484 2798 in
1496 2777 1536 2797 eo
1547 2775 1679 2811 pergere
1691 2760 1972 2798 debet.Dediscere
1983 2766 2073 2799 enim
2085 2778 2147 2800 nos
2158 2780 2201 2801 0-

361 2828 472 2866 portet
484 2827 691 2862 quaecunque
702 2826 789 2848 extra
799 2812 970 2848 Christum
983 2813 1172 2850 habuimus,
1184 2810 1205 2845 fi
1217 2811 1360 2846 velimus
1373 2810 1432 2845 esse
1442 2814 1512 2846 eius
1527 2810 1692 2859 discipuli.
1715 2811 1998 2858 quemadmodum
2012 2811 2077 2849 hoc
2095 2813 2197 2849 nobis·

358 2878 449 2913 purae
461 2867 494 2899 in
507 2863 568 2900 fide
580 2864 798 2897 institutionis
810 2860 872 2895 fuit
883 2862 1068 2898 exordium,
1079 2860 1278 2897 obliuisci&
1291 2859 1432 2895 abiicere
1442 2870 1547 2896 totam
1558 2861 1698 2908 papatui
1717 2859 1975 2895 institutionem.
1998 2862 2112 2908 Qte
2122 2875 2198 2898 non

359 2911 584 2949 indifferenter
595 2913 743 2959 praecipit
754 2909 933 2957 Apostolus
942 2908 1129 2944 Timotheo
1140 2920 1174 2943 vt
1185 2908 1336 2943 traditam
1353 2907 1410 2942 sibi
1422 2909 1609 2944 destrinam
1622 2911 1777 2942 retincat:
1808 2906 1859 2944 sed
1872 2920 1942 2943 eam
1952 2908 2088 2944 demum
2099 2913 2196 2946 cuius

358 2962 487 2997 constat
500 2960 552 3001 illi
560 2962 688 2994 veritas:
702 2971 771 3005 quo
784 2957 943 3005 fignificat
953 2957 1179 2995 adhibendum
1190 2956 1249 2990 effe
1258 2955 1436 2993 delectum.
1460 2956 1563 2994 Porro
1576 2968 1646 2991 non
1656 2955 1722 2991 hoc
1733 2955 1790 2992 fibi
1803 2967 1932 3003 arrogat
1951 2969 2110 3004 tanquam
2130 2958 2196 2994 ho—

360 3012 447 3046 mini
460 3013 601 3058 priuato,
618 3018 653 3041 vt
664 3008 755 3054 quod
765 3006 927 3047 docuerit,
941 3005 976 3040 sit
986 3005 1177 3042 habendum
1189 3017 1250 3052 pro
1262 3004 1409 3040 oraculo:
1425 3004 1476 3039 sed
1486 3003 1628 3040 confidei
1644 3015 1692 3039 ter
1700 3005 1786 3052 apud
1796 3002 2018 3040 Timotheum
2030 3005 2120 3044 suam
2129 3019 2188 3042 au-

360 3059 554 3094 thoritatem
567 3057 730 3105 praedicat,
741 3057 797 3089 cui
808 3052 925 3091 sciebat
935 3065 1050 3088 notam
1061 3053 1120 3090 esse
1132 3052 1223 3092 suam
1235 3052 1333 3089 fidem
1346 3077 1356 3091 ‚
1371 3057 1404 3087 &
1417 3051 1506 3087 suam
1515 3017 1729 3088 vocatidnem
1742 3051 1923 3099 probatam.
1953 3054 2058 3100 de
2068 3054 2089 3089 si
2103 3057 2195 3090 certo

360 3105 526 3156 persuasus
538 3116 603 3140 erat
617 3103 646 3138 se
660 3104 818 3139 edoc'tum
843 3100 902 3137 else
913 3104 930 3137 ὲ
941 3103 1065 3138 Christi
1077 3101 1252 3149 Apostolo,
1261 3102 1339 3136 inde
1352 3100 1513 3136 statuebat
1522 3114 1594 3136 non
1605 3100 1756 3136 hominis
1767 3097 1827 3136 effe
1840 3123 1850 3137 ,
1869 3099 1921 3134 sed
1934 3101 2056 3137 Christi
2068 3104 2194 3139 doetri-

361 3168 450 3191 nam.
470 3156 536 3189 Hic
545 3154 639 3188 locus
647 3153 816 3188 admonet,
831 3162 898 3184 tam
909 3150 1022 3185 sedulo
1033 3151 1216 3187 cauendam
1228 3149 1288 3184 esse
1298 3149 1558 3184 obstinationem
1569 3152 1603 3185 in
1616 3149 1711 3183 rebus
1725 3149 1834 3183 minus
1849 3153 2030 3197 compertis
2055 3157 2103 3191 (vt
2116 3151 2191 3190 sitne

361 3216 481 3240 omues
492 3204 673 3237 hominum
685 3201 856 3243 dostrinae)
867 3200 969 3246 quam
980 3201 1045 3234 Dei
1053 3201 1225 3234 veritatem
1236 3197 1355 3233 inflexa
1366 3198 1551 3234 constantia
1560 3197 1765 3235 retinendam
1777 3195 1846 3232 effe.
1874 3199 2027 3233 Praeterea
2038 3197 2118 3235 hinc
2127 3199 2194 3235 dis.

362 3254 471 3286 cimus
487 3275 496 3288 ,
518 3250 592 3285 fidei
603 3251 641 3284 ad
658 3251 807 3284 iunctam
819 3247 935 3282 debere
943 3247 1003 3282 effe
1013 3248 1224 3296 prudentiam
1236 3273 1247 3287 ‚
1265 3259 1338 3294 quae
1351 3249 1437 3283 inter
1446 3247 1554 3281 Dei&
1566 3246 1746 3283 hominum
1759 3243 1944 3281 sermonem
1954 3246 2131 3287 discernat,
2150 3262 2192 3285 ne

361 3310 485 3336 temere
494 3301 688 3346 arripiamus
697 3297 860 3344 quicquid
873 3299 1074 3344 proponitur
1086 3297 1119 3330 in
1133 3295 1292 3329 medium.
1304 3294 1403 3329 Nihil
1414 3297 1506 3330 enim
1515 3294 1532 3328 ὲ
1543 3292 1605 3332 fide
1635 3296 1738 3340 magis
1748 3293 1895 3329 alienum
1933 3295 2007 3329 uam
2019 3295 2101 3330 leuis
2118 3308 2191 3336 cre-

361 3349 482 3386 dulitas
493 3361 564 3394 quae
577 3344 763 3395 promiscue
772 3346 905 3391 quiduis
917 3348 950 3379 &
961 3345 980 3379 ὲ
993 3346 1114 3392 quouis
1127 3343 1284 3390 amplecti
1294 3342 1438 3379 sustinet.
1454 3345 1532 3389 quia
1543 3342 1608 3378 hoc
1621 3344 1824 3389 prteeipuum
1849 3343 1894 3377 est
1929 3344 1980 3377 dei
1991 3342 2190 3381 fundamen-

360 3407 447 3436 tum,
457 3395 534 3434 scire
544 3399 660 3440 Deum
670 3393 728 3433 libi
737 3392 797 3432 else
807 3394 993 3431 authorem.
1017 3393 1122 3441 Qod
1132 3393 1223 3427 addit
1231 3415 1242 3430 ‚
1266 3389 1414 3430 creditum
1412 3390 1501 3439 fiuffe
1512 3392 1699 3430 doctrinam
1711 3389 1813 3440 ipsam
1824 3390 2026 3432 Timotheo,
2035 3392 2073 3428 ad
2083 3389 2192 3435 az‘i‘ffnm

2092 3441 2188 3482 Vssetae
