2268 3705
134 1620 288 1653 Rom.4.a.2.

204 2602 222 2621 ,ς’
250 2597 290 2617 11.

229 2653 232 2662 ,
251 2639 294 2657 1⁵1.

142 2687 144 2693 ι
189 2667 338 2705 14.¹'.2.1..d.r7.

153 3107 310 3138 „Conana

144 3228 302 3261 Rom.4.a.4.

1647 0 1684 40 ἑά

1183 24 1197 37 Γ(
1344 28 1354 41 ,1,

343 93 408 129 320
850 73 1281 125 {NEPIST-
1329 73 1605 122 PAVLI
1809 77 1864 130 'A

333 147 636 189 validiffim'umest:
648 149 726 195 quia
736 159 844 195 neque
856 150 891 182 in
902 161 935 182 re
946 161 1055 195 neque
1065 151 1100 182 in
1113 145 1250 196 persona
1262 149 1445 193 quicquam
1457 147 1500 180 est
1509 144 1719 180 discriminis.
1733 156 1811 179 nam
1821 135 1929 190 neqiie
1938 141 2047 191 plures
2060 144 2183 182 firma-2

333 203 423 236 ditus
435 201 474 234 ad
490 200 701 236 iustitiams&
712 198 787 231 ideo
799 208 890 244 pater
901 199 1059 231 omnium
1070 195 1220 231 fidelium
1231 195 1399 230 Abraham
1412 197 1646 240 vocatui·,quia
1654 205 1731 227 com
1737 205 1838 227 mune
1849 195 1894 226 est
1905 195 2060 228 omnium
2074 208 2185 235 exerw

333 250 415 299 plat.
424 248 501 282 imo
514 251 550 282 in
561 249 631 282 eius
642 243 780 295 persona
789 244 888 280 nobis
899 243 1082 293 praescripta
1093 246 1136 279 est
1145 241 1338 278 vniucrsalis
1347 243 1461 290 regula
1473 241 1662 277 obtinendae
1673 242 1812 276 iustiriae.
1948 279 1950 281 v

385 301 409 332 6
441 338 445 340 ‘
457 293 753 345 Qemadmodmn.)
805 292 1038 328 Subaudienda
1047 294 1091 328 est
1101 290 1303 327 aduersatiua
1314 291 1486 340 particula,
1500 292 1596 338 Qin
1607 292 1731 338 potius:
1741 303 1820 325 nam
1830 303 1936 337 quum
1947 290 2186 339 interrogasset,

333 345 446 380 voluit
457 343 567 380 subito
580 344 752 392 praecidere
761 340 872 376 ansam
882 341 1099 375 dubitationi.
1115 339 1169 374 vel
1179 339 1266 374 certe
1277 353 1354 380 vox,
1366 339 1717 386 Qmadmodum‚ad
1726 341 1920 387 proximum
1931 340 2092 373 duntaxat
2104 339 2187 374 refe-r

335 404 400 428 tur:
421 407 543 441 nempe
553 393 647 440 quod
657 403 695 426 ex
708 391 823 425 auditu
833 388 909 423 fidei
919 388 1079 422 haberent
1089 387 1429 424 subministrationem
1441 389 1580 435 Spiritus
1593 390 1625 421 &
1637 390 1812 422 virtutum.
1822 386 1883 422 acsi
1894 386 2140 428 diceret‚lucere
2150 391 2187 423 in

336 445 442 490 gratia
455 442 531 490 ipsis
545 440 666 476 collata
677 438 930 480 similitudinem
943 449 1021 471 cum
1033 436 1212 471 Abraham.
1239 435 1382 471 Credzdtt
1390 440 1475 472 Deo.
1502 437 1578 470 Hoc
1588 436 1784 470 testimonio
1798 435 1928 484 probat,
1938 446 2004 469 tarn
2016 433 2071 469 hic
2085 437 2186 483 quam

335 502 456 538 quarto
466 493 572 538 capite
582 490 622 522 ad
633 490 821 523 Romanos,
834 485 991 521 homines
1003 483 1064 519 fide
1074 484 1250 521 iustificari:
1265 481 1344 532 quia
1355 483 1434 519 fides
1450 482 1590 518 Abrahae
1604 482 1701 517 fuerit
1713 486 1877 532 imputata
1887 486 1926 518 ad
1937 484 2104 518 iustitiam.
2117 486 2189 518 Pri-

340 539 399 574 ιτιὸ
410 538 554 574 breuiter
563 536 744 571 tenendum
757 535 800 567 est
814 534 896 580 quid
907 532 1068 581 significet
1078 533 1138 568 hic.
1146 532 1225 568 fides
1233 533 1348 568 Paulo:
1357 533 1489 571 deinde,
1500 533 1581 579 quid
1591 531 1722 566 iustitia:
1743 533 1852 570 tertio,
1860 538 1923 568 'cur
1934 531 2011 566 fides
2022 532 2188 568 censeatur

338 586 431 622 causa
443 585 697 622 iustificationis.
721 583 811 616 Fides
823 595 894 616 non
906 594 968 629 pro
980 584 1097 628 quauis
1107 580 1311 629 persuasione
1321 592 1450 629 capitur
1460 593 1558 627 quam
1572 579 1690 614 habere
1701 579 1828 627 possent
1838 581 1993 615 homiues
2002 582 2041 614 de
2053 584 2188 616 veritate

337 637 414 671 Dei.
427 648 506 669 nam
520 645 553 668 vt
564 634 687 667 centies
701 629 799 665 fidem
810 629 971 668 habuisset
982 631 1070 664 Cain
1081 632 1158 665 Deo
1167 643 1301 678 poenam
1313 629 1371 664 sibi
1381 631 1594 664 denuntianti
1608 655 1620 669 ,
1632 627 1719 662 nihil
1732 628 1847 662 hocad
1858 627 2124 676 consequendam
2135 632 2189 664 iu-

338 684 472 718 stitiam.
496 680 672 716 Credendo
681 682 755 713 ideo
767 677 958 713 justificatus
972 679 1016 712 est
1028 678 1209 719 Abraham,
1223 681 1301 726 quia
1311 690 1416 724 quum
1428 674 1682 725 promissionem
1693 678 1711 711 a
1724 678 1798 717 Deo
1809 676 1942 712 haberet
1954 680 2081 725 paterni
2093 677 2190 713 fauo*

338 735 383 766 ris
392 755 401 769 ,
418 743 490 765 eam
503 730 594 765 serto
606 727 776 776 amplexus
789 727 835 761 sit.
846 740 925 774 ergo
939 726 1016 761 fides
1026 727 1082 761 hic
1093 727 1289 763 relationem
1301 726 1398 761 habet
1407 738 1444 760 ac
1455 725 1639 772 respetstum
1651 725 1690 759 ad
1700 724 1762 759 tale
1773 725 1911 759 verbum
1931 727 2013 766 Dei,
2034 738 2103 772 quo
2114 726 2190 762 freti

336 779 507 820 homines,
518 775 721 825 acquiescere
733 779 768 810 in
780 774 851 823 ipso
862 773 996 823 pollint.
1033 777 1139 822 Qod
1149 777 1189 810 ad
1198 788 1325 810 nomen
1337 775 1452 819 lustztiae
1462 771 1595 821 spectat,
1605 774 1753 808 notanda
1764 772 1808 807 est
1822 773 1925 808 Mosis
1936 773 2188 820 loquutio.nam

337 841 445 875 quum
455 829 547 865 dicit,
567 825 703 861 Abmhae
714 823 805 859 fuisse
815 827 1020 870 imputatum
1034 826 1068 858 in
1078 825 1236 859 iustitiam
1247 823 1338 871 quod
1349 824 1488 858 credidit
1498 845 1510 860 2
1520 835 1559 856 eo
1569 820 1731 870 siguificat
1742 822 1866 856 iustum
1879 821 2008 868 effe'qui
2020 822 2092 857 talis
2101 824 2189 871 apud

336 879 450 911 Deum
462 874 620 911 censetur.
633 876 752 919 Qum
765 884 876 906 aurem
888 873 1045 908 iustitiam
1057 874 1092 907 in
1104 871 1134 907 se
1145 872 1320 920 repositam
1331 885 1402 908 non
1415 870 1558 906 habeant
1569 870 1966 917 homines,imputatione
1976 870 2061 904 hanc
2075 872 2184 920 adipi-

338 924 484 959 scuntur:
495 926 574 972 quia
587 925 678 957 Deus
697 921 794 956 fidem
811 920 878 954 illis
888 919 947 954 fert
960 932 1128 968 acceptam
1141 933 1202 970 pro
1213 922 1344 955 iustitia.
1355 933 1434 967 ergo
1445 917 1611 956 iustificari
1623 917 1685 952 fide
1696 919 1851 958 dicimur,
1865 923 1935 953 nori
1948 921 2026 965 quia
2038 918 2116 954 fides
2129 922 2190 954 ha-

339 973 449 1009 bitum
461 985 516 1008 aut
531 971 726 1019 qualitatem
738 973 773 1004 in
784 981 846 1005 nos
857 968 1102 1004 trasfundat.sed
1113 972 1192 1016 quia
1203 971 1279 1004 Deo
1289 969 1400 1004 sumus
1412 970 1548 1016 accepti.
1561 968 1631 1002 Cur
1643 978 1754 1001 autem
1766 965 1841 1001 fidei
1852 966 2010 1001 tribuitur
2020 978 2131 1003 tantus
2141 970 2190 1004 ho

340 1034 415 1059 nor,
426 1034 462 1056 vt
480 1032 618 1055 vocetur
628 1017 859 1053 causaiustitiae
871 1018 1011 1052 nostrae?
1030 1018 1141 1065 primo
1154 1016 1324 1052 sciendum
1335 1018 1379 1051 est
1398 1015 1457 1050 effe
1468 1014 1598 1051 caulam
1608 1014 1894 1050 instrumentalem
1919 1016 2094 1050 duntaxat:
2110 1030 2192 1052 nam.

339 1069 475 1119 proprie
488 1069 672 1116 loquendo,
685 1068 809 1101 iustitia
819 1066 928 1100 nostra
938 1065 1024 1100 nihil
1034 1066 1124 1101 aliud
1136 1067 1180 1100 est
1190 1061 1291 1112 quam
1301 1067 1444 1113 gratuita
1451 1066 1515 1098 Dei
1527 1067 1690 1112 acceptio,
1702 1066 1736 1098 in
1748 1077 1813 1111 qua
1824 1063 1960 1098 fundata
1970 1065 2013 1098 est
2023 1065 2132 1099 nostra
2142 1064 2192 1100 sa-

339 1120 402 1154 lus.
419 1117 470 1153 sed
481 1121 559 1164 quia
570 1113 984 1150 Dominus‘testimonium
1010 1114 1108 1149 nobis
1119 1117 1242 1148 amoris
1253 1111 1299 1148 sui
1312 1119 1346 1148 ὅ(
1359 1115 1469 1161 gratiae
1482 1125 1538 1160 per
1550 1111 1773 1160 Euangelium
1784 1113 1951 1156 reddendo
1960 1136 1971 1150 ,
1985 1112 2075 1147 illam
2090 1127 2193 1160 quam

342 1169 411 1202 dixi
427 1168 584 1201 iustitiam
595 1163 692 1198 nobis
702 1163 1022 1198 communicat:ideo
1035 1161 1096 1197 fide
1107 1162 1201 1197 illam
1211 1165 1425 1211 percipimus.
1441 1163 1528 1208 Ergo
1541 1173 1647 1206 quum
1660 1160 1733 1196 fidei
1745 1160 1923 1196 tribuimus
1937 1161 2087 1196 hominis
2099 1162 2193 1197 iusti-

342 1216 547 1251 ficationem,
564 1226 633 1247 non
649 1214 688 1247 de
703 1209 796 1246 causa
805 1211 985 1259 principali
998 1209 1224 1259 disputamus:
1244 1209 1297 1245 sed
1308 1210 1437 1245 tantum
1460 1220 1618 1243 notamus
1629 1210 1769 1244 modum
1784 1222 1853 1256 quo
1866 1212 2067 1257 perueniunt
2078 1210 2193 1248 homi-

344 1277 402 1300 nes
414 1264 454 1298 ad
469 1275 577 1297 veram
590 1262 758 1296 iustitiam.
772 1261 897 1294 Iustitia
910 1262 999 1294 enim
1010 1259 1071 1303 hec
1083 1273 1212 1294 merum
1224 1261 1266 1294 est
1279 1261 1340 1294 Dei
1351 1261 1566 1294 donum‚non
1577 1256 1717 1304 qualitas
1727 1270 1799 1304 quae
1810 1260 1845 1291 in
1857 1258 2055 1294 horninibus
2064 1259 2185 1302 hereat:

344 1312 397 1347 sed
408 1311 469 1346 fide
480 1310 608 1345 tantum
621 1307 809 1357 possidetur.
825 1321 934 1355 neque
943 1309 976 1342 id
987 1311 1108 1343 merito
1121 1307 1208 1347 fidei,
1218 1320 1252 1342 vt
1264 1307 1300 1342 sit
1311 1307 1399 1355 quasi
1410 1306 1519 1341 debita
1530 1318 1663 1341 merces:
1675 1303 1725 1340 scd
1737 1308 1815 1352 quia
1827 1305 1888 1340 fide
1907 1308 2087 1354 recipimus
2098 1309 2193 1354 quod

343 1362 437 1396 Deus
451 1360 537 1394 vitro
551 1360 664 1393 donat.
678 1357 818 1406 proinde
828 1370 946 1391 omnes
962 1358 1025 1390 istae
1034 1355 1253 1404 loquutiones
1265 1369 1414 1404 peraeque
1429 1354 1550 1392 valent,
1562 1353 1731 1389 Iustificari
1741 1358 1803 1388 nos
1815 1355 1880 1389 Dei
1891 1358 2003 1401 gratia,
2018 1351 2193 1391 Christum

345 1410 405 1444 effe
420 1408 580 1444 iustitiam
592 1408 748 1443 nostram,
761 1407 824 1440 Dei
837 1403 1109 1443 misericordiam,
1119 1417 1177 1440 cau
1184 1404 1247 1440 sam
1260 1403 1319 1439 else
1330 1405 1445 1439 nostrae
1458 1404 1586 1437 iustitiae
1597 1404 1774 1439 ‚iustitiam
1786 1414 1892 1437 morte
1906 1408 1940 1438 &
1952 1402 2192 1440 resurrectione

346 1458 472 1492 Christi
483 1455 582 1491 nobis
592 1453 796 1502 acquisitam,
809 1453 919 1488 Nobis
930 1452 1088 1488 iustitiam
1101 1453 1244 1488 conferri
1255 1467 1312 1502 per
1322 1451 1555 1499 Euangelium‚
1565 1451 1640 1485 Nos
1653 1449 1714 1485 fide
1724 1449 1885 1498 consequi
1914 1452 2084 1486 iustitiam.
2098 1455 2194 1488 Vnde

347 1517 481 1555 apparet
493 1507 594 1552 quam
606 1502 775 1552 pueriliter
785 1515 892 1537 errent
900 1504 958 1549 qui
969 1502 1215 1550 'propositiones
1225 1503 1297 1536 istas
1307 1501 1487 1536 conciliare
1498 1499 1618 1534 volunt
1636 1522 1647 1536 ‚
1657 1498 1731 1533 Nos
1747 1498 1807 1532 fide
1822 1503 1855 1534 δι
1866 1498 2022 1548 operibus
2033 1499 2130 1542 simul
2140 1504 2194 1537 iu·-

349 1554 491 1590 stificari:
501 1566 580 1588 nam
592 1555 650 1599 qui
663 1551 724 1586 fide
735 1551 838 1585 iustus
849 1550 963 1591 est,ille
973 1553 1114 1599 propriae
1124 1551 1252 1585 iustitiae
1263 1554 1362 1598 inops
1376 1554 1408 1584 δέ
1423 1561 1555 1588 vacuus,
1567 1550 1601 1582 in
1613 1546 1716 1582 solam
1727 1549 1790 1581 Dei
1799 1550 1938 1595 gratiam
1950 1548 2192 1585 recumbit.At-

2264 914 2268 928 l

2266 935 2268 946 ι

348 1617 412 1651 que
423 1604 490 1637 hzec
506 1601 549 1635 est
559 1612 655 1638 ratio,
676 1612 732 1634 cur
743 1599 864 1634 Paulus
874 1600 914 1633 ad
923 1601 1100 1634 Romanos
1115 1599 1305 1636 concludat,
1316 1597 1482 1633 Abraham
1493 1597 1624 1631 destitui
1633 1595 1742 1643 gloria
1750 1597 1838 1643 apud
1846 1597 1976 1635 Deum,
1991 1599 2071 1644 quia
2082 1596 2146 1632 fide
2156 1611 2194 1632 a·
2245 1599 2268 1620 s*

346 1654 464 1700 deptus
477 1649 512 1684 lit
524 1651 692 1684 iustitiam.
703 1661 812 1695 neque
822 1650 912 1682 enim
924 1648 1045 1682 dicitur
1055 1650 1253 1695 imputatam
1265 1646 1315 1682 illi
1326 1644 1417 1681 fuisse
1430 1645 1529 1680 fidem
1541 1647 1574 1678 in
1586 1655 1711 1692 partem
1720 1645 1861 1681 iustitiae‚
1872 1643 1923 1678 sed
1935 1646 1970 1680 in
1982 1645 2104 1681 iustitia
2114 1645 2194 1681 firn-

346 1701 489 1749 pliciter.
504 1712 582 1746 ergo
593 1701 626 1732 in
641 1696 784 1731 solidum
796 1695 874 1731 fides
885 1695 934 1730 illi
943 1708 1004 1744 pro
1017 1697 1139 1730 iustitia
1149 1695 1330 1731 fuit.Porrb
1342 1693 1422 1729 fides
1432 1693 1518 1728 nihil
1527 1695 1674 1728 intuetur
1684 1704 1798 1740 praeter
1809 1694 1874 1728 Dei
1884 1691 2143 1729 misericordiam
2155 1699 2193 1730 δε

346 1749 519 1784 Christum
531 1757 704 1781 mortuum
713 1757 750 1780 ac
764 1743 966 1780 suscitatum.
978 1747 1063 1791 Ergo
1074 1745 1093 1778 a
1102 1743 1447 1779 causaiustificationis
1459 1741 1642 1776 excluditur
1654 1754 1756 1776 omne
1764 1754 1902 1790 operum
1915 1745 2194 1790 meritum‚quum

347 1808 417 1832 tota
430 1795 605 1844 assignatur
616 1793 705 1828 fidei.
717 1794 808 1828 Fides
822 1795 912 1828 enim
925 1819 936 1833 ‚
950 1803 1112 1839 quatenus
1124 1794 1192 1826 Dei
1203 1796 1379 1841 gratuitam
1390 1792 1576 1827 bonitatem
1587 1814 1596 1827 ‚
1610 1789 1781 1824 Christum
1792 1802 1869 1825 cum
1879 1790 2038 1825 omnibus
2053 1791 2116 1826 suis
2128 1792 2194 1826 bo—
2233 1816 2238 1820 -

347 1849 412 1883 nis,
423 1845 654 1879 testimonium
666 1843 858 1890 adoptionis
870 1845 984 1877 nostrae
995 1841 1086 1887 quod
1096 1844 1131 1876 in
1143 1836 1327 1888 Euangelio
1338 1840 1495 1876 redditur,
1508 1841 1542 1873 in
1553 1839 1584 1873 se
1592 1840 1754 1873 continet:
1765 1851 1800 1872 in
1812 1838 2000 1873 vniuersum
2013 1840 2107 1887 Legi,
2120 1853 2192 1874 me—

347 1897 420 1929 ritis
431 1896 623 1940 operurm&
638 1892 817 1926 hominum
833 1891 987 1936 dignitati
999 1891 1194 1936 opponitur.
1208 1902 1287 1924 nam
1301 1889 1392 1936 quod
1403 1889 1607 1922 caeremoniis
1620 1886 1749 1921 tantum
1766 1888 1896 1934 opponi
1907 1886 2189 1935 putantsophiste:

347 1942 444 1977 nullo
457 1943 594 1988 negotio
607 1950 782 1974 contextus
795 1938 1026 1986 disputationis
1039 1950 1118 1971 mox
1127 1949 1293 1986 coarguet.
1305 1937 1563 1972 Meminerimus
1575 1938 1727 1982 ergo‚qui
1740 1933 1802 1969 fide
1811 1935 1886 1968 iusti
1899 1934 1983 1969 sunt.
1998 1948 2054 1970 eos
2065 1947 2152 1970 extra
2162 1936 2194 1971 se

350 1991 452 2025 iustos
466 1989 535 2028 effe,
550 2000 669 2035 nempe
680 1990 714 2021 in
727 1987 872 2021 Christo,
893 1987 978 2020 vnde
988 1988 1087 2019 etiam
1101 1988 1214 2034 inepta
1224 1986 1433 2032 quorundam
1445 1983 1615 2019 cauillatio
1627 1982 1784 2031 refellitur
1793 2007 1803 2020 ‚
1815 1986 1873 2029 qui
1884 1983 2023 2018 Paulum
2039 1983 2193 2020 eludunt:

348 2051 427 2085 qma
444 2036 552 2072 Moses
565 2037 722 2070 iustitiam
733 2034 876 2083 appellet
887 2033 1098 2082 probitatem:
1110 2046 1208 2080 atque
1221 2034 1301 2068 adeo
1312 2032 1398 2071 nihil
1409 2032 1497 2066 aliud
1509 2031 1668 2079 significet
1680 2057 1689 2071 ‚
1703 2036 1803 2078 quam
1817 2032 1980 2066 Abraham
1991 2030 2084 2066 fuifl‘e
2094 2032 2190 2067 habi-

347 2097 419 2121 tum
432 2086 575 2134 probum
589 2087 697 2118 virum
719 2110 729 2124 ,
741 2087 819 2130 quia
828 2084 902 2116 Deo
913 2083 1094 2116 crediderit.
1104 2083 1201 2116 Tales
1213 2079 1431 2129 vertiginosos
1445 2079 1574 2127 spiritus
1586 2080 1684 2115 hodie
1695 2077 1821 2115 suscitat
1835 2081 1931 2113 Satan
1942 2104 1951 2120 ,
1971 2083 2029 2126 qui
2042 2079 2191 2128 obliquis

347 2135 526 2169 calumniis
537 2145 696 2179 tanquam
707 2131 884 2172 cuniculis,
895 2132 1067 2178 Scripturae
1079 2131 1311 2165 certitudinem
1324 2129 1489 2164 subruant.
1499 2131 1544 2163 At
1555 2128 1632 2162 vcro
1645 2127 1838 2175 Paulus,qui
1849 2127 1968 2162 sciebat
1979 2128 2106 2163 Mosen]
2119 2143 2192 2165 non

348 2181 491 2218 docuisse
506 2182 574 2216 illic
586 2193 705 2229 pueros
718 2182 980 2226 grammaticam,
991 2179 1043 2213 sed
1053 2180 1090 2213 de
1102 2180 1227 2213 iudicio
1241 2180 1305 2213 Dei
1315 2178 1498 2224 loquutum
1511 2174 1654 2214 esse‚non
1666 2176 1835 2211 immerito
1848 2181 1950 2211 nome'
1961 2178 2080 2219 lnshssn'ae
2093 2177 2190 2212 theo-

348 2232 458 2279 logice
470 2232 605 2277 accepit.
618 2242 726 2275 neque
738 2231 828 2262 enim
840 2241 874 2262 ca
885 2230 1031 2265 ratione,
1042 2241 1107 2274 qua
1118 2227 1291 2275 probitatis
1301 2226 1431 2260 laudem
1445 2224 1604 2259 habemus
1614 2226 1699 2272 apud
1709 2225 1864 2259 homiues
1881 2248 1890 2262 ‚
1903 2238 2012 2259 coram
2024 2226 2098 2259 Deo
2112 2225 2189 2262 iusti

349 2278 529 2314 censemur:
543 2278 593 2313 sed
604 2291 709 2324 quum
722 2275 886 2310 afferimus
895 2274 1075 2323 perfectam
1088 2277 1186 2324 Legis
1197 2276 1432 2310 obedientiam.
1443 2274 1535 2307 Nam
1546 2274 1665 2308 iustitia
1678 2271 1918 2320 transgressioni
1931 2274 2027 2320 Legis
2040 2277 2137 2308 etiam
2151 2278 2187 2312 in

350 2331 496 2363 minimo
507 2330 597 2374 apice
611 2329 807 2373 opponitur.
824 2338 896 2359 eam
906 2327 1044 2371 quinon
1057 2324 1215 2360 habemus
1225 2325 1242 2358 ὲ
1252 2324 1350 2358 nobis
1372 2347 1382 2361 ,
1392 2324 1483 2356 Deus
1495 2321 1593 2357 nobis
1605 2322 1749 2368 gratuito
1762 2322 1873 2357 donat.
1887 2321 2008 2355 Verum
2023 2322 2078 2356 hic
2088 2324 2188 2357 ludaei

350 2376 491 2411 Paulum
502 2377 678 2422 exagitant,
691 2374 780 2420 quod
792 2385 961 2421 perperam
971 2372 1074 2407 Mofis
1092 2372 1190 2407 verba
1200 2375 1235 2407 in
1245 2370 1338 2407 suum
1351 2371 1532 2406 comodum
1545 2368 1723 2404 detorserit.
1736 2383 1842 2416 neque
1856 2372 1946 2406 enini
1957 2368 2027 2405 illic
2037 2372 2075 2404 de
2085 2371 2188 2405 Chri-

352 2427 399 2460 sto
412 2427 526 2459 traCtat
537 2421 646 2458 Moses
665 2448 674 2462 ,
696 2433 752 2456 aut
763 2422 801 2456 de
812 2433 880 2456 vrta
898 2434 1018 2456 aeterna
1030 2432 1037 2452 τ
1050 2419 1102 2456 sed
1113 2433 1245 2456 terrente
1257 2420 1362 2456 modo
1374 2416 1600 2466 promissionis
1613 2420 1778 2451 meminit.
1789 2421 1818 2451 A
1834 2419 1948 2452 Iudaeis
1961 2431 2097 2468 quoque
2114 2433 2186 2454 non
2236 2422 2238 2425 ’

352 2472 470 2521 procul
491 2471 606 2506 absunt
617 2470 768 2518 Papistae:
788 2483 866 2504 narn
879 2469 934 2503 etsi
945 2468 1085 2503 Paulum
1104 2483 1175 2504 non
1185 2470 1306 2504 audent
1327 2469 1492 2503 insectari,
1512 2477 1622 2500 tamen
1634 2467 1702 2499 eius
1712 2468 1936 2501 intentionem
1947 2470 2056 2514 prorlu
2066 2480 2079 2501 s
2092 2480 2185 2502 euer-

353 2532 438 2555 tunt.
452 2518 806 2568 RespondeQPaulum
817 2517 872 2552 hic
882 2530 941 2566 pro
952 2516 1097 2552 confesso
1107 2517 1232 2552 sumere
1244 2518 1336 2565 quod
1346 2514 1523 2551 indubium
1534 2517 1664 2549 axioma
1674 2515 1717 2548 est
1727 2513 1816 2561 apud
1830 2514 2188 2563 Christianos‚quascfi··

354 2582 418 2616 que
432 2567 663 2616 promissiones
673 2566 810 2601 Abrahae
820 2567 907 2600 dedit
916 2568 1100 2603 Dominus,
1112 2568 1224 2614 prima:
1235 2561 1425 2622 iffiflssfssiffe
1435 2563 1620 2611 appfidice&
1631 2564 1701 2610 Ego
1713 2560 1783 2596 sum
1794 2564 1884 2599 Deus
1894 2563 1981 2602 tuiis,
1994 2566 2120 2598 Merces
2130 2576 2186 2599 tua

358 2630 476 2664 magna
488 2619 600 2653 nimis,
610 2618 648 2651 Et
659 2618 693 2650 in
706 2615 828 2650 semine
838 2626 899 2649 tuo
908 2614 1145 2649 benedicentur
1154 2627 1272 2649 omnes
1283 2624 1407 2662 gentes.
1433 2615 1547 2658 ltaque
1558 2623 1663 2659 quum
1675 2611 1800 2645 audiret
1810 2610 1987 2649 Abraham,
1998 2614 2067 2646 Erit
2076 2611 2187 2651 semen

358 2677 454 2700 tuum
467 2664 544 2699 sieut
556 2677 652 2698 arena
664 2667 762 2698 maris
773 2687 781 2701 ‚
796 2668 860 2697 estc.
882 2666 917 2697 in
929 2663 993 2697 hoc
1003 2661 1105 2697 verbo
1116 2676 1185 2696 non
1196 2661 1335 2697 substitit
1347 2684 1356 2699 ‚
1369 2660 1421 2695 sed
1434 2664 1441 2694 1'
1470 2657 1540 2695 sum
1550 2661 1662 2708 potius
1673 2657 1861 2694 includebat
1873 2661 1907 2694 in
1919 2664 2020 2707 gratia
2029 2661 2187 2708 adoptio-

360 2717 423 2751 nis,
435 2725 592 2760 tauquam
603 2724 729 2760 partem
749 2715 784 2746 in
794 2722 879 2746 toto.
890 2713 1074 2758 quinetiam
1087 2723 1293 2757 quaecunque
1312 2674 1485 2758 promissio
1503 2709 1575 2743 data
1587 2705 1661 2742 effer
1671 2730 1679 2745 ,
1699 2706 1790 2743 illam
1809 2720 1880 2743 non
1895 2706 1987 2742 aliter
2005 2708 2184 2755 recipiebat

386 2764 460 2796 uam
472 2763 701 2795 testimonium
712 2771 852 2808 paternae
862 2761 925 2794 Dei
936 2761 1044 2806 gratiae
1056 2783 1066 2796 ,
1083 2769 1116 2792 vt
1127 2760 1203 2794 inde
1216 2758 1325 2793 salutis
1343 2757 1497 2793 fiduciam
1508 2755 1779 2806 apprehenderet.
1802 2750 1891 2791 Nsm
1905 2759 1936 2789 ἃ·
1951 2758 1985 2789 in
1995 2756 2061 2790 hoc
2070 2756 2109 2791 ab
2129 2760 2185 2792 in-

358 2776 512 2845 fidelibus
529 2808 685 2844 differunt
697 2809 756 2843 filii
767 2810 831 2842 Dei
842 2831 851 2845 ,
864 2808 957 2855 quod
967 2807 1017 2841 illi
1027 2808 1162 2854 quidem
1171 2809 1236 2841 Dei
1254 2804 1424 2842 beneficiis
1435 2807 1661 2840 communiter
1671 2816 1747 2838 cum
1760 2806 1798 2837 iis
1818 2803 1972 2838 fruuntur
1982 2827 1992 2841 ,
2004 2802 2055 2839 sed
2069 2816 2182 2842 tamen

357 2858 457 2893 instar
471 2858 636 2905 pecudum
650 2870 684 2891 ea
695 2858 919 2903 ingurgitant,
939 2869 1047 2902 neque
1057 2856 1154 2890 altius
1164 2853 1358 2903 respiciunt:
1371 2854 1404 2888 hi
1419 2854 1497 2888 verb
1509 2878 1519 2891 ‚
1533 2855 1610 2900 quia
1621 2850 1894 2900 promissionibus
1907 2850 2104 2890 sanstificata
2123 2852 2185 2890 esse

353 2905 515 2942 beneficia
525 2908 641 2939 omnia
654 2916 779 2939 norunt
790 2929 799 2942 ‚
820 2906 930 2940 Deum
942 2907 974 2938 in
987 2903 1053 2938 illis
1063 2902 1248 2952 agnoscunt
1273 2905 1412 2937 Patrem.
1431 2905 1477 2937 lta
1489 2901 1524 2938 fit
1534 2913 1569 2936 vt
1580 2899 1704 2947 semper
1713 2902 1895 2947 dirigantur
1905 2901 1945 2945 ad
1957 2899 2044 2948 spem
2056 2904 2131 2936 vita:
2140 2914 2241 2948 &ff

351 2964 454 2990 'ternae
465 2968 472 2988 :
484 2956 562 3001 quia
575 2955 592 2987 a
604 2953 821 2987 fundamento
832 2955 1000 3000 incipiunt
1011 2976 1020 2989 ,
1032 2952 1097 2986 hoc
1108 2953 1151 2986 est
1161 2954 1178 2986 a
1190 2951 1250 2987 fide
1262 2951 1322 2987 suae
1332 2952 1535 2998 adoptionis.
1563 2949 1645 2982 Non
1657 2960 1735 2996 ergo
1745 2947 1936 2983 iustificatus
1948 2950 1990 2983 est
2001 2948 2184 2992 Abraham,

354 3006 433 3051 quia
442 3002 569 3037 tantum
580 3002 619 3035 de
632 3000 911 3049 multiplicatione
921 2999 1053 3035 seminis
1065 3003 1138 3035 Deo
1149 3001 1318 3036 crediderit
1328 3016 1337 3033 :
1349 2999 1399 3035 sed
1409 3001 1486 3046 quia
1498 2999 1563 3032 Dei
1574 2999 1710 3043 gratiam
1720 2996 1891 3045 amplexus
1908 2997 1950 3033 est
1974 3020 1984 3036 ,
1999 2997 2098 3033 fretus
2108 3001 2184 3034 Me-

352 3054 478 3086 di.1t0re
490 3048 647 3099 promisso
658 3076 667 3090 ‚
686 3051 720 3083 in
735 3062 804 3096 quo
823 3061 940 3084 omnes
950 3051 1014 3084 Dei
1034 3047 1266 3096 promissiones
1284 3047 1357 3083 sunt
1370 3049 1476 3082 Etiam
1496 3049 1530 3082 &
1540 3048 1670 3079 Amen:
1691 3046 1975 3091 quemadmodum
1985 3045 2065 3080 alibi
2086 3047 2183 3082 docet

353 3102 442 3136 idem
455 3098 585 3134 Paulus.

388 3159 424 3194 ,7
474 3146 644 3195 Cognoscite
654 3148 744 3194 ergo.)
784 3143 857 3181 vel,
869 3142 1091 3192 Cognoscitis.
1106 3158 1181 3180 nam
1195 3147 1326 3190 Vtrique
1339 3145 1442 3179 modo
1451 3144 1613 3191 conqenit
1623 3143 1733 3176 Graeca
1743 3141 1998 3177 terminati02sed
2009 3145 2184 3190 quiaidem

356 3206 466 3231 manet
477 3194 594 3233 sensus,
606 3208 720 3243 parum
734 3191 828 3227 refert
839 3203 947 3227 vtrum
959 3194 1056 3239 legas,
1072 3193 1129 3227 nili
1142 3194 1232 3240 quod
1241 3195 1342 3229 Vetus
1353 3192 1522 3227 translatio
1533 3203 1632 3237 quam
1644 3189 1798 3236 sequutus
1809 3188 1891 3227 sum,
1903 3189 1976 3237 plus
1987 3192 2186 3239 energieha-

353 3246 418 3280 bet.
430 3247 494 3278 Eos
507 3244 607 3291 porro
626 3244 705 3277 dicit
719 3239 778 3276 effe
793 3254 829 3275 ex
843 3239 916 3278 fide,
927 3243 984 3287 qui
996 3241 1144 3275 abdicata
1156 3253 1296 3289 operum
1307 3239 1426 3276 fiducia
1436 3265 1446 3278 ,
1468 3243 1502 3275 in
1513 3238 1580 3274 sela
1591 3240 1655 3273 Dei
1667 3237 1886 3285 promissione
1894 3238 2116 3285 acquiescunt.
2130 3242 2181 3275 Si-

354 3296 429 3339 quis
439 3304 532 3326 rooet
544 3305 612 3338 quo
622 3292 760 3326 authore
777 3292 822 3324 ita
831 3302 1051 3336 exponamus:
1070 3290 1184 3324 eodem
1195 3289 1274 3336 ipso.
1308 3303 1384 3324 nam
1395 3291 1433 3323 ad
1444 3290 1617 3323 Romanos
1629 3288 1674 3320 ita
1685 3285 1814 3325 scribit,
1828 3288 1991 3335 Operanti
2004 3299 2072 3322 non
2083 3291 2184 3334 gratis

347 3342 455 3378 datur,
482 3340 519 3374 ed
530 3342 674 3376 redditur
685 3350 818 3375 merces.
829 3336 962 3374 nullum
973 3348 1083 3373 autem
1096 3351 1179 3385 opus
1191 3336 1325 3374 habenti
1336 3350 1441 3386 quum
1455 3335 1541 3375 nihil
1551 3334 1714 3373 debeatur,
1726 3337 1909 3386 imputatur
1920 3333 1997 3373 fides
2007 3338 2043 3372 in
2053 3336 2184 3374 iustitia.

2098 3385 2199 3438 Ergo.

2242 2950 2250 2973 ‘t
