2268 3705
0 242 16 607 -ι;;;-ΗᾺ

41 2675 43 2678 <
74 2656 187 2689 omnis
197 2655 260 2689 Dei
272 2648 364 2688 salus:
377 2656 528 2702 potentia
538 2655 627 2688 enim
639 2652 703 2687 Dei
715 2653 803 2687 estin
815 2651 951 2687 salntem
962 2654 1180 2690 credentibus.
1189 2658 1277 2703 Ergo
1289 2655 1433 2702 quialibi
1446 2656 1582 2692 salutem
1594 2662 1721 2705 quaerit,
1737 2673 1779 2695 vu

581 109 688 158 AD
738 99 1162 157 HEBRAEOS·
1211 101 1536 162 CAP·11·‚
1877 115 1933 170 '535

96 183 259 225 felistim&
283 182 440 230 suamque
449 190 584 230 operam
605 180 704 216 nobis
714 180 1075 229 omnibusimpendant
1084 181 1124 216 ad
1133 193 1196 216 nos
1205 181 1359 216 tuendos.
1373 183 1435 217 Sed
1449 183 1515 218 hoc
1525 180 1689 220 beneficio
1701 186 1824 226 eleetos
1847 190 1923 229 suos

96 234 304 283 (peculiariter
313 233 477 278 dignatur.
488 242 566 278 ergo
576 242 611 265 νε
622 229 755 277 Angeli,
764 230 866 263 nostri
876 227 950 267 sint,
966 229 1092 264 Christi
1103 227 1252 264 membra
1261 241 1324 264 nos
1337 228 1397 264 effe
1408 242 1554 283 oportet.
1573 233 1778 281 anuam
1790 240 1919 286 pollent

99 279 271 317 exaduerso
282 279 384 314 obiici
394 281 566 325 Scriptura:
576 279 775 313 testimonia:
787 277 873 311 vnde
883 279 1009 312 constat
1019 277 1239 326 reproborum
1253 279 1353 312 etiam
1365 282 1458 313 caula
1468 279 1619 326 Angelos
1631 284 1799 320 interdum
1820 292 1919 323 emit-

97 334 134 366 ti.
147 330 235 365 Nam
245 328 331 376 apud
340 325 516 362 Danielem
526 334 834 361 commemorantur
844 325 966 373 Angeli
975 324 1141 361 Persarum
1152 330 1185 361 &
1198 328 1403 361 Graecorum.
1416 328 1476 361 Sed
1486 329 1669 374 respondeo
1690 346 1701 368 ·‚
1714 336 1757 367 i'ta
1768 336 1919 383 Angelo-

97 385 174 415 ωσι
183 389 247 425 ope
260 375 334 410 illos
345 374 437 409 fuiffe
446 374 588 416 adiutos,
598 386 632 408 νε
641 375 812 409 Dominus
822 372 886 407 hoc
901 374 1003 408 modo
1015 373 1134 423 populi
1149 375 1198 409 sui
1210 371 1346 409 salutem
1357 384 1583 422 promouetet.
1596 378 1761 416 Successus
1771 387 1860 418 enim
1882 390 1917 421 ὃς

95 427 243 462 vi<5k0tiae
253 436 331 471 quas
342 422 538 458 obtinebant
559 445 569 460 ‚
582 421 707 470 semper
716 422 756 456 ad
774 420 948 456 Ecclesiam
961 433 1120 469 tanquam
1132 423 1171 457 ad
1181 422 1318 468 scopum
1330 424 1426 458 suum
1437 422 1669 459 referebantur.
1697 429 1772 464 Hoc
1789 443 1917 469 certum

95 475 152 513 est,
167 475 246 520 quia
258 471 427 506 exuramus
438 473 456 506 ὲ
466 483 569 518 regno
578 472 641 505 Dei
652 483 710 518 per
719 480 902 518 peccatum,
914 469 1041 504 nullam
1052 470 1151 506 nobis
1161 482 1240 505 cum
1251 470 1392 521 Angelis
1403 469 1463 506 ess'e
1474 477 1819 513 communicationem
1830 504 1840 518 ,
1863 485 1916 516 ni-

94 521 117 558 fi
134 518 408 556 seconciiiatione
420 530 478 569 per
512 519 683 553 Christum
692 517 795 554 faetat
813 515 912 564 idque
923 520 958 552 in
969 517 1139 566 scalalquae
1151 522 1187 554 in
1196 517 1322 553 visione
1340 520 1530 556 Patriarchae
1542 522 1641 556 iacob
1654 526 1821 572 proposita
1831 528 1894 564 fuit
1903 553 1914 568 ‚

93 580 226 606 cernere
236 570 325 605 licet.

917 615 950 650 C
965 615 996 650 A
1011 616 1036 649 P
1053 617 1084 649 V
1101 616 1132 650 T
1180 617 1197 650 1
1218 617 1250 648 1.

90 735 93 739 ,
205 689 407 732 Vamobrem
420 698 547 746 oportet
555 703 619 729 nos
627 690 738 744 magis
749 687 925 729 attendere
932 690 979 728 iis
987 702 1062 744 quae
1067 688 1276 736 audiamus,
1287 702 1332 728 ne
1342 689 1484 745 quimdo
1495 687 1704 747 diffluamm.
1747 740 1750 742 μ

98 693 228 801 Q
258 763 279 787 2.
334 750 372 787 Si
380 750 472 787 enim
482 749 543 800 qui
545 757 609 801 per
620 745 762 800 Angelos
771 746 966 783 enuntiatus
976 743 1384 801 eratse'rmofirmusfhit,
1399 747 1440 794 ἀ·
1448 753 1561 789 omm‘s
1574 753 1781 810 transgressio
1793 753 1834 801 ῤ’
1862 756 1919 796 in.

91 803 288 847 tbedientia
300 807 425 844 iusim
433 804 555 857 accepit
560 816 594 840 re
593 813 661 858 pen
655 804 788 858 fionem
794 799 954 850 meroedu
969 813 983 834 .·
1084 853 1086 856 Ι
1917 807 1919 810 v

149 874 164 913 3
219 858 405 916 Qomodo
417 872 480 899 nos
491 856 684 914 effugiemus
694 866 793 898 tanta
802 854 1067 911 negledlafizlute
1074 859 1093 896 ?
1103 870 1175 912 quae
1183 869 1291 912 quum
1301 860 1402 899 initia
1410 858 1549 917 [ἀμφι
1558 870 1678 902 enarra
1684 865 1714 903 ri
1719 876 1782 920 per
1791 869 1916 907 Domi·

92 929 191 963 num,
201 913 243 955 ab
254 918 299 955 iis
308 918 369 970 qui
376 913 568 960 audieram,
583 926 659 968 erga
668 927 733 954 nos
741 910 1016 966 confirmatafuit
1026 928 1035 950 ε

147 987 173 1023 4
227 971 334 1011 Simul
338 970 512 1022 attestante
521 975 606 1015 Deo,
608 969 720 1024 fignis
729 966 941 1024 &prodigiis
950 968 991 1015 <ff
999 966 1184 1011 virtutibus
1193 971 1307 1010 variis
1319 970 1360 1018 ἀ·
1379 970 1669 1025 distributionibus
1689 976 1916 1032 ,spiritusffiffl

89 1030 153 1076 ai,
158 1027 341 1081 secandum
349 1029 422 1072 eius
431 1025 658 1065 voluntatem.

138 1118 153 1142 1
200 1104 407 1157 Qmobrem
418 1108 554 1155 oportet.)
591 1108 660 1139 Iam
674 1104 813 1140 declarat
824 1102 982 1154 quorsum
991 1105 1151 1142 hactenus
1162 1105 1290 1156 spee‘kau
1296 1111 1368 1147 erit,
1377 1106 1548 1144 Christum
1559 1122 1638 1146 cum
1649 1112 1789 1161 Angelis
1818 1127 1914 1151 com-

114 1156 236 1192 arando
251 1168 260 1189 z
273 1167 392 1202 nempe
402 1165 436 1188 νε
446 1156 516 1188 eius
526 1156 684 1189 doetrinae
696 1151 728 1189 su
735 1167 858 1188 minam
869 1156 1080 1189 autoritatem
1090 1168 1166 1191 com
1171 1169 1270 1204 paret.
1298 1158 1387 1192 Nam
1401 1156 1423 1190 si
1437 1158 1504 1191 Lex
1521 1172 1594 1205 quae
1605 1172 1661 1207 per
1670 1162 1820 1209 Angelos
1839 1165 1913 1200 data

88 1169 247 1243 leuinnon
255 1204 369 1237 debuit
379 1205 603 1251 contemptim
614 1205 728 1250 recipi,
741 1207 776 1238 &
788 1205 857 1237 eius
874 1201 1078 1249 transgteffio
1090 1204 1246 1251 grauibus
1260 1209 1367 1253 poenis
1379 1204 1499 1240 sancita
1506 1205 1579 1241 fuit:
1591 1209 1672 1254 quid
1690 1208 1842 1247 futurum
1854 1214 1911 1254 est,

88 1255 214 1301 inquit,
225 1250 397 1299 Euangelii
407 1249 708 1300 contemptoribus,
720 1251 811 1297 quod
824 1255 856 1285 &
867 1249 993 1285 Filium
1005 1253 1070 1285 Dei
1081 1251 1179 1287 habet
1190 1264 1353 1292 autorem,
1369 1258 1402 1289 &
1413 1264 1464 1288 tot
1478 1257 1645 1290 miraculis
1655 1255 1719 1291 fuit
1729 1259 1911 1296 confirma-

81 1303 187 1338 'tum?
203 1301 283 1335 Haec
292 1299 324 1334 su
331 1313 420 1334 mma
430 1300 473 1334 est
484 1329 494 1343 ‚
504 1313 573 1347 quo
585 1302 691 1334 maior
704 1300 747 1333 est
759 1297 883 1334 Christi
893 1300 1036 1346 dignitas
1045 1301 1147 1346 quam
1157 1301 1379 1349 Angelorum,
1399 1315 1438 1336 eo
1449 1301 1523 1350 plus
1537 1309 1726 1340 reuerentiae
1735 1307 1845 1343 deberi
1868 1311 1913 1344 E-

73 1349 246 1398 ⁸uangelio
257 1351 357 1396 quam
371 1351 463 1396 Legi.
481 1350 525 1382 ita
536 1348 575 1382 ab
585 1350 710 1382 autoris
721 1346 856 1395 persona
865 1347 1052 1382 dosttiiiain
1073 1351 1298 1384 commendat.
1321 1352 1354 1384 Si
1365 1353 1419 1385 cui
1430 1362 1540 1385 autem
1551 1353 1700 1388 videatur
1721 1355 1911 1399 absurdumi.

76 1410 195 1447 -quum
207 1409 340 1444 vtraque
350 1398 513 1437 doctrina,
524 1409 592 1431 ram
604 1398 701 1444 Legis
712 1397 811 1443 quam
824 1395 996 1442 Euangelii
1011 1409 1049 1430 ex
1059 1398 1133 1432 Deo
1144 1396 1193 1438 fit,
1205 1398 1342 1433 alteram
1351 1398 1444 1433 alteri
1456 1399 1608 1446 praeferri,
1618 1401 1708 1447 quasi
1718 1404 1806 1451 Lege
1817 1407 1909 1453 post-

86 1446 200 1482 habita
211 1448 430 1480 imminuatur
439 1447 503 1479 Dei
515 1446 671 1480 maiestas:
691 1443 856 1492 responsio
869 1444 973 1479 facilis
985 1446 1040 1486 est,
1050 1443 1175 1493 semper
1184 1449 1318 1493 quidem
1330 1446 1422 1494 aeque
1440 1448 1641 1483 audiendum
1653 1454 1784 1496 quoties
1795 1452 1912 1500 loqui-

87 1505 153 1530 tur:
165 1508 234 1542 quo
247 1506 358 1529 tamen
369 1493 499 1542 plenius
508 1491 537 1528 se
549 1491 648 1528 nobis
659 1492 851 1531 manifestat,
864 1506 997 1539 aequum
1008 1493 1067 1528 effe
1076 1505 1110 1528 vt
1122 1506 1182 1541 pro
1195 1496 1298 1529 modo
1310 1496 1523 1530 reuelationis
1534 1495 1630 1531 simul
1644 1496 1763 1533 crescat
1794 1503 1912 1541 timon,

81 1546 123 1579 δε
134 1543 312 1578 obediendi
323 1543 478 1577 studium.
489 1555 559 1576 non
571 1542 664 1588 quod
674 1539 767 1576 Deus
778 1538 879 1589 seipso
892 1543 1004 1576 minor
1013 1541 1049 1576 fit
1062 1554 1129 1576 vno
1142 1552 1293 1589 tempore
1304 1545 1405 1591 quam
1415 1543 1482 1577 alio
1500 1542 1571 1578 :sed
1584 1548 1663 1591 quia
1672 1559 1736 1581 nos
1747 1550 1816 1584 eius
1839 1563 1911 1585 ma-

78 1592 298 1640 ssgnitudinem
311 1604 382 1626 non
392 1589 558 1637 :equaliter
568 1588 692 1638 semper
702 1588 932 1637 agnoscimus.'
942 1592 1095 1624 Exoritur
1105 1593 1203 1625 etiam
1216 1591 1272 1627 hic
1286 1592 1422 1639 quaestio
1433 1618 1444 1633 ‚
1464 1590 1578 1627 {innon
1593 1595 1658 1628 Lex
1669 1598 1768 1630 etiam
1780 1597 1853 1632 data
1872 1598 1911 1633 sit

84 1652 145 1689 per
158 1652 296 1675 manum
308 1639 442 1677 Christi,
456 1639 546 1685 quod
557 1637 579 1672 si
589 1641 633 1673 ita
642 1640 685 1673 est
695 1665 704 1676 ,
715 1638 844 1672 videtur
854 1636 1028 1673 absurdum
1040 1637 1099 1673 esse
1109 1651 1344 1686 argumentum
1355 1638 1520 1688 Apostoli·
1532 1641 1734 1689 Respondeo
1745 1667 1756 1681 ‚
1784 1647 1820 1680 in
1847 1646 1911 1681 hac

83 1690 336 1737 comparatione
349 1687 462 1722 haberi
472 1689 578 1721 ration
584 1698 635 1721 em
646 1686 727 1722 hinc
737 1686 886 1724 occultae,
899 1686 993 1721 illinc
1003 1686 1179 1722 manifestae
1188 1688 1413 1723 reuelationis·
1424 1691 1493 1723 Iam
1504 1701 1610 1734 quum
1622 1692 1658 1725 in
1680 1693 1769 1740 Lege
1778 1692 1910 1729 ferenda

83 1736 237 1772 Christus
253 1733 389 1771 obscure
402 1735 431 1769 se
442 1739 475 1769 &
487 1734 575 1781 quafi
588 1733 646 1770 sub
658 1734 842 1770 inuolucris
851 1734 1075 1773 insinuaueritt
1089 1748 1160 1770 non
1172 1738 1297 1771 mirum
1313 1737 1358 1771 est
1370 1735 1392 1770 fi
1402 1740 1562 1784 praeterita
1572 1741 1641 1773 eius
1653 1743 1840 1780 mentione,
1854 1744 1906 1777 di-

82 1796 176 1820 catur
187 1797 243 1832 per
256 1782 405 1832 Angelos
417 1782 522 1817 allata.
543 1797 652 1830 neque
661 1786 751 1819 enim
767 1782 877 1831 pal‘am
888 1782 957 1818 illic
966 1786 1128 1831 apparuit.
1151 1785 1197 1818 At
1208 1784 1287 1819 verb
1299 1786 1336 1819 in
1351 1784 1525 1832 Euangelii
1536 1786 1810 1835 promulgatione
1822 1803 1909 1826 con-

80 1831 194 1882 spicua
205 1833 269 1868 fuit
279 1835 347 1867 eius
359 1831 475 1879 gloria,
487 1843 520 1865 vr
532 1834 601 1866 iure
612 1831 778 1867 censeatur
789 1834 859 1866 eius
869 1843 975 1866 autor.
1024 1831 1082 1865 Ne
1094 1830 1215 1877 qnando
1225 1831 1407 1879 diffluamus.
1460 1834 1493 1867 Si
1506 1837 1624 1876 mauis,
1634 1836 1908 1878 Praeterfluamtm

79 1893 276 1929 quanquam
288 1883 323 1915 in
333 1893 369 1915 ea
380 1893 411 1914 re
425 1892 541 1928 parum
552 1881 595 1914 est
609 1882 786 1915 momenti:
798 1881 877 1926 quia
887 1892 924 1913 ex
935 1879 1100 1914 antitheto
1111 1892 1206 1915 verus
1218 1879 1324 1916 sensus
1337 1880 1454 1929 colligi
1464 1883 1582 1929 potest.
1595 1883 1686 1918 Nam
1706 1886 1908 1924 attendere

81 1933 117 1965 &
129 1928 343 1977 praeterfluere
355 1927 429 1963 sunt
439 1928 598 1976 opposita.
609 1931 700 1976 prius
710 1926 870 1975 fignificat
879 1926 1245 1970 continere,secundum
1254 1930 1333 1964 verb
1345 1931 1442 1965 instar
1453 1929 1552 1964 cribri
1562 1942 1619 1966 aut
1631 1933 1751 1979 pertuli
1763 1934 1846 1969 dolii
1858 1935 1908 1970 ef-

76 1977 213 2014 fundere
223 1979 383 2025 quicquid
393 1979 555 2012 iniectum
566 1977 618 2011 est.
629 1978 749 2024 Neque
761 1978 851 2010 enim
862 1989 977 2011 eorum
989 1978 1189 2024 opinionem
1199 1977 1307 2025 probo
1318 1980 1378 2024 qui
1388 1990 1449 2026 pro
1458 1980 1596 2013 Interire
1609 1983 1906 2029 accipiunt‚quali-

77 2037 128 2062 ter
139 2027 260 2060 dicitur
271 2024 402 2060 secundi
414 2025 573 2059 Samuelis
588 2037 638 2072 ¹4·
652 2035 732 2071 c.14,
744 2026 875 2059 Omnes
884 2027 1044 2072 perimus,
1057 2028 1088 2059 ὅ(
1102 2024 1191 2071 quasi
1202 2038 1287 2073 aqua
1295 2025 1485 2061 dilabimur.
1504 2027 1619 2062 Potius
1629 2032 1689 2072 (vt
1704 2030 1784 2074 dixi)
1796 2031 1907 2066 confi-

79 2075 223 2110 detanda
233 2075 276 2109 est
286 2073 452 2108 antithesis
462 2076 547 2108 inter
557 2077 777 2108 attentionem
791 2076 824 2107 &
833 2072 1072 2121 profusionem.
1083 2086 1161 2108 narn
1172 2085 1297 2110 attenta
1308 2087 1401 2110 mens
1420 2073 1534 2110 similis
1545 2075 1590 2111 est
1600 2075 1662 2111 vasi
1673 2075 1757 2112 bene
1772 2079 1905 2116 obstru⁴=

80 2126 150 2160 eto:
164 2135 245 2170 vaga
255 2135 365 2157 autem
377 2126 410 2156 &
422 2122 747 2169 ignaua,perfotatio.
910 2158 914 2161 ,

125 2183 142 2206 2
182 2171 394 2215 Firmusfiait.)
445 2171 520 2204 Hoc
531 2172 586 2207 est,
599 2170 747 2204 obtinuit
759 2169 890 2218 pondus
900 2167 1004 2204 suum:
1015 2172 1094 2217 quia
1105 2172 1196 2205 Deus
1207 2169 1306 2205 fidem
1315 2170 1366 2206 illi
1375 2171 1514 2206 asseruit.
1522 2173 1613 2220 quod
1625 2187 1662 2209 ex
1676 2174 1904 2212 sanctionibus

77 2219 198 2256 melius
207 2222 306 2268 patet:
319 2221 398 2265 quia
407 2231 508 2252 nemo
521 2221 658 2265 impune
668 2216 866 2264 contempsit
877 2220 1103 2266 Legem-Ergo
1114 2218 1250 2254 firmitas
1262 2221 1331 2254 haec
1340 2223 1551 2255 autoritatem
1569 2221 1748 2269 significat:
1765 2229 1800 2259 ὅ(
1811 2223 1904 2272 quod

76 2270 118 2304 de
133 2271 239 2317 poenis
248 2269 376 2302 additur
395 2290 405 2304 ,
415 2265 595 2314 expositiue
609 2266 753 2315 intelligi
763 2266 860 2301 debet
869 2289 878 2304 ‚
898 2270 976 2314 quia
986 2267 1174 2303 doctrinam
1185 2268 1325 2302 minime
1334 2271 1471 2304 inanem
1481 2268 1532 2304 vel
1542 2271 1669 2306 irritam
1681 2270 1740 2307 eise
1761 2274 1903 2316 constat,

78 2319 174 2353 cuius
184 2316 274 2351 Deus
285 2317 451 2350 vindicem
465 2313 496 2349 se
509 2315 663 2349 ostendit.

125 2376 141 2411 3
188 2364 223 2400 T
224 2375 299 2398 anta
308 2363 570 2412 neglefiafiilme.)
619 2364 702 2398 Non
714 2362 844 2398 tantum
856 2363 1030 2411 Euangelii
1050 2366 1189 2400 reiedtio
1198 2387 1209 2403 ‚
1220 2363 1273 2400 sed
1284 2367 1382 2400 etiam
1393 2365 1565 2414 neglestus
1575 2367 1801 2415 grauiffimam
1830 2383 1902 2418 poe-

76 2425 158 2449 nam
170 2423 323 2447 metetur:
334 2425 454 2460 nempe
463 2424 524 2459 pro
536 2412 766 2458 magnitudine
776 2413 886 2459 gratiae
897 2411 1048 2458 quaeillic
1057 2411 1201 2448 offertur.
1214 2412 1294 2449 Ideo
1305 2415 1510 2455 dicit,Tanta
1519 2414 1726 2453 salureDeus
1738 2421 1830 2454 enim
1840 2420 1903 2454 do-

76 2473 120 2496 na
130 2459 184 2495 sua
194 2459 266 2494 vult
277 2461 296 2495 ὲ
308 2459 404 2496 nobis
414 2471 475 2508 pto
483 2460 645 2507 dignitate
653 2460 812 2494 aestimari.
825 2461 910 2507 Ergo
920 2458 989 2506 quo
1000 2460 1195 2508 preciosiora
1205 2462 1279 2497 sunt
1296 2488 1307 2504 ‚
1320 2463 1359 2497 eo
1375 2461 1495 2498 foedior
1504 2465 1548 2498 est
1558 2466 1666 2499 nostra
1676 2468 1901 2514 ingratitudm

73 2508 98 2544 si
108 2511 252 2558 pretium
262 2510 357 2544 suum
369 2508 457 2557 apud
466 2521 528 2543 nos
540 2521 610 2544 non
620 2507 753 2542 habent.
782 2510 937 2554 Denique
951 2520 1094 2556 quantus
1107 2511 1151 2544 est
1162 2511 1311 2545 Christus
1322 2537 1331 2551 ‚
1342 2522 1410 2545 tam
1421 2511 1528 2546 seuera
1552 2516 1613 2547 erit
1626 2515 1693 2548 Dei
1706 2516 1852 2551 vindiika
1864 2518 1901 2551 in

70 2560 195 2592 ‘omncs
205 2556 382 2605 Euangelii
391 2567 650 2604 contemptores.
669 2559 708 2591 Et
719 2555 853 2591 obse-rua
862 2556 981 2591 Salutis
991 2558 1094 2592 nome
1103 2557 1158 2593 hic
1167 2559 1392 2606 metonymice
1403 2561 1442 2593 ad
1461 2561 1649 2596 doctrinam
1660 2562 1811 2598 trasferri.
1823 2566 1903 2611 quia

75 2603 171 2641 ficuti
181 2614 253 2640 non
262 2604 356 2647 aliter
364 2607 534 2640 Dominus
544 2604 650 2639 saluos
661 2604 732 2639 vult
743 2603 811 2638 ficri
825 2604 990 2643 homines,
1003 2606 1102 2652 quam
1116 2619 1173 2654 per
1184 2607 1415 2655 Euangelium:
1428 2611 1473 2642 ita
1484 2608 1554 2657 ipso
1565 2610 1722 2657 negledto
1733 2610 1789 2646 res
1810 2615 1900 2648 uitur

1783 2625 1809 2695 R
1828 2673 1901 2695 eam

75 2701 232 2749 consequi
243 2701 306 2736 alia
316 2703 418 2749 quam
431 2704 496 2736 Dei
505 2704 626 2736 virtute
637 2726 647 2741 ‚
659 2702 751 2748 quod
762 2703 873 2735 nimiae
886 2702 929 2736 est
938 2701 1122 2738 dementiae.
1153 2702 1318 2739 Hoevero
1330 2707 1523 2739 encomium
1536 2719 1606 2741 non
1622 2708 1727 2741 modo
1738 2709 1777 2742 ad
1791 2710 1901 2744 Euan-

52 2764 61 2774 ‘
74 2749 154 2799 gelii
166 2749 496 2786 commendationem
506 2749 604 2787 valet,
616 2746 669 2783 sed
685 2750 728 2783 est
737 2751 857 2784 eximia
868 2747 942 2784 fidei
953 2751 1068 2785 nostrae
1079 2751 1162 2786 fultu
1168 2763 1213 2786 ra:
1225 2755 1302 2799 quia
1310 2751 1443 2787 testatur
1456 2752 1594 2788 verbum
1608 2756 1749 2790 minime
1771 2756 1830 2791 effe
1841 2759 1897 2792 ina

73 2811 129 2837 ne,
139 2798 234 2834 sedin
246 2813 285 2833 eo
300 2800 466 2834 contineri
476 2808 598 2833 certam
607 2792 754 2832 salutem.
803 2798 878 2846 Q
887 2801 1099 2843 qunminitio..
1137 2800 1204 2835 Hic
1221 2800 1340 2843 Filium
1353 2802 1417 2835 Dei
1431 2804 1578 2848 primum
1591 2803 1763 2850 Euangelii
1776 2809 1901 2852 prae'co-

72 2859 150 2882 nem
166 2846 304 2894 Angelis
314 2849 470 2894 opponit,
485 2850 518 2881 ὅ(
531 2844 627 2880 simul
637 2849 876 2895 anticipatione
897 2849 999 2881 v'titut.
1011 2848 1050 2882 ad
1060 2846 1243 2883 tollendam
1253 2848 1500 2884 dubitationem
1521 2863 1593 2897 quae
1605 2851 1719 2886 multis
1740 2852 1900 2901 obrepere

73 2907 212 2942 poterat.
224 2896 345 2942 Neque
356 2897 446 2929 enim
459 2895 570 2929 edoc‘ti
579 2906 669 2929 erant
683 2898 740 2938 dre
751 2895 873 2930 Christi
884 2894 993 2942 ipsius:
1006 2908 1106 2942 quem
1121 2909 1241 2944 magna
1250 2909 1286 2931 ex
1299 2909 1388 2944 parte
1399 2908 1573 2945 nunquam
1585 2901 1745 2935 viderant.
1777 2903 1810 2935 Si
1821 2910 1901 2949 ergo

73 2942 161 2978 solos
174 2943 328 2978 homines
341 2945 455 2978 intuiti
468 2941 578 2983 essent,
590 2955 734 2989 quorum
747 2943 934 2992 magisterio
944 2944 1075 2978 adducti
1087 2955 1177 2979 erant
1195 2946 1234 2979 ad
1243 2944 1341 2980 fidem
1353 2972 1364 2986 ,
1375 2948 1515 2981 minoris
1527 2945 1672 2982 feciisent
1698 2950 1790 2995 quod
1808 2949 1848 2984 ab
1859 2949 1901 2983 il-

73 2990 115 3027 lis
122 2993 314 3026 didicerant.
335 2993 421 3038 Ergo
434 2992 593 3025 admonet
603 2991 782 3038 Apostolus
794 3015 804 3029 ‚
826 2993 844 3025 ὸ,
855 2991 990 3026 Christo
1002 2991 1226 3028 nihilominus
1246 2992 1429 3041 proscribam
1443 2993 1503 3029 effe
1527 2996 1714 3031 doctrinam
1726 3020 1736 3034 ,
1756 3010 1828 3044 quae
1840 2996 1899 3032 fibi

73 3051 133 3088 per
141 3039 285 3074 aliorum
296 3052 411 3074 manus
422 3039 484 3074 fuit
494 3040 617 3073 tradita.
630 3041 722 3074 Dicit
744 3043 834 3074 enim
848 3037 939 3074 fuisse
951 3039 1074 3086 Christi
1086 3039 1265 3089 discipulos
1274 3066 1284 3080 ‚
1305 3045 1364 3088 qui
1373 3044 1391 3077 ὲ
1402 3042 1539 3078 Christo
1553 3043 1611 3078 fibi
1624 3045 1775 3079 mandata
1795 3045 1901 3080 fideli-

73 3099 122 3122 ter
134 3087 336 3135 pertulerint.
355 3088 431 3122 Ideo
443 3087 580 3122 verbum
595 3086 801 3132 confirmandi
813 3087 953 3134 vsurpat:
966 3087 1027 3122 acsi
1037 3089 1174 3130 diceret,
1187 3103 1258 3125 non
1269 3088 1362 3125 fuisse
1380 3103 1550 3126 rumorem
1563 3090 1705 3139 sparsum
1717 3091 1784 3127 fine
1808 3097 1900 3142 capi*

74 3147 126 3173 te,
139 3134 190 3169 vel
201 3137 219 3169 a
228 3135 333 3169 dubiae
345 3134 419 3170 fidei
429 3135 574 3175 testibus,
592 3133 642 3169 sed
652 3138 711 3182 qui
724 3149 838 3184 graues
850 3135 966 3171 habeat
978 3148 1118 3172 autores.
1153 3137 1318 3173 Caeterum
1329 3139 1384 3173 hic
1395 3139 1489 3174 locus
1500 3141 1627 3174 indicio
1638 3141 1700 3181 est,
1718 3141 1901 3188 Epistolam

74 3185 95 3219 ὲ
106 3182 209 3218 Paulo
219 3196 289 3217 non
300 3181 390 3217 fuilie
400 3183 630 3232 compositam.
643 3196 751 3230 neque
760 3187 851 3219 enim
861 3195 928 3218 tam
940 3184 1112 3220 humiliter
1124 3185 1231 3234 ‘loqui
1242 3185 1323 3221 solet
1343 3198 1377 3222 vt
1389 3186 1418 3221 se
1431 3200 1534 3222 vnum
1545 3187 1683 3222 fateatur
1698 3201 1736 3223 ex
1753 3190 1902 3237 Aposto-

73 3230 188 3267 lorum
196 3228 374 3278 discipulis:
386 3244 492 3278 neque
502 3234 534 3266 id
547 3231 741 3267 ambitione:
757 3232 809 3268 sed
819 3234 898 3279 quia
907 3232 1058 3281 improbi
1070 3234 1231 3270 eiusmodi
1242 3246 1399 3282 praetextu
1412 3261 1422 3276 ‚
1439 3236 1634 3270 tantundem
1644 3236 1809 3271 detrahere
1829 3241 1900 3273 eius

74 3279 234 3316 destrinae
247 3278 480 3360 molilebantur.
489 3281 633 3329 Apparet
642 3283 743 3329 igitur
755 3294 827 3316 non
843 3279 902 3316 effe
912 3280 1053 3317 Paulum
1063 3285 1123 3330 qui
1134 3296 1172 3319 ex
1181 3284 1296 3319 auditu
1306 3282 1336 3318 se
1348 3283 1466 3319 habere
1474 3283 1693 3332 Euangelium
1705 3282 1901 3324 stribitsnon

75 3339 188 3364 autem
198 3340 238 3362 ex
247 3340 324 3362 reue
339 3339 462 3362 atione.

67 3428 75 3432 ⁸
110 3387 139 3426 4
184 3376 284 3412 Simul
289 3375 469 3427 attestante.)
507 3378 727 3428 Rraeterquam
734 3377 828 3427 quod
836 3377 1004 3416 habebant
1015 3379 1035 3416 ὃ,
1044 3378 1132 3416 filio
1141 3379 1212 3416 Dei
1223 3377 1380 3429 Apostoli
1389 3381 1482 3428 quod
1489 3381 1717 3431 ptaedicarunt,
1726 3383 1917 3444 Domina*

1943 317 2134 360 minensis,

1942 514 2050 557 oms,
2057 523 2118 556 mag

1925 2659 2098 2692 Romlikairi
2118 2660 2123 2698 's
