2268 3705
305 134 374 173 ‘344
823 116 925 170 'IN
974 114 1577 171 EPIST-‘PA‘V'L‘I

312 196 459 232 fraudare
469 197 544 244 pios
557 189 737 241 ministros,
749 205 785 229 vt
792 195 933 230 Ecclesia
943 195 1064 229 talibus
1074 189 1276 229 destituatur.
1289 192 1410 228 Paulus
1420 205 1455 228 vt
1465 194 1503 227 de
1514 190 1766 228 conseruationc
1777 194 1955 230 ministerii
1969 205 2035 231 etat
2049 195 2160 233 solici-

314 257 380 284 tus,
391 246 607 280 commendat
616 244 786 279 bonorum
798 255 834 278 ac
854 243 1003 279 fidelium
1013 244 1181 278 Pastorum
1194 254 1318 276 curtim.
1353 255 1355 257 ’
1369 245 1541 276 Sermonem
1551 244 1661 290 accipe
1676 244 1741 274 κη’
1752 243 1855 285 ζξοχῐα)
1879 256 1940 290 pro
1951 247 2084 292 pietatis
2101 247 2164 281 do-

316 297 433 329 etrina.
446 295 510 328 Eos
519 293 657 327 alendos
666 292 726 327 effe
737 303 866 332 monet,
879 295 896 326 a
907 292 1028 338 quibus
1039 293 1074 326 in
1091 289 1242 325 sermone
1252 291 1468 345 instituimuf,
1479 304 1548 336 quo
1559 293 1661 337 igitur
1671 290 1773 326 titulo
1783 291 1916 326 aluntur
1926 295 1962 326 in
1975 295 2097 341 Papam
2110 293 2163 328 vel

315 342 413 377 otiosi
426 341 623 377 mutuorum
650 342 832 376 hominum
844 351 972 374 ventres
984 363 994 376 ,
1013 339 1064 372 vei
1074 338 1192 373 rabida:
1201 337 1319 372 beliuae
1329 362 1339 376 ,
1349 339 1470 385 quibus
1483 338 1568 421 wil
1578 351 1656 387 cruri
1669 339 1794 374 Christi
1805 341 1958 375 doctrina
1977 354 2162 377 commune

313 390 382 425 est?
440 391 626 424 Inommbns
640 388 737 423 bonis.
787 389 871 422 Non
885 391 963 434 quia
974 387 1055 420 velit
1065 389 1202 434 congeri
1213 385 1280 421 sine
1291 389 1394 421 modo
1405 385 1486 434 supe
1525 400 1558 434 U.
1613 386 1848 422 abundantiam
1861 402 1868 422 :
1881 386 1931 428 sed
1943 391 2067 436 nequid
2075 390 2156 425 defit

316 438 498 474 necessariis
511 442 584 473 vita:
597 437 756 473 subsidiis.
776 437 867 470 Nam
880 440 913 470 &
927 435 1045 482 frugali
1056 438 1147 471 victu
1158 437 1310 469 contenti
1321 435 1442 470 debent
1452 434 1512 469 effe
1523 399 1687 470 ffiistri:
1722 440 1755 471 δε
1773 436 1898 484 semper
1918 437 2054 472 luxuria:
2064 450 2165 485 pom-

317 488 502 536 parumque
515 486 664 535 periculo
675 486 715 518 est
728 484 949 518 obuiandum.
977 495 1142 530 quantum
1152 486 1254 531 igitur
1266 482 1409 530 postulat
1419 482 1589 532 neffigffitas
1601 507 1612 521 ‚
1623 482 1766 518 habeant
1777 483 1888 519 fideles
1900 484 1953 520 sua
1963 489 2078 521 onmia
2097 489 2164 534 piis

317 535 501 583 faustisque
514 534 719 570 Doctoribus
734 532 888 579 exposita.
900 542 977 566 nam
988 545 1054 580 qua
1066 533 1213 566 mercede
1225 527 1627 566 inaestimabileri'i'aeternae
1637 534 1711 567 vitae
1724 530 1922 572 thesaurum,
1939 548 2038 581 quem
2051 547 2108 583 per
2121 534 2163 569 il·-

316 586 426 619 lorum
440 583 708 632 praedicationem
721 580 888 618 obtinent,
899 580 1220 615 remunerabuntur?
1384 609 1392 617 ,
1550 615 1558 626 .<

365 644 386 678 7
410 661 412 664 .
431 637 519 666 Deus
529 643 587 664 non
596 629 832 674 fitbsannasur.)
883 631 959 663 Hoc
977 631 1101 663 addidit
1111 630 1150 663 ad
1169 628 1355 664 refutandas
1366 619 1592 671 excusatior*
1613 607 1736 676 *bus
1747 624 1950 676 tergiuersari
1970 629 2076 665 solent
2087 641 2163 679 per—

318 681 428 716 multi.
439 680 521 714 alins
534 679 687 713 obtendit
702 701 711 715 ‚
722 677 873 712 alendam
886 677 942 712 sibi
952 676 1012 712 esse
1023 676 1185 712 familiam
1199 691 1206 711 :
1220 678 1301 712 alius
1312 676 1370 712 sibi
1381 688 1478 725 nega-t
1491 674 1646 725 superesse
1659 679 1744 712 vnde
1756 677 1912 725 largiatur
1921 702 1931 715 ‚
1943 678 1994 713 vel
2005 689 2126 726 eroget.
2134 682 2165 713 i-

317 740 349 763 ta
361 729 395 763 fir
408 741 441 762 vr
453 730 548 775 pauci
561 726 744 773 fungantur
754 724 881 764 officio,
894 728 953 773 qui
965 726 1151 774 plerunque
1161 738 1231 760 non
1250 724 1418 761 sufficiunt
1430 738 1499 760 tarn
1510 725 1626 761 multis
1636 725 1844 760 cessantibus.
1858 728 1937 761 Haec
1949 725 2070 774 effugia
2079 740 2165 762 vana

318 776 377 811 effe
386 779 560 810 denuntiat
571 775 702 812 Paulus,
713 777 791 821 quia
803 778 978 822 negotium
989 773 1026 808 sit
1035 787 1113 809 curn
1124 776 1198 808 Deo
1211 788 1219 808 ε
1234 776 1324 821 quod
1335 777 1481 809 mundus
1492 775 1636 809 minime
1647 778 1784 822 cogitat.
1798 785 1908 821 neque
1918 778 2009 809 enim
2026 775 2081 810 hic
2090 778 2163 823 agi-

315 837 368 859 tur
377 826 506 859 tantum
519 825 557 858 de
570 824 720 858 hominis
731 825 824 858 vit—‘ku
834 847 843 862 ‚
863 823 913 856 sed
922 826 1040 869 quanti
1051 822 1227 857 aestimetur
1238 825 1256 857 a
1267 820 1370 858 nobis'
1379 824 1530 858 Christus
1542 821 1654 870 eii'isqu
1685 822 1918 871 Euangelium.
1934 824 2000 858 Hic
2010 822 2164 858 locuste-

284 891 287 892 ⁷
315 875 478 908 stinionio
500 874 560 910 est,
572 885 641 907 non
654 872 753 906 hodie
764 871 911 918 primum
932 883 1054 911 :natum
1067 869 1127 906 effe
1137 884 1266 906 morem
1276 871 1422 906 ludibrio
1443 872 1587 906 habendi
1602 871 1644 905 fid
1695 872 1852 905 Pastores.
1869 869 1920 905 sed
1931 884 2002 906 non
2023 874 2165 920 imp-une

316 924 435 957 cedent
456 924 570 970 impiis
582 919 743 955 eiusmodi
761 919 913 954 ludibria.
963 919 1058 969 Qod
1075 923 1155 954 enim
1165 919 1376 962 seminaenerit.
1415 921 1493 954 Hoc
1505 920 1698 967 est,qubdii
1710 918 1904 954 liberalitate
1917 923 1979 954 rios
1998 920 2158 960 retardat,
2174 926 2196 940 s

315 984 396 1018 quia
405 974 510 1018 perire
545 969 642 1004 nobis
654 980 808 1016 putamus
821 969 983 1015 quicquid
994 967 1105 1002 transit
1115 971 1149 1002 in
1159 968 1303 1002 alienam
1316 981 1455 1003 manum
1473 969 1609 1003 :deiude
1619 971 1697 1015 quia
1707 966 1832 1016 semper
1842 966 1942 1003 nobis
1953 971 2112 1004 timemus
2124 972 2163 1005 in

315 1019 378 1053 hac
389 1022 464 1053 vita.
489 1020 584 1053 Hanc
595 1017 713 1052 Paulus
723 1018 841 1051 contra
857 1015 992 1051 sationis
1001 1019 1146 1065 tempori
1159 1028 1330 1064 comparat
1342 1040 1350 1053 ,
1361 1021 1395 1051 ὅ(
1406 1018 1486 1050 dicit
1496 1044 1505 1057 ‚
1516 1017 1590 1051 Nos
1615 1041 1624 1054 ,
1635 1018 1714 1053 dum
1724 1015 1948 1052 benefacimus
1959 1015 2160 1057 ‚sementem

316 1067 431 1102 facere.
452 1067 565 1114 quade
588 1069 666 1100 rein
678 1065 817 1099 secunda
827 1065 867 1099 ad
887 1065 1087 1100 Corinthios
1097 1066 1225 1099 dictum
1236 1066 1296 1098 est:
1323 1064 1378 1099 vbi
1390 1065 1504 1099 eadem
1515 1064 1906 1101 similitudinevtebatur.
1923 1067 2066 1105 ‚Vtinam
2077 1067 2164 1102 istud

315 1117 414 1151 nobis
446 1114 546 1150 solide
560 1113 742 1162 persuasum
756 1112 831 1148 effer
841 1137 850 1150 ‚
870 1115 972 1160 quam
985 1113 1134 1148 alacriter
1147 1126 1208 1147 nos
1230 1114 1384 1147 &nostra
1397 1116 1558 1160 proximis
1570 1114 1837 1161 impenderemus
1850 1136 1863 1150 >
1881 1112 2008 1164 semper
2017 1116 2053 1149 iu
2071 1115 2165 1163 spem

315 1163 424 1199 meffis
435 1167 555 1199 intenti
568 1177 575 1196 :
592 1162 877 1209 quemadmodum
889 1160 973 1196 nihil
985 1162 1089 1196 laetius
1102 1160 1227 1195 faciunt
1237 1161 1391 1209 agricolae
1401 1163 1503 1207 quiin-i
1513 1173 1546 1196 vt
1558 1160 1672 1196 serant.
1697 1162 1758 1195 Sed
1769 1174 1879 1208 quum
1887 1161 1938 1196 illi
1947 1163 1986 1197 ad
1998 1161 2165 1210 colligen-

315 1216 390 1248 dam
412 1211 543 1248 ineffem
555 1210 807 1259 corruptibilem
819 1238 829 1252 ,
839 1223 935 1259 aequo
946 1213 1062 1246 animo
1075 1223 1200 1246 nouem
1213 1209 1338 1246 menses
1348 1209 1453 1247 ferant
1466 1223 1476 1247 t.
1488 1223 1551 1246 nos
1562 1212 1597 1245 in
1608 1212 1837 1263 expeEkatione
1850 1209 1951 1247 beatae
1960 1211 2167 1247 immortali—

315 1265 388 1297 tatis
401 1260 583 1296 deficimus.
1708 1289 1712 1293 .

363 1322 381 1353 3
424 1310 517 1343 Nam
527 1313 581 1355 qui
581 1309 719 1352 seminat
728 1312 896 1354 camisiae.)
948 1308 1150 1345 Distributio
1161 1312 1305 1358 partium
1317 1309 1391 1358 post
1401 1308 1586 1357 generalem
1597 1308 1806 1345 sententiani.
1824 1311 1993 1345 Seminare
2003 1311 2095 1345 carni
2104 1307 2166 1351 est,

315 1357 502 1407 prospicere
515 1357 680 1405 praesentis
694 1362 769 1392 vitae
779 1356 1021 1393 necessitatibus
1036 1383 1044 1397 ,
1056 1357 1154 1393 nullo
1165 1358 1282 1403 futura:
1295 1363 1368 1394 vita:
1378 1358 1535 1406 respectu.
1550 1360 1585 1392 ld
1596 1361 1655 1405 qui
1666 1357 1812 1399 faciunt,
1845 1358 1991 1393 frustum
2001 1357 2166 1407 colligent

313 1407 439 1442 satione
450 1405 505 1441 sua
516 1408 670 1454 dignum:
682 1404 1028 1442 coacertiabtinfeniin
1042 1409 1134 1454 quod
1145 1407 1229 1442 male
1240 1406 1408 1455 dispercat.
1426 1407 1496 1441 Alii
1506 1409 1671 1441 Seminare
1681 1409 1715 1441 in
1727 1419 1835 1444 carne,
1849 1417 2024 1455 exponunt
2035 1419 2097 1454 pro
2107 1409 2164 1442 in·

314 1456 449 1503 dulgere
461 1454 739 1503 concupiscentiis
755 1459 872 1490 carnis:
885 1459 1113 1504 Corruptionem
1124 1456 1202 1490 vero
1212 1469 1272 1504 pro
1285 1458 1404 1490 Exitio.
1424 1453 1477 1490 sed
1487 1458 1578 1503 prior
1589 1455 1750 1503 expositio
1762 1457 1935 1489 contextui
1947 1453 2066 1490 melius
2075 1468 2161 1502 qua-

315 1506 393 1539 drat.
413 1504 518 1551 Qod
529 1505 622 1538 aliter
632 1503 782 1544 transtuli
795 1506 896 1551 quam
908 1507 1009 1539 Vetus
1021 1508 1180 1553 interpres
1192 1502 1290 1551 atque
1300 1502 1406 1538 Erasm
1412 1517 1460 1541 us,
1477 1517 1549 1539 non
1559 1502 1622 1537 feci
1632 1516 1765 1537 temere.
1780 1502 1886 1537 Verba
1893 1502 1987 1537 Pauli
1997 1504 2111 1538 Graeca
2121 1502 2170 1539 fi&

315 1553 449 1588 habent:
469 1554 638 1587 Seminare
650 1555 684 1586 in
696 1565 839 1587 carnem.
852 1555 933 1599 quid
943 1554 1100 1588 autemid
1114 1552 1203 1587 aliud
1213 1554 1258 1587 est
1267 1554 1368 1599 qnam
1379 1556 1423 1587 ita
1432 1551 1492 1586 esse
1503 1555 1593 1587 carni
1604 1552 1775 1587 addictum
1788 1577 1800 1592 ,
1823 1562 1858 1585 vr
1868 1551 1973 1586 studia
1981 1561 2038 1585 tua
2047 1554 2168 1587 omnia

315 1605 352 1637 in
362 1601 452 1636 illius
462 1602 684 1635 commodum
698 1605 730 1636 δι
742 1613 855 1635 curam
865 1603 1008 1649 dirigas?
1056 1602 1234 1650 Qantem
1239 1603 1374 1645 seminat
1381 1602 1521 1651 Spiritui.
1578 1602 1739 1648 Spiritum
1767 1602 1898 1647 accipio
1909 1611 1971 1647 pro
1983 1601 2060 1634 Vita
2068 1598 2166 1648 spiri-

315 1650 410 1687 tuali,
426 1652 479 1684 cui
492 1649 651 1684 seminare
661 1650 818 1684 dicuntur
829 1652 887 1696 qui
898 1649 1015 1684 caelum
1026 1653 1132 1698 magis
1142 1651 1243 1696 quam
1257 1661 1375 1683 terram
1387 1647 1565 1697 respiciunt
1577 1660 1691 1695 :atque
1705 1650 1750 1682 ita
1759 1650 1861 1683 vitam
1873 1648 2063 1687 instituunt,
2077 1660 2112 1683 vt
2124 1649 2166 1684 ad

315 1712 458 1747 regnum
468 1700 532 1733 Dei
545 1696 695 1746 aspirent.
707 1698 758 1732 illi
769 1701 871 1746 igitur
881 1697 1100 1747 spiritualium
1113 1699 1296 1733 studiorum
1306 1697 1452 1733 fruetutn
1465 1708 1590 1732 metent
1602 1699 1636 1731 in
1655 1696 1736 1731 caelo
1749 1695 2050 1744 incorruptibilem.
2060 1697 2165 1732 Porro

315 1746 499 1796 spiritualia
510 1748 612 1781 studia
622 1749 778 1781 nominat
787 1746 883 1784 afine
894 1760 904 1779 :
917 1758 1089 1793 vtcunque
1099 1745 1228 1793 alioqui
1239 1758 1371 1781 externa
1380 1745 1442 1781 sint
1456 1770 1466 1784 ‚
1477 1750 1511 1780 ὃς
1525 1746 1564 1780 ad
1577 1757 1697 1793 corpus
1708 1747 1904 1793 pertineant.
1934 1743 2032 1792 quale
2043 1746 2086 1779 est
2097 1746 2165 1781 hoc

317 1796 426 1846 ipsum
438 1797 477 1830 de
487 1809 557 1842 quo
569 1808 660 1829 nunc
670 1797 786 1830 tractat
795 1819 805 1833 ,
816 1795 911 1830 Alere
922 1795 1078 1829 Pastores.
1089 1797 1123 1830 Si
1132 1795 1264 1842 Papistae
1275 1807 1368 1829 more
1379 1793 1436 1829 suo
1447 1805 1612 1829 conentur
1628 1806 1664 1827 ex
1673 1794 1726 1827 his
1737 1792 1840 1827 verbis
1852 1804 1992 1840 operum
2003 1794 2163 1828 iustitiam.

316 1846 477 1880 adstruere
487 1871 497 1885 ,
509 1846 653 1878 diximus
664 1843 743 1878 alibi
755 1845 857 1890 quarn
870 1843 966 1878 facile
975 1843 1013 1878 sit
1022 1843 1170 1878 refellere
1181 1856 1298 1877 eorum
1315 1845 1467 1891 ineptias.
1480 1843 1602 1889 Neque
1613 1844 1716 1879 enim,
1729 1840 1750 1875 si
1760 1844 1829 1875 vita
1842 1852 1961 1876 aeterna
1970 1854 2093 1876 merces
2103 1843 2161 1881 est,

315 1895 394 1929 inde
403 1893 559 1940 sequitur,
573 1891 624 1927 vel
636 1892 792 1940 operibus
805 1905 866 1927 nos
876 1891 1056 1930 iustificari,
1072 1891 1124 1926 vel
1134 1904 1234 1939 opera
1245 1890 1354 1926 salutis
1373 1894 1543 1925 meritoria
1555 1889 1624 1924 effe.
1635 1891 1907 1937 quandoquidem
1919 1893 1951 1924 ὅ(
1967 1888 2033 1923 hoc
2051 1888 2164 1937 ipsum

313 1945 498 1991 gratuitum
509 1942 564 1979 est,
578 1954 620 1988 qu
627 1941 670 1974 bd
679 1943 769 1975 Deus
780 1952 874 1975 tanto
884 1940 1015 1975 honore
1027 1953 1100 1987 quae
1110 1940 1208 1974 nobis
1220 1941 1320 1987 gratis
1329 1940 1468 1974 donauit
1480 1951 1590 1987 opera,
1605 1940 1760 1986 dignatur
1770 1961 1779 1975 ‚
1792 1949 1826 1972 vt
1839 1938 1904 1971 illic
1918 1936 2066 1972 indebita
2075 1951 2165 1973 rner-

313 1992 427 2026 cedem
438 1993 626 2038 promittat.
645 1991 756 2036 Siquis
768 1989 956 2036 pleniorem
966 1987 1171 2023 solutionem
1181 1990 1332 2035 requirit,
1343 1988 1490 2036 primum
1502 2000 1590 2034 nego
1601 1987 1667 2021 vlla
1678 1984 1738 2021 effe
1753 1986 1852 2021 nobis
1863 1986 1954 2020 bona
1965 1998 2065 2034 opera
2088 2000 2163 2034 qua:

316 2041 413 2074 Deus
424 2050 664 2077 remuneretur,
677 2036 736 2071 nisi
747 2050 819 2083 quae
832 2036 993 2071 habemus
1005 2036 1045 2070 ab
1056 2039 1125 2071 eius
1137 2039 1251 2083 gratia.
1264 2035 1407 2071 secundo
1417 2037 1506 2077 dico,
1517 2035 1607 2069 bona
1617 2047 1717 2082 opera
1726 2047 1798 2080 quae
1809 2035 1911 2069 duotu
1929 2046 1965 2068 ac
1976 2036 2163 2070 directione

313 2090 455 2136 Spiritus
467 2086 569 2121 sanasti
580 2083 796 2123 ficiirius‚effe
807 2085 933 2120 fruetus
945 2087 1093 2133 gratuitae
1103 2086 1304 2132 adoptionis:
1315 2085 1412 2118 tertio
1423 2085 1510 2121 dico,
1522 2087 1567 2117 no
1579 2083 1681 2117 modo
1693 2084 1744 2116 vel
1757 2085 1898 2117 minima
1908 2080 2061 2116 vilissima
2072 2096 2160 2118 nier-

316 2138 394 2171 cede
410 2137 547 2183 indigna
562 2133 633 2172 esse,
648 2133 698 2169 sed
709 2133 839 2182 prorsus
851 2135 952 2181 digna
962 2128 1022 2168 esse
1033 2146 1105 2179 quae
1119 2134 1330 2167 damnentur:
1342 2135 1422 2179 quia
1431 2131 1555 2179 semper
1567 2132 1684 2166 multis
1695 2130 1834 2165 maculis
1845 2126 1919 2165 sunt
1928 2129 2064 2178 respersa
2075 2135 2107 2166 &
2122 2135 2159 2167 in

315 2188 462 2232 quinata.
475 2184 557 2231 quid
567 2194 676 2217 autem
688 2181 935 2231 pollutionibus
947 2194 1024 2216 cum
1035 2183 1100 2216 Dei
1110 2180 1290 2230 conspestu
1301 2188 1310 2213 Ξ
1323 2181 1441 2227 quarto
1453 2182 1542 2216 dico,
1553 2179 1677 2214 etiamsi
1690 2179 1811 2213 millies
1823 2177 1981 2227 operibus
2000 2180 2158 2226 promissa

316 2233 391 2269 effer
403 2245 539 2273 merces,
553 2231 681 2266 nullam
689 2242 801 2265 tamen
813 2244 850 2265 ex
860 2233 958 2278 pacto
968 2229 1090 2269 deberi,
1102 2230 1162 2264 nisi
1173 2241 1243 2264 tota
1254 2230 1341 2276 Lege
1353 2228 1505 2277 perfecta.
1516 2228 1556 2263 ab
1570 2241 1606 2262 ea
1619 2228 1699 2262 vero
1711 2226 1916 2275 perfesstione
1925 2228 2025 2273 quam
2038 2229 2157 2274 procul

316 2281 470 2317 absumus
494 2279 630 2315 omnes!
656 2281 842 2314 Eantnunc
852 2280 1005 2326 Papistae‚
1021 2283 1054 2313 &
1067 2291 1208 2326 opetum
1223 2280 1350 2312 meritis
1365 2289 1578 2326 perrumpere
1588 2279 1622 2311 in
1635 2276 1751 2311 caelum
1772 2280 1911 2310 tentent:
1921 2288 1983 2309 nos
1994 2287 2104 2310 autem
2115 2277 2158 2311 li-

316 2332 432 2366 benter
454 2342 531 2364 cum
543 2328 647 2364 Paulo
668 2328 804 2374 totfique
815 2330 981 2375 Scriptura
989 2326 1148 2368 fatemur,
1167 2338 1375 2373 quaecunque
1383 2326 1478 2360 aliter
1495 2325 1655 2372 consequi
1677 2337 1749 2359 non
1760 2321 1932 2372 possumus
1942 2325 2044 2370 quam
2063 2338 2157 2361 mero

317 2383 382 2415 Dei
392 2381 496 2416 dono,
505 2390 615 2412 tamen
629 2378 786 2411 mercedis
798 2380 950 2413 nomine,
962 2377 1074 2410 eadem
1086 2376 1242 2424 operibus
1253 2375 1371 2409 nostris
1382 2375 1527 2422 rependi.

367 2440 387 2470 9
428 2432 542 2461 Bonum
553 2423 804 2469 ataternfaciendo
814 2437 850 2457 ne
862 2423 1094 2472 defatigemur.)
1143 2426 1276 2464 Bonum
1290 2423 1347 2457 hic
1361 2436 1432 2457 non
1443 2425 1572 2458 rectum
1591 2419 1771 2468 fignificat,
1783 2419 1834 2454 sed
1844 2420 2087 2469 benignitatem
2098 2436 2106 2456 :
2117 2426 2154 2458 δε

320 2477 358 2510 ad
370 2479 524 2510 homines
536 2474 683 2508 refertur.
700 2484 814 2507 monet
826 2476 936 2520 itaque
947 2486 989 2507 ne
1000 2475 1173 2520 proximos
1184 2472 1344 2508 iuuand0,
1357 2468 1606 2518 praestandisque
1616 2468 1787 2503 beneficiis
1799 2495 1809 2510 ‚
1833 2472 1867 2504 ὃ(
1881 2471 2059 2504 exercenda
2069 2470 2154 2506 libe..

318 2523 443 2559 talitate
470 2523 699 2570 defatigemur.
710 2523 915 2569 Praeceptum
937 2524 969 2554 in
982 2523 1100 2568 primis
1112 2520 1336 2554 necessarium.
1364 2531 1440 2553 nam
1452 2531 1557 2566 quum
1571 2519 1610 2552 ad
1619 2516 1730 2552 officia
1742 2517 1910 2552 charitatis
1928 2517 2154 2556 simusnatura

319 2571 392 2620 plus
405 2571 476 2606 satis
488 2575 585 2619 pigri,
597 2583 773 2605 innumera
784 2568 920 2604 subinde
931 2564 1132 2603 offendicula
1143 2567 1380 2616 superueniunt
1391 2580 1462 2614 quae
1472 2567 1556 2602 bene
1565 2569 1732 2601 animatos
1742 2567 2102 2603 retardent.lncidimus
2116 2571 2154 2604 in

317 2620 442 2655 inultos
454 2622 623 2666 indignos,
634 2621 668 2653 in
681 2618 805 2653 multos
816 2621 976 2666 ingratos:
986 2616 1053 2665 ipsa
1062 2615 1288 2652 necessitatum
1300 2616 1483 2650 multitudo
1495 2628 1557 2650 nos
1568 2614 1689 2649 obruit:
1722 2613 1776 2648 hic
1789 2619 1823 2648 &
1835 2613 1904 2650 illic
1916 2617 2084 2662 erogando
2095 2629 2152 2651 ex*

318 2669 500 2703 inurimur:
514 2669 656 2702 aliorum
667 2667 771 2714 frigus
780 2668 929 2701 ardorem
941 2668 1092 2700 nostrum
1109 2668 1283 2712 extinguit.
1297 2664 1475 2712 postremo,
1487 2675 1579 2698 totus
1590 2663 1734 2697 mundus
1746 2662 1863 2709 plenus
1873 2663 1918 2696 est
1927 2665 2152 2710 impedimen-

318 2729 445 2754 torum,
461 2730 531 2763 quae
543 2730 604 2750 nos
616 2717 633 2750 a
642 2718 733 2751 reeto
744 2713 839 2750 cursu
850 2725 1009 2750 auertant.
1020 2715 1110 2749 Bene
1121 2727 1200 2761 ergo
1211 2712 1341 2752 Paulus,
1354 2716 1414 2759 qui
1426 2726 1487 2747 nos
1498 2710 1687 2751 confirmat,
1703 2724 1743 2744 ne
1757 2708 1823 2744 feffi
1833 2710 2038 2745 resideamus.
2050 2713 2151 2746 Sinon

316 2765 524 2810 defi’ccrcmus,
554 2766 628 2798 Hoc
640 2766 693 2802 est,
705 2768 752 2798 lta
761 2765 897 2798 demum
919 2775 1083 2797 metemus
1091 2775 1193 2810 quem
1205 2763 1296 2796 Deus
1307 2764 1478 2809 promittit
1488 2760 1634 2795 frustum
1645 2784 1654 2798 ‚
1667 2759 1689 2794 si
1699 2759 1738 2793 ad
1751 2757 1853 2794 finem
1863 2757 1964 2805 vsque
1974 2760 2152 2807 perstiteri-

318 2827 402 2848 mus.
415 2813 503 2848 Nam
516 2815 655 2858 quinon
667 2811 884 2860 perseuerant,
897 2811 1015 2845 similes
1028 2811 1103 2845 sunt
1113 2813 1243 2858 ignauis
1253 2809 1420 2856 agricolis,
1436 2813 1494 2856 qui
1505 2807 1680 2858 postquam
1691 2818 1824 2841 ararunt
1833 2810 1866 2841 δε
1883 2805 2098 2850 seminarunt,
2109 2822 2150 2848 o-

317 2876 379 2910 pus
388 2862 583 2907 relinquunt
594 2860 840 2908 imperfectum,
849 2873 957 2907 quum
966 2858 1093 2894 occasio
1105 2856 1278 2893 necessaria
1286 2857 1371 2897 effer,
1382 2872 1425 2893 nc
1436 2858 1545 2892 semen
1555 2868 1610 2891 aut
1623 2866 1740 2890 vorent
1750 2867 1895 2891 aues‚aut
1906 2853 1953 2889 sol
1964 2869 2148 2895 exurar,aut

317 2908 590 2958 trigus'absumat.
606 2911 650 2941 ita
662 2908 774 2942 frustra
785 2911 967 2956 incipimus
982 2907 1172 2943 benefacere
1181 2931 1192 2945 ,
1220 2905 1280 2941 nisi
1290 2907 1329 2940 ad
1341 2918 1463 2940 metam
1475 2904 1575 2951 vsque
1585 2916 1770 2951 pergamus.
1819 2903 1982 2952 ‘Temporis
1992 2909 2148 2952 opportuni

318 2962 488 2998 meminit,
500 2972 540 2991 ne
550 2959 623 3003 quis
636 2955 780 2992 frustum
791 2960 825 2991 in
836 2957 896 2991 hac
910 2961 1183 3004 vitapraecerpere
1193 2956 1343 3003 cupiens,
1357 2952 1517 3003 spirituali
1529 2951 1625 2987 messe
1637 2954 1796 3001 priuetur.
1811 2952 1874 2999 Spe
1885 2954 1986 2999 igitur
1998 2957 2030 2987 ὅ(
2042 2956 2148 3001 patie-

316 3011 363 3043 tia
371 3005 466 3042 suum
480 3005 674 3040 desiderium
687 3003 864 3039 sustineant
875 3004 984 3040 fideles
995 3018 1032 3039 ac
1042 3005 1225 3040 refraenent.

365 3068 403 3090 10
441 3053 509 3089 Vbi
518 3065 631 3103 tempus
643 3052 811 3097 habemus.)
860 3053 1072 3100 Prosequitur
1083 3052 1423 3088 similitudinemmam
1436 3052 1514 3096 quia
1523 3063 1594 3084 non
1603 3060 1704 3085 omne
1713 3058 1844 3096 tempus
1854 3048 1989 3084 culturae
2001 3053 2034 3083 &
2047 3048 2149 3085 satio·-

268 3122 271 3125 Δ
317 3108 353 3139 ni
364 3115 478 3153 aptum
493 3104 546 3139 est,
559 3100 766 3136 occasionem
778 3100 887 3135 sedulo
900 3113 1016 3149 vrgent
1026 3103 1147 3136 strenui
1158 3105 1192 3136 ὃ(
1205 3101 1330 3135 cordati
1343 3100 1567 3148 agricolaemcc
1578 3109 1648 3131 earn
1660 3096 1757 3130 otiosi
1769 3100 1928 3144 praeterire
1939 3097 2147 3146 linuiit.Qsi

318 3156 419 3200 igitur
429 3164 534 3186 rotam
545 3149 735 3198 praesentem
745 3152 847 3183 vitam
860 3148 1220 3196 arationi‚sementique
1230 3149 1383 3184 faciendae
1393 3147 1600 3180 destinauerit
1612 3146 1719 3181 Deus,
1730 3155 1880 3192 tempore
1891 3158 2076 3193 vtamurzne
2087 3160 2146 3182 au-

320 3201 439 3234 feratur
454 3200 552 3234 nobis
565 3197 700 3233 facultas
712 3224 721 3238 ,
741 3196 760 3231 fi
773 3197 979 3245 negligentes
1006 3197 1176 3232 fuerimus.
1196 3198 1361 3237 Caeterum
1372 3195 1494 3238 Paulus
1505 3198 1523 3228 a
1533 3192 1726 3228 liberalitate
1737 3205 1811 3240 erga
1821 3194 1992 3229 Ministros
2002 3194 2145 3235 exorsus,

320 3244 507 3283 doctrinam
534 3248 622 3282 suam
634 3258 725 3281 nunc
739 3245 836 3280 latius
847 3246 1001 3279 extendit.
1019 3245 1111 3279 iubet
1121 3249 1210 3280 enim
1222 3245 1382 3280 omnibus
1395 3242 1583 3278 benefacere
1593 3256 1601 3276 :
1610 3242 1661 3275 sed
1672 3239 1848 3288 praescrtim
1859 3243 2060 3276 domesticos
2070 3241 2147 3277 fidei

319 3297 544 3333 commendat,
555 3296 619 3330 hoc
631 3295 674 3328 est
686 3293 805 3332 fideles,
817 3305 921 3341 quum
933 3291 1076 3327 eiusdem
1088 3293 1150 3328 fint
1160 3293 1333 3328 nobiscum
1345 3292 1489 3329 familiae.
1500 3292 1578 3324 Ideo
1589 3292 1680 3324 enim
1689 3289 1749 3323 hac
1763 3291 1956 3338 metaphora
1967 3289 2040 3324 vsus
2051 3291 2146 3327 est‚vt

317 3347 582 3378 communicatio
596 3341 674 3390 ipsa,
686 3356 786 3390 quam
799 3340 922 3378 necesse
939 3342 983 3375 est
994 3344 1080 3376 inter
1091 3344 1187 3375 vnius
1198 3340 1330 3376 familiae
1345 3339 1492 3375 membra
1502 3336 1561 3373 esse
1570 3365 1581 3379 ,
1602 3351 1663 3373 nos
1678 3340 1780 3383 magis
1791 3341 1952 3373 incitaret.
1971 3338 2143 3374 Omnibus

2 3431 10 3438 ‚
315 3392 395 3440 ergo
408 3405 468 3426 nos
481 3391 643 3427 debitores
655 3391 732 3426 facit
747 3392 940 3427 communis
949 3390 993 3425 hu
1000 3391 1140 3426 manitas
1153 3403 1160 3422 z
1182 3388 1234 3424 sed
1243 3386 1395 3424 fidelibus
1408 3387 1580 3432 vinculum
1590 3388 1710 3424 arstius
1721 3386 1897 3435 spiritualis
1920 3388 2146 3433 cognationis,

6 3428 74 3485 ὓς·
89 3436 239 3478 ‚lna-11:⁴-
250 3439 456 3499 iale'oafss‘y.
2049 3447 2150 3484 quain
