2268 3705
319 114 384 159 ῳ
909 105 1002 154 IN
1053 65 1655 154 EPKIS-TapAVLI

339 179 472 213 seruum
484 179 653 226 occupari.
671 176 777 212 Nunc
787 175 970 211 videndum
983 176 1065 224 quid
1076 186 1132 223 per
1141 174 1291 218 Heretici
1311 186 1440 208 nomen
1453 173 1629 221 intelligat.
1649 172 1762 222 Vulgb
1774 176 1849 210 trita
1859 175 1902 211 est
1911 175 2081 212 distinfflo
2100 179 2188 213 inter

340 227 529 270 hereticum
540 239 578 261 ac
589 224 846 261 schismaticum:
858 237 924 271 que
934 236 1046 259 tamen
1057 223 1112 258 hic
1122 224 1141 258 ὲ
1149 221 1254 256 Paulo
1264 224 1324 263 (ni
1334 220 1451 264 fallor)
1496 223 1727 257 confunditur.
1746 223 1868 271 Neque
1879 227 1969 259 enim
1981 223 2111 261 tantum
2130 239 2188 262 eos

339 274 490 323 designat
502 279 560 322 qui
571 287 700 310 certum
711 286 855 308 errorem
865 285 920 307 aut
932 270 1121 321 peruersum
1133 270 1270 317 aliquod
1283 270 1408 318 dogma
1417 269 1536 304 fouent
1545 283 1582 305 ac
1592 282 1738 306 tuentur:
1757 270 1857 307 sedin
1869 271 2059 308 vniuersum
2070 277 2189 321 quicti-

341 336 409 371 que
421 324 496 367 sane
507 325 661 368 doctrine
672 337 743 358 non
751 320 975 370 acquiescunt,
993 333 1094 367 quam
1106 331 1212 367 nuper
1223 319 1407 367 proposuit.
1423 322 1472 353 lta
1481 318 1677 354 ambitiosos
1689 332 1807 355 omnes
1817 346 1826 358 ,
1838 320 2031 368 presta&os‚
2044 334 2190 357 conten·

341 370 460 412 tiosos,
473 375 533 420 qui
544 372 686 407 libidine
698 371 829 419 impulsi
839 369 973 404 turbant
984 367 1135 404 Ecclesiae
1146 379 1274 416 pacem,
1284 379 1320 402 ac
1331 365 1459 402 diffidia
1471 370 1645 402 concitant
1672 392 1682 407 ‚
1693 367 1760 403 hoc
1769 372 1910 403 nomine
1920 369 2187 418 comprehendit.

341 423 381 455 ln
393 418 533 460 summa,
544 420 695 468 quisquis
708 421 762 454 sua
772 420 940 467 proteruia
949 420 1110 452 vnitatem
1123 414 1272 450 Ecclesiae
1283 415 1465 463 abrumpit,
1478 418 1505 450 is
1514 415 1685 451 haereticus
1697 428 1833 452 vocatur
1845 418 1863 452 ὲ
1871 418 1988 453 Paulo.
1999 419 2062 453 Sed
2072 419 2190 453 mode-

341 472 429 504 ratio
439 468 626 504 adhibenda
638 470 700 506 est,
723 481 765 502 ne
775 465 925 513 quisquis
956 465 1124 500 sententiae
1135 463 1252 499 nostrae
1264 477 1334 499 non
1346 463 1515 499 subscribit
1524 488 1534 502 ,
1554 476 1630 499 eum
1643 467 1798 513 protinus
1817 464 1975 502 faciamus
1985 466 2192 503 haercticum.

343 520 427 553 Sunt
438 520 530 553 enim
543 518 694 564 quaedam
723 517 762 550 de
773 515 896 562 quibus
909 512 930 548 fi
943 512 1131 548 dissentiant
1141 515 1225 547 inter
1237 511 1266 546 se
1276 513 1480 550 Christiani,
1496 525 1567 547 non
1579 524 1692 548 tamen
1703 518 1738 548 in
1753 514 1853 549 sectas
1863 514 2063 550 diuidentur.
2091 517 2143 550 Sic
2153 529 2192 550 e-

342 570 416 601 nim
428 565 498 601 fieri
509 566 588 600 alibi
600 566 750 613 praecipit
762 565 849 598 idem
860 561 994 603 Paulus,
1005 574 1111 609 quum
1121 561 1213 596 iubet
1225 564 1408 608 expetitae,
1423 559 1510 595 salua
1519 562 1701 596 concordia
1710 586 1720 600 ‚
1733 564 1798 597 Dei
1810 562 2049 598 reuelationem
2062 564 2104 598 ad
2112 564 2193 598 Phi-

343 614 427 663 lipp.
438 617 545 662 capite
554 615 668 658 3.d.16.
679 613 803 646 Verum
814 613 948 659 quoties
958 608 1104 657 eousque
1114 610 1266 658 procedit
1278 611 1476 657 peruicacia,
1484 621 1519 643 vt
1532 607 1694 658 quispiam
1711 610 1769 645 sibi
1781 611 1932 646 addictus
1942 638 1952 653 ‚
1966 611 2017 646 vel
2027 610 2194 647 disceffio·

343 676 423 699 nem
436 663 532 698 faciat
543 664 562 696 ὲ
571 673 723 710 corpore,
740 660 793 695 vel
805 661 823 694 a
834 672 932 707 grege
941 657 1066 706 quosda
1075 657 1252 693 substrahat
1263 681 1273 696 ,
1283 658 1333 692 vel
1346 658 1505 705 impediat
1516 655 1597 692 sanae
1607 659 1767 694 doCtrinae
1779 657 1979 695 cursumzhic
1991 660 2119 695 strenue
2129 661 2193 696 ob-

345 712 506 747 uiandum
521 708 778 750 est.1n1'umma‚
794 709 919 743 haetcfis
930 707 982 743 vel
993 705 1088 745 secta,
1100 711 1134 742 δέ
1146 705 1297 741 Ecclefiae
1310 709 1429 744 vnitas‚
1440 719 1489 740 res
1499 704 1574 741 sunt
1587 709 1673 742 inter
1682 705 1712 742 se
1722 706 1893 756 oppositae.
1904 711 2024 757 Qun
2037 709 2106 744 haec
2116 710 2194 744 Deo

345 757 486 807 pretiosa
501 757 550 800 fit,
565 763 599 793 δε
612 758 712 793 nobis
725 760 859 793 summo
870 759 905 792 in
917 759 1027 805 pretio
1038 755 1098 790 ess'e
1107 754 1234 792 debeat,
1247 753 1339 788 illam
1350 753 1561 802 summopere
1572 755 1718 791 detestari
1728 759 1902 792 conuenit.
1916 758 2029 804 Qare
2040 757 2196 803 sestaeyel

343 806 498 844 haeresews
511 819 640 842 nomen
661 833 671 848 ‚
683 808 827 854 quanuis
838 808 923 840 inter
935 798 1157 853 philosophos
1169 808 1202 837 &
1214 802 1375 850 politicos
1392 803 1550 838 homines
1562 802 1599 837 fit
1606 804 1849 843 honorificum,
1863 807 1984 840 merito
2006 804 2132 840 infame
2150 808 2196 841 est

343 860 431 892 inter
443 857 664 891 Christiano&
680 857 851 890 Tenemus
863 866 955 888 nunc
964 851 1129 900 quosnam
1145 851 1312 900 intelligat
1323 851 1444 886 Paulus
1454 876 1464 890 ‚
1499 865 1606 899 quum
1619 852 1711 887 iubet
1722 854 1894 888 haereticos
1906 856 2021 888 omitti
2034 858 2068 890 &
2087 856 2196 890 vitari.
2245 849 2247 854 ¹

343 905 406 940 Sed
418 905 607 939 notandum
617 903 714 938 fimul
725 904 769 938 est
778 903 870 950 quod
880 901 1048 937 continuo
1060 901 1133 950 post
1143 899 1288 947 sequitur
1307 913 1316 934 ι
1329 913 1451 947 nempe
1462 924 1472 938 ‚
1479 899 1543 950 post
1552 913 1649 935 vnam
1660 904 1698 940 ό·
1708 904 1837 936 alteram
1848 901 2096 937 admonitionem.
2114 916 2196 938 narn
2248 939 2252 942 Δ

344 966 454 1001 neque
464 952 559 988 aliter
581 952 761 988 discernere
772 951 887 986 licebit
898 948 1050 997 quisnam
1072 949 1108 983 fit
1119 948 1292 983 haereticus
1302 971 1312 986 ‚
1334 960 1396 983 nec
1406 951 1539 984 reiicere
1549 948 1596 983 fas
1607 948 1681 984 esset
1693 949 1754 984 nisi
1765 963 1867 997 quem
1878 950 1969 999 prius
1983 954 2099 986 conati
2117 950 2196 986 esse-
2246 945 2253 962 '¹

345 1015 422 1038 mus
433 1003 473 1036 ad
484 1000 596 1036 sanam
609 1012 757 1036 mentem
767 1000 932 1034 reducere.
943 999 1226 1033 Admonitionem
1239 997 1340 1045 porro
1353 996 1513 1045 intelligit
1525 1010 1595 1032 non
1607 997 1794 1045 quamlibet
1813 1025 1823 1040 ‚
1833 999 1884 1034 vel
1898 999 2048 1034 hominis
2058 1002 2195 1048 priuati,
2248 1032 2249 1036 ,

344 1049 398 1086 sed
408 1064 481 1098 quae
514 1049 552 1085 fit
561 1052 579 1084 a
588 1049 745 1084 Ministro
756 1071 767 1086 ‚
788 1047 923 1096 publica
931 1045 1079 1082 Ecclefiae
1087 1045 1300 1080 authoritate.
1317 1046 1456 1080 Perinde
1468 1048 1560 1081 enim
1569 1045 1680 1081 valent
1691 1049 1760 1081 eius
1774 1046 1872 1082 verba
1884 1046 1946 1083 acsi
1957 1048 2080 1083 diceret
2090 1072 2101 1087 ‚
2121 1060 2199 1097 gra·
2254 1075 2255 1080 ,

306 1138 309 1139 ⁷
345 1102 433 1135 niter
463 1097 553 1146 quasi
567 1097 715 1133 censoria
726 1098 935 1132 corredrione
960 1095 1190 1143 reprimendos
1202 1092 1274 1128 effe.
1293 1095 1366 1141 Qi
1375 1105 1488 1128 autern
1497 1093 1665 1142 colligunt
1675 1108 1713 1130 ex
1721 1096 1788 1130 hoc
1797 1095 1877 1131 loco
1887 1120 1897 1136 ,
1916 1093 1985 1131 sola
1995 1109 2199 1133 excommu-

347 1150 522 1184 nicatione
532 1144 795 1193 compescendos
804 1142 863 1179 esse
878 1156 1057 1192 prauorum
1068 1143 1268 1190 dogmatum
1280 1143 1436 1177 authores
1448 1166 1458 1180 ,
1468 1153 1529 1177 nec
1539 1142 1600 1177 esse
1616 1142 1747 1178 vltra-in
1757 1158 1814 1179 eos
1825 1144 1990 1180 saeuiendu
1999 1158 2052 1180 m:
2066 1159 2138 1181 non
2149 1146 2199 1181 sa·-
2248 1141 2254 1150 ’

344 1199 388 1232 tis
400 1194 546 1244 apposite
567 1197 822 1229 ratiocinantur.
851 1194 936 1228 Aliae
947 1195 1039 1227 enim
1049 1192 1218 1239 Episcopi,
1233 1189 1303 1225 aliae
1315 1191 1522 1238 magistratus
1532 1190 1606 1226 sunt
1617 1203 1722 1239 partes
1733 1194 1815 1228 Tito
1829 1191 1973 1228 scribens
1985 1195 2198 1232 Paulus‚non
2232 1208 2236 1215 ·

345 1243 467 1280 disserit
482 1245 522 1280 de
534 1241 650 1278 officio
662 1243 884 1290 magistratus,
896 1239 948 1275 sed
957 1241 1040 1288 quid
1050 1237 1217 1289 Episcopo
1227 1242 1419 1274 conueniat.
1440 1241 1647 1286 anuam
1661 1242 1847 1276 moderatio
1858 1241 1986 1290 semper
1997 1245 2139 1290 optima:
2152 1257 2197 1280 ne
2246 1247 2252 1259 '

345 1305 414 1328 tam
427 1295 461 1327 vi
474 1297 509 1328 ὅτ.
520 1303 646 1326 armata
656 1303 759 1326 manu
769 1301 995 1327 coerceantur,
1011 1290 1112 1336 quam
1125 1290 1336 1336 corrigantur
1346 1286 1522 1335 disciplina
1532 1287 1690 1326 Ecclesiae,
1704 1288 1724 1323 si
1736 1291 1873 1336 quidem
1883 1289 1945 1325 fint
1958 1287 2130 1326 sanabiles.
2250 1314 2256 1321 ,

393 1354 422 1376 11
473 1342 579 1375 Sciens
588 1339 669 1386 quod
691 1338 814 1383 euevfias·
818 1341 891 1387 fit.)
951 1336 1108 1373 Euersum
1120 1340 1276 1372 nominat
1290 1338 1325 1370 in
1336 1349 1406 1383 quo
1417 1335 1510 1371 nulla
1532 1334 1757 1385 refipiscentiae
1777 1337 1845 1387 spes
1857 1340 1919 1374 est:
1943 1342 2023 1386 quia
2037 1338 2198 1376 sirestitui
2244 1344 2259 1382 ¹¹:

345 1390 450 1439 poffet
464 1388 630 1438 quispiam
641 1389 755 1423 nostro
767 1388 880 1423 labore
890 1411 900 1426 ‚
911 1398 1125 1434 nequaquam
1136 1383 1211 1420 esset
1221 1385 1440 1420 omittendus.
1464 1386 1665 1433 Metaphora
1677 1384 1806 1433 sumpta
1816 1389 1860 1421 est
1872 1387 1913 1422 ab
1923 1386 2083 1427 aedificio.
2103 1389 2199 1435 quod

346 1453 419 1474 non
432 1438 535 1474 modo
547 1438 659 1485 aliqua
669 1435 717 1471 sui
728 1449 820 1485 parte
829 1435 1013 1485 collapsum
1026 1436 1069 1469 est
1081 1460 1089 1472 ,
1099 1431 1151 1469 scd
1160 1433 1309 1469 funditus
1318 1434 1467 1468 dirutum
1478 1457 1488 1471 ‚
1499 1444 1534 1467 vt
1549 1434 1780 1469 instaurationi
1791 1448 1863 1470 non
1873 1435 1911 1470 fit
1921 1435 2026 1471 locus.
2037 1437 2150 1472 Huius
2161 1451 2199 1472 e·
2256 1455 2259 1479 ς

347 1487 512 1522 uerfionis
525 1485 657 1534 signum
667 1486 775 1523 addit,
803 1485 928 1520 malain
939 1482 1193 1522 conscientiam,
1205 1495 1312 1529 quum
1323 1483 1404 1516 dicit
1415 1505 1426 1520 ‚
1437 1481 1516 1516 tales
1527 1484 1586 1529 qui
1598 1482 1848 1519 monitionibus
1867 1497 1940 1518 non
1948 1483 2198 1533 obtemperant,
2248 1506 2250 1523 ς

342 1548 402 1588 per
402 1537 438 1581 fi
451 1534 512 1570 esse
522 1534 700 1569 damnatos.
713 1547 789 1568 nam
801 1547 906 1581 quum
917 1535 1135 1582 peruicaciter
1146 1529 1300 1579 respuant
1309 1533 1480 1565 veritatem
1491 1554 1501 1569 ‚
1515 1541 1643 1565 certum
1655 1531 1699 1565 est
1707 1529 1825 1579 sponte
1837 1536 1870 1568 &
1882 1533 1956 1566 data
1968 1545 2070 1582 opera
2082 1543 2200 1583 pecca-
2242 1563 2244 1565 ,

347 1596 404 1620 re:
427 1583 525 1619 nullo
533 1586 646 1630 itaque
656 1581 809 1630 profesta
821 1592 1050 1617 monerentut.
1077 1578 1308 1615 simulantem
1319 1579 1514 1627 colligimus
1529 1592 1567 1614 ex
1577 1579 1671 1614 Pauli
1685 1579 1792 1615 verbis
1802 1607 1813 1622 ,
1831 1593 1902 1616 non
1913 1579 1972 1616 esse
2003 1594 2201 1630 quenquam

347 1645 472 1668 tei-nere
482 1644 538 1667 aut
548 1633 792 1680 praecipitanter
802 1644 864 1680 pro
890 1630 1047 1666 haeretico
1057 1627 1260 1663 habendum.
1279 1629 1372 1662 Dicit
1382 1630 1486 1665 enim,
1498 1629 1612 1663 Sciens
1623 1628 1716 1676 quod
1726 1628 1856 1664 euersus
1866 1628 1915 1664 fit.
1928 1631 2055 1665 Caueat
2066 1639 2147 1678 ergo
2155 1633 2200 1668 E-

347 1680 507 1731 piscopus
517 1694 559 1715 ne
570 1679 757 1715 morositati
768 1677 830 1715 suae
841 1678 1030 1728 indulgens,
1042 1678 1159 1712 durius
1169 1679 1299 1715 traetet,
1307 1687 1468 1723 tanquam
1477 1677 1670 1712 haereticum
1681 1689 1782 1724 quem
1794 1678 1948 1715 nondum
1960 1677 2021 1713 este
2030 1682 2141 1714 nouit.

396 1742 430 1765 12
479 1730 606 1765 Zenam
624 1728 852 1777 Legisperitum.
909 1730 1079 1763 Incertum
1090 1725 1135 1760 est
1160 1722 1282 1760 iurisne
1300 1724 1411 1759 ciuilis
1430 1738 1472 1760 an
1481 1726 1579 1773 Legis
1593 1724 1751 1761 Mosaicae·
1764 1729 1911 1775 peritum
1922 1726 2089 1775 intelligar
2105 1741 2114 1763 :
2145 1725 2200 1764 sed
2255 1725 2268 1755 'l

348 1791 458 1828 quum
468 1791 505 1813 ex
514 1776 609 1813 Pauli
619 1778 726 1812 verbis
738 1776 854 1812 elicere
863 1776 973 1817 liceat,
983 1776 1160 1810 hominem
1172 1784 1309 1808 tenuem
1322 1771 1414 1808 fuisse
1427 1777 1461 1808 ὃς
1479 1773 1593 1809 alienae
1604 1776 1680 1822 opis
1689 1775 1881 1823 indignum:
1897 1774 2105 1823 probabilius
2114 1777 2159 1812 est
2169 1779 2201 1812 i-

375 1826 446 1863 sum
458 1825 603 1862 eiusdem
613 1824 707 1860 fuiffe
718 1825 845 1861 ordinis
857 1827 952 1860 cuius
962 1834 1029 1859 erat
1039 1820 1203 1871 Apollos:
1228 1822 1296 1856 hoc
1312 1822 1367 1863 est,
1380 1822 1468 1869 apud
1478 1824 1604 1857 ludaeos
1612 1824 1749 1859 Diuinae
1768 1825 1865 1872 Legis
1873 1825 2105 1872 interpretem.
2124 1825 2201 1861 -Ta-
2249 1834 2251 1837 “

348 1840 397 1913 fes
425 1878 518 1911 enim
539 1874 747 1921 frequentius
759 1872 878 1909 esurire
885 1872 992 1908 solent
1005 1896 1016 1913 ,
1036 1872 1138 1918 quam
1150 1872 1210 1918 qui
1220 1868 1364 1905 forenses
1382 1869 1490 1905 causas
1501 1872 1560 1905 suo
1572 1870 1715 1906 confilio
1739 1871 1939 1920 gubernant.
1959 1874 2053 1917 Ζευς
2072 1875 2202 1922 egesta-

350 1935 420 1960 tem
429 1926 498 1959 dixi
510 1937 547 1958 ex
556 1921 651 1958 Pauli
665 1921 775 1957 verbis
786 1922 864 1957 colli
893 1919 1003 1971 iposs'e
1013 1934 1022 1955 ε
1033 1923 1112 1967 quia
1123 1920 1281 1953 deducere
1291 1916 1348 1953 hic
1358 1921 1483 1954 viatico
1503 1918 1658 1968 prosequi
1669 1918 1831 1967 fignificat
1841 1934 1850 1954 :
1862 1921 2148 1967 quemadmodum
2158 1933 2198 1957 ex

349 1984 511 2008 contextu
545 1971 663 2019 liquet.
689 1971 744 2006 Ne
754 1974 848 2006 enim
860 1935 995 2017 (ffimptu
1005 1970 1135 2017 grauari
1147 1966 1178 2002 se
1188 1978 1370 2014 querantur
1380 1967 1552 2002 Cretenses
1563 1991 1573 2006 ‚
1584 1966 1708 2014 quibus
1718 1969 1752 2004 id
1762 1971 1872 2004 oneris
1889 1971 2040 2017 iniungit
2048 1993 2059 2008 ‚
2078 1971 2199 2006 admo-

350 2033 409 2058 net
420 2035 492 2057 non
504 2019 620 2055 debere
630 2017 690 2053 effe
698 2018 786 2053 infru
792 2017 924 2055 &nosos
934 2032 942 2053 :
951 2018 1094 2064 ideoque
1106 2016 1269 2063 vrgendos
1278 2013 1338 2050 esse
1348 2026 1384 2049 vt
1392 2015 1493 2050 bonis
1504 2016 1661 2064 operibus
1672 2015 1735 2053 sint
1744 2020 1877 2052 intenti.
1894 2018 2011 2052 verum
2024 2018 2063 2052 de
2072 2017 2133 2053 hac
2142 2017 2199 2054 lo-

349 2072 519 2117 quutione
530 2069 620 2117 prins
630 2068 759 2103 dietum
770 2069 824 2102 est.
838 2070 914 2103 Siue
925 2079 1004 2115 ergo
1015 2064 1172 2100 excellere
1182 2063 1283 2098 bonis
1295 2064 1453 2112 operibus
1465 2075 1521 2099 eos
1532 2064 1644 2099 iubeat
1668 2088 1679 2105 ‚
1692 2064 1758 2101 siue
1769 2067 1974 2101 eminentem
1985 2065 2101 2101 locum
2110 2067 2198 2102 dare:
2218 2077 2220 2080 ⁴

349 2117 513 2167 significat
522 2117 604 2152 vtile
613 2115 679 2151 illis
690 2114 762 2157 esse,
772 2115 901 2164 prebet-i
914 2114 1092 2156 exercende
1104 2111 1310 2147 liberalitatis
1321 2115 1506 2151 materiam,
1518 2126 1559 2148 ne
1570 2111 1631 2148 sint
1640 2113 1826 2162 infrugiferi
1846 2137 1857 2152 ,
1868 2113 1935 2149 hoc
1953 2126 2104 2164 pretextu
2117 2117 2198 2164 quia

351 2167 432 2203 desit
442 2164 638 2205 occafio‚vel
649 2163 816 2200 neceffitas
829 2179 900 2201 non
909 2163 1062 2214 postulet.
1073 2164 1153 2209 Qe
1160 2160 1352 2208 sequuntur:
1376 2162 1445 2196 iam
1455 2163 1491 2196 in
1503 2160 1577 2196 aliis
1587 2162 1742 2211 Epistolis
1752 2162 1888 2198 fuerunt
1898 2162 2052 2212 exposita.

376 2424 614 2529 IN
723 2416 2164 2531 EPISTOLAM

418 2580 824 2655 PAVLI
891 2577 1078 2650 AD
1151 2539 2164 2649 PHILEMONEM.

736 2698 1230 2759 IOHANNIS
1302 2691 1720 2752 CALVINI

1014 2801 1439 2862 Commentarius

683 2961 691 2969 ,
743 2950 778 2996 3)
844 2937 880 2973 A
889 2937 921 2972 V
939 2938 1009 2973 LV
1018 2940 1041 2974 S
1059 2933 1205 2972 vincius
1215 2926 1423 2984 Chrifiilqfic
1441 2927 1482 2976 ἀ
1492 2926 1701 2970 Timotheus
1710 2927 1846 2983 frater,
1864 2925 2063 2972 Philemoni
2083 2936 2194 2981 amico

735 2994 745 2997 ”
848 2989 1087 3044 &cooperario
1095 2988 1217 3038 nostro,
1967 2997 1970 3000 ⁴

905 3058 959 3139 ad
983 3052 1033 3110 Er
1044 3043 1178 3120 Apphie
1186 3044 1329 3090 dileao,
1342 3041 1384 3089 ῤ’
1395 3039 1590 3098 archippo
1599 3040 1822 3082 commilitoni
1832 3041 1946 3096 nostro
1955 3073 1968 3091 ‚
1988 3043 2031 3093 ά
2045 3045 2191 3104 Ecclefiae

768 3118 796 3137 *0
849 3113 922 3207 qu}
958 3112 1099 3197 ”ZZZ
1108 3101 1213 3197 fusto-bis
1223 3155 1342 3212 &pax
1351 3154 1372 3195 ὲ
1381 3163 1457 3196 Deo
1477 3158 1578 3195 Patre
1587 3153 1694 3207 nostro
1707 3154 1748 3201 ἀ-
1765 3158 1922 3196 Domino
1932 3155 2002 3211 leste
2010 3155 2098 3199 chri
2122 3173 2156 3200 o.

673 3250 676 3259 f
764 3257 781 3269 ,ι
853 3266 874 3308 b
909 3227 936 3263 4
1001 3216 1138 3254 Gratias
1163 3228 1225 3270 ago
1242 3220 1319 3254 Deo
1328 3226 1404 3252 meo
1420 3242 1432 3259 ‚
1451 3209 1791 3269 sempermemoriam
1809 3214 1862 3252 tm·
1876 3210 2013 3267 finiens
2031 3216 2071 3254 in
2078 3216 2190 3272 preci-

691 3318 705 3326 ’
750 3310 762 3317 Α
874 3280 1141 3377 m5me22diens
1160 3335 1256 3364 tuam
1266 3323 1488 3366 daemonem
1499 3323 1540 3372 ἀ·
1547 3321 1655 3376 fidem
1671 3310 1781 3376 qnam
1787 3319 1894 3365 habet
1901 3337 1980 3382 erga
1998 3328 2190 3368 Dominum

851 3379 958 3438 Iefitm
969 3379 1011 3429 ὦ·
1020 3393 1098 3438 erga
1107 3379 1368 3436 omnessaenei‘os
1378 3393 1388 3416 ε

2067 3439 2188 3488 §KQ
