2268 3705
112 215 263 251 H=b.u.lv.7.

326 112 373 143 132
785 101 877 147 IN
928 97 1605 150 I-EPIST-PAVLI

321 171 509 207 societatem
522 177 712 220 recepturus
723 170 759 206 sit
771 170 899 208 sanctos
912 171 1161 219 suos,tanquam
1173 171 1342 206 affiss‘ores:
1357 173 1484 219 alioqui
1494 172 1672 206 iudicabunt
1680 172 1839 212 mundum,⁴
1852 172 1932 209 sicut
1943 176 2009 210 iarn
2019 178 2162 232 {ncipifir

323 222 564 266 iudicare.quia
575 224 677 269 pietas
689 220 1023 261 eorum,lides,timor
1033 220 1279 264 Domini,bona
1291 220 1504 261 conscientia,
1516 224 1685 268 integritas
1696 225 1782 260 vitm,
1794 236 1929 257 omnem
1941 227 2054 273 impiis
2065 239 2162 260 excu⁷⁴

327 267 489 303 sationem
502 268 689 303 tollerzlicut
700 269 739 302 de
748 269 825 303 Noe
837 270 1065 313 dicitur‚quod
1079 267 1139 301 lide
1150 269 1203 302 sua
1213 279 1331 302 omnes
1342 271 1442 302 aetatis
1456 267 1516 302 sum
1528 269 1683 304 homines
1695 271 1910 305 damnauerit.
1922 273 1981 306 Sed
1992 276 2082 321 prior
2093 275 2166 317 sen-s

327 316 377 351 sus
390 316 507 352 melius
520 319 680 352 conuenit
692 318 843 364 Apostoli
855 316 1037 364 proposito:
1048 315 1106 349 nisi
1119 319 1208 349 enim
1221 315 1370 349 ludzcmm
1383 317 1438 350 hic
1448 316 1581 364 proprie
1592 320 1745 366 accipias,
1767 332 1837 353 non
1848 321 2002 367 procedet
2013 326 2166 369 argume-

325 377 407 400 tum.
434 366 556 399 Verum
568 379 608 399 ne
622 364 661 399 sic
673 365 809 412 quidem
824 364 967 398 multum
982 363 1098 397 habere
1108 365 1263 411 ponderis
1273 365 1398 398 videtur
1413 379 1420 398 :
1443 366 1578 412 perinde
1589 368 1679 399 enim
1690 365 1733 400 est
1744 379 1779 401 ac
1791 366 1889 414 liquis
1899 369 2020 404 diceret
2030 393 2040 406 ,
2053 372 2165 405 Saneti

328 415 453 462 praediti
466 412 538 448 sunt
550 413 665 448 caelesti
677 413 845 460 sapientia,
859 425 931 458 quae
943 410 1107 445 immenso
1119 412 1296 446 interuallo
1315 414 1482 447 doetrinas
1492 424 1610 447 omnes
1621 413 1780 449 humanas
1793 415 1971 450 antecellit.
1990 429 2069 464 ergo
2079 419 2117 451 de
2130 431 2167 452 a.-

326 464 395 497 stris
409 462 525 496 melius
537 463 678 495 iudicare
694 457 826 508 possunt
837 462 938 506 quam
949 459 1115 506 astrologi.
1129 462 1206 494 Hoc
1216 473 1325 494 autem
1338 474 1438 494 nemo
1450 463 1657 496 concedetzac
1670 462 1842 497 reclamadi
1854 467 1937 498 ratio
1949 466 1992 499 est
2003 468 2038 499 in
2049 478 2167 513 prom-

324 513 562 558 ptu,quoniam
576 511 677 556 pietas
691 514 723 542 ὲκ
738 506 912 555 spiritualis
922 508 1075 542 doe-‘trina
1087 521 1157 542 non
1168 507 1315 542 conferat
1336 509 1557 543 humanarum
1571 513 1691 544 artium
1705 509 1884 546 scientiam.
1895 513 1961 547 Hic
1971 512 2167 561 respondeo,

326 571 410 593 mter
427 560 503 592 alias
517 569 598 590 artes
615 562 647 591 8.·
662 557 830 590 iudicandi
842 558 991 604 peritiam
1001 556 1068 590 hoc
1079 554 1357 593 ess'ediscriminis‚
1373 557 1463 603 quod
1475 556 1537 592 illae
1554 563 1586 592 δε
1599 561 1752 594 acumine
1764 561 1893 606 ingenii
1906 564 1939 594 &
1952 561 2058 595 studio
2070 574 2168 596 com-

325 618 493 655 parantur,
508 605 768 651 discunturquea
779 606 959 651 magistris:
979 604 1045 638 haec
1058 604 1297 650 verotequitate
1311 609 1344 639 ἅτ
1359 604 1449 639 bona
1459 604 1662 640 conscientia
1674 610 1776 654 magis
1786 607 1923 642 constat.
1946 611 1992 643 At
2002 609 2168 645 Iuriscon-

326 655 401 689 sulti
414 654 530 688 melius
543 652 790 689 iudicabunt,&
802 656 921 686 certius
932 654 1031 698 quam
1045 651 1148 686 fidelis
1160 653 1323 700 quispiam
1335 654 1505 688 idiotazaut
1517 656 1595 688 iuris
1606 657 1759 703 cognitio
1771 655 1969 703 superuacua
1982 657 2168 706 cst.Resp6-

324 705 387 737 dco
403 729 412 743 ,
436 703 572 736 hicnon
588 700 714 735 excludi
728 713 842 735 eorum
855 700 1050 734 consilium:
1068 714 1145 734 nam
1158 701 1281 735 licinus
1294 699 1436 736 obscura·
1446 703 1633 748 quazstionis
1645 703 1796 738 definitio
1809 708 1825 737 a
1837 703 1951 751 legum
1964 703 2098 740 scientia
2109 720 2167 754 pe-

326 752 424 785 tenda
435 750 555 787 sit,non
567 761 653 784 vetat
666 749 845 797 Apostolus
858 752 941 795 quin
950 749 1066 783 adeant
1077 750 1256 783 Christiani
1268 747 1596 784 Iurisconsultos.Sed
1606 752 1671 785 hoc
1681 753 1810 785 tantuin
1823 753 2033 799 reprehendit
2046 757 2080 788 in
2096 757 2170 788 Co-

327 798 570 845 rinthiis‚qubd
583 796 651 831 suas
662 797 900 832 controuersias
912 799 950 830 ad
961 796 1147 830 infidelium
1159 798 1320 832 iudicium
1332 797 1491 835 deferant,
1501 810 1657 845 tanquam
1673 800 1785 834 nullos
1797 800 1953 835 haberent
1963 802 2104 836 idoneos
2116 815 2169 837 ar—

324 847 431 882 bitros
442 849 477 880 in
490 845 638 880 Ecclesia.
671 848 709 880 Et
719 847 876 880 admonet
888 856 1015 891 quanto
1026 844 1252 880 excellentiori
1264 848 1388 881 iudicio
1401 846 1578 894 praefccerit
1588 849 1676 882 Deus
1690 848 1763 882 suos
1775 847 1895 882 fideles.
1947 851 1987 882 In
1999 849 2172 898 vobis‚po-

327 895 425 930 situm
437 896 588 929 existimo
621 907 681 941 pro
694 897 779 928 Inter
791 907 859 928 vos.
887 895 1033 938 Qoties
1043 907 1132 927 enim
1145 893 1202 928 sub
1214 894 1337 929 Christi
1347 898 1500 943 aulpiciis
1511 897 1544 929 in
1563 909 1669 930 vnum
1679 896 1918 931 locum'fideles
1940 901 2165 940 conueniunt,

327 947 394 978 iam
409 946 443 977 in
456 955 572 977 eorum
584 941 727 976 conscilii
741 943 888 988 quredam
903 943 945 976 est
958 941 1057 975 'intui-i
1069 943 1184 977 indicii
1195 946 1320 989 imago,
1339 944 1430 990 quod
1442 942 1560 977 vltimo
1575 944 1628 978 die
1639 948 1674 979 in
1687 944 1830 979 solidum
1844 944 1986 993 patefiet.
1999 948 2171 982 Mundum

326 1004 405 1039 ergo
438 994 472 1025 in
483 990 621 1026 Ecclesia
641 991 778 1024 iudicari
789 991 870 1025 dicit
889 989 1008 1024 Paulus
1018 1014 1028 1028 ,
1048 989 1104 1024 vbi
1117 994 1264 1026 ercitum
1277 993 1320 1026 est
1331 992 1455 1026 Christi
1468 991 1612 1026 tribunal
1631 1017 1641 1031 ,
1661 1007 1698 1029 ex
1710 1006 1778 1040 quo
1793 991 1882 1028 suam
1903 992 2171 1030 iurisdietionem

327 1052 483 1075 exerceat.

375 1101 389 1134 3
440 1090 495 1122 An
507 1090 626 1132 nescitix
638 1083 717 1132 qu‘od
724 1088 891 1133 Angelos.)
942 1088 1038 1122 Varie
1050 1089 1103 1122 hic
1113 1086 1207 1122 locus
1218 1089 1389 1135 accipitur.
1409 1088 1666 1135 Chrysostomus
1679 1086 1775 1124 refert
1785 1090 1802 1124 ὲ
1813 1087 2011 1136 quibusdam
2022 1091 2062 1124 de
2070 1091 2172 1127 saeer-

329 1137 463 1172 dotibus
477 1135 686 1183 intelligi‚sed
700 1134 782 1168 illud
793 1135 836 1168 est
846 1137 947 1169 nimis
958 1139 1126 1170 coactum.
1151 1135 1220 1169 Alii
1230 1136 1269 1168 de
1279 1136 1416 1183 Angelis
1430 1137 1609 1172 caelestibus
1620 1150 1805 1185 exponunt,
1813 1139 1877 1172 hoc
1888 1136 2089 1185 senl'u‚qubd
2099 1153 2174 1174 ver-

328 1185 364 1220 bi
375 1186 437 1219 Dei
455 1186 579 1218 iudicio
593 1183 716 1230 Angeli
729 1181 925 1220 subiaceant,
940 1188 973 1218 &
988 1185 1006 1217 ὲ
1017 1183 1126 1222 nobis.
1137 1181 1160 1217 si
1171 1196 1256 1230 opus
1267 1182 1374 1232 smper
1383 1184 1449 1219 hoc
1459 1185 1597 1220 verbum
1608 1188 1745 1220 iudicari
1755 1185 1972 1234 poffiiit.fictit
1982 1186 2122 1222 habetur
2133 1189 2175 1223 ad

328 1232 507 1267 Galat.1.b.
520 1234 551 1269 8,
571 1234 604 1267 Si
615 1231 765 1278 Angelus
778 1233 794 1265 e
806 1231 886 1265 caelo
897 1231 986 1266 aliud
998 1230 1217 1280 Euangelium
1227 1231 1373 1266 attulerit
1383 1259 1393 1273 ,
1406 1233 1580 1268 anathema
1589 1233 1635 1267 fit.
1660 1235 1735 1268 Nec
1745 1236 1872 1269 videtur
1891 1237 2001 1282 prima
2011 1234 2092 1270 facie
2103 1238 2174 1271 haec

330 1280 491 1330 expolitio
502 1281 609 1314 aliena
619 1279 679 1314 ess'c
689 1282 706 1314 a
717 1291 875 1315 contextu
886 1279 1071 1314 Paulimam
1081 1285 1103 1315 li
1114 1293 1231 1315 omnes
1242 1293 1327 1326 quos
1338 1280 1438 1315 verbo
1448 1281 1507 1316 suo
1519 1281 1726 1317 illuminauit
1739 1284 1830 1317 Deus
1838 1297 1850 1320 ³,
1868 1293 1958 1316 tanta
1967 1283 2174 1319 authoritate

330 1327 404 1364 sunt
415 1330 553 1377 ptaediti,
579 1340 612 1363 vt
624 1340 682 1376 per
693 1327 831 1362 verbum
843 1327 924 1362 illud
942 1342 1013 1363 non
1024 1329 1179 1363 homines
1190 1327 1358 1365 modoad
1370 1329 1518 1377 Angelos
1530 1333 1627 1364 etiam
1641 1331 1804 1366 iudicent:
1816 1341 1944 1378 quanto
1955 1335 2061 1379 magis
2071 1333 2111 1367 de
2120 1346 2173 1368 re-

332 1377 394 1413 bus
416 1379 543 1424 exiguis
556 1381 589 1411 &
604 1375 724 1410 vilibus
738 1376 932 1411 iudicabunt
942 1379 955 1409 ?
965 1375 1015 1411 sed
1025 1380 1103 1423 quia
1113 1376 1231 1411 Paulus
1251 1377 1306 1411 hic
1316 1380 1349 1411 in
1361 1377 1473 1415 futuro
1485 1390 1646 1429 tanquam
1658 1380 1698 1412 de
1718 1391 1865 1416 extremo
1879 1381 1931 1414 die
1941 1379 2093 1426 loquitur
2102 1407 2115 1424 ,
2138 1387 2174 1418 Sc

332 1426 461 1462 adhrale
472 1430 518 1471 (vt
530 1424 637 1472 vulgo
648 1426 780 1468 dicitur>
800 1426 963 1459 iudicium
973 1426 1070 1459 verba
1081 1425 1216 1462 sonant:
1231 1439 1303 1462 mea
1314 1427 1448 1474 quidem
1462 1429 1626 1475 opinione
1636 1451 1645 1465 ,
1667 1426 1802 1474 angelos
1813 1428 1973 1476 apostatas
1986 1425 2176 1480 intelligere

334 1472 432 1515 satius
446 1475 500 1509 est.
525 1474 646 1520 Neque
658 1475 749 1507 enim
760 1477 871 1508 minus
883 1473 1054 1520 quadrabit
1066 1485 1313 1521 argumentum,
1325 1475 1390 1512 hoc
1401 1477 1516 1515 modo,
1527 1477 1706 1509 Daemoncs
1717 1479 1775 1522 qui
1786 1489 1823 1510 ex
1834 1476 1965 1523 origine
1976 1477 2061 1512 adeo
2073 1479 2178 1516 nobi-

329 1523 360 1559 li
380 1525 444 1557 orti
466 1519 539 1557 sunt
559 1549 568 1562 ‚
598 1526 632 1557 δέ
644 1535 687 1557 uu
694 1534 735 1558 nc
747 1535 883 1570 quoque
903 1522 1077 1570 postquam
1099 1523 1288 1560 exciderunt
1309 1521 1366 1557 suo
1379 1525 1565 1574 principatu
1585 1547 1594 1561 ,
1617 1535 1768 1558 creaturae
1781 1522 1856 1558 sunt
1877 1524 2087 1560 immortales
2102 1550 2114 1565 ‚
2137 1532 2174 1562 &s

335 1570 547 1620 corruptibili
559 1570 685 1605 mundo
701 1568 901 1620 superiores,
915 1569 1136 1607 iudicabimus
1155 1584 1163 1605 z
1186 1571 1268 1618 quid
1277 1583 1356 1620 ergo
1376 1580 1384 1605 Ξ
1409 1584 1450 1608 an
1464 1585 1499 1606 ea
1516 1585 1587 1620 quae
1603 1575 1712 1607 ventri
1734 1570 1869 1608 subsunt
1886 1596 1897 1611 ‚
1922 1574 2048 1609 iudicio
2059 1577 2175 1614 nostro

335 1622 523 1655 eximcntur
532 1623 548 1652 ἒ

382 1680 409 1714 4
459 1671 477 1703 I
479 1668 582 1704 ndicia
593 1681 655 1718 ergo
668 1668 705 1704 de
715 1668 804 1705 rebus
813 1669 857 1704 ad
865 1673 980 1707 vic'lum
987 1671 1233 1723 pertinentibus.)
1287 1669 1540 1709 obseruandum
1551 1669 1676 1723 semper
1695 1674 1734 1708 de
1743 1671 1866 1720 quibus
1878 1671 1978 1709 caulis
1990 1686 2063 1722 agat
2074 1685 2082 1706 ι
2093 1688 2174 1710 nam

333 1717 470 1767 publica
479 1719 601 1753 iudicia
613 1731 699 1753 extra
713 1721 905 1768 potestatem
917 1722 1063 1757 nostram
1072 1717 1223 1762 sunt,nec
1234 1721 1353 1757 arbitio
1363 1724 1476 1757 nostro
1487 1720 1606 1757 debent
1617 1721 1834 1771 transferri:de
1844 1724 1982 1769 priuatis
1991 1732 2103 1757 autem
2114 1738 2176 1762 ne-

333 1769 439 1814 gotiis
450 1765 622 1815 transigere
632 1767 719 1806 licet,
727 1766 846 1815 absque
860 1771 1065 1817 magistratus
1075 1766 1287 1806 conscientia.
1299 1773 1419 1818 Qum
1431 1783 1509 1818 ergo
1519 1770 1691 1806 arbitrium
1706 1770 1840 1805 ferendo
1851 1769 1940 1805 nihil
1953 1773 2124 1806 minuatur
2133 1770 2176 1807 de

333 1817 406 1850 iure
418 1816 632 1864 magistratus,
641 1817 761 1851 merito
773 1817 955 1865 Apostolus
966 1817 1126 1853 abstinere
1137 1819 1155 1853 ὲ
1166 1817 1389 1867 profano‚hoc
1400 1819 1445 1854 est
1454 1815 1640 1855 infidelium
1651 1819 1727 1854 foro
1739 1817 1947 1853 Christianos
1959 1816 2061 1853 iubet.
2070 1821 2121 1854 Ac
2130 1834 2175 1855 ne

333 1862 552 1902 causentur,se
566 1865 695 1899 destitui
706 1864 845 1900 meliore
855 1867 1013 1904 remedio,
1024 1867 1116 1902 iubet
1127 1880 1163 1902 eor
1174 1867 1317 1903 Ecclesia
1327 1868 1468 1915 deligere
1477 1866 1617 1902 arbitros
1628 1871 1686 1921 qui
1697 1867 1824 1915 placide
1837 1871 1870 1901 ὃ(
1882 1880 1918 1901 ex
1930 1870 2083 1914 aequitate
2095 1881 2176 1903 cau·

332 1910 380 1946 sas
389 1913 558 1947 decidant:
578 1926 619 1947 ne
633 1913 712 1948 verb
722 1915 862 1948 idoneos
872 1913 931 1948 fibi
941 1926 1064 1962 negent
1073 1914 1243 1963 suppetere
1254 1940 1265 1954 ,
1276 1918 1356 1951 dicit
1370 1916 1528 1951 infimum
1539 1929 1695 1963 quenque
1705 1915 1858 1950 sustinere
1867 1913 1956 1963 posse
1967 1917 2040 1950 istas
2051 1929 2169 1964 partes.

331 1961 416 1995 Non
428 1973 507 2008 ergo
517 1959 573 1996 hic
583 1960 729 1996 eleuatur
741 1963 945 2009 magistratus
956 1964 1118 2010 dignitas,
1127 1966 1205 1999 dum
1218 1977 1296 1999 eoru
1303 1978 1334 1999 m
1348 1978 1470 1999 munus
1481 1967 1683 2013 contemptis
1692 1963 1889 1999 hominibus
1900 1965 2046 1998 mandari
2058 1969 2175 2012 praeci-

330 2010 391 2057 pit:
407 2009 472 2043 hoc
486 2012 576 2044 enim
587 2009 680 2052 (sicut
692 2012 756 2044 iam
769 2011 848 2053 dixi)
864 2023 920 2058 per
929 2015 1206 2059 anticipationem
1217 2012 1361 2060 positum
1372 2014 1434 2047 est:
1452 2012 1541 2059 quasi
1552 2014 1674 2047 diceret
1684 2037 1693 2051 ,
1704 2012 1764 2047 Vel
1773 2013 1958 2060 postremus
1980 2011 2124 2047 vestrum
2136 2018 2174 2049 δε

331 2055 568 2092 abiectissimus
584 2057 702 2092 melius
714 2059 778 2093 hoc
789 2059 960 2106 praestabit,
977 2062 1078 2107 quam
1089 2062 1214 2095 iudices
1229 2063 1327 2110 impii
1338 2062 1376 2096 ad
1385 2074 1470 2109 quos
1481 2064 1625 2100 curritis,
1639 2073 1768 2096 tantum
1779 2060 1867 2095 abest
1877 2072 1911 2095 vt
1923 2061 1990 2096 haec
2003 2059 2173 2097 neceffitas
2222 2107 2227 2110 .
2267 2079 2268 2087 ¹

331 2116 392 2140 vos
402 2117 509 2153 cogat.
547 2106 597 2140 Ad
607 2106 698 2141 hunc
709 2105 835 2142 sensum
846 2109 951 2155 prope
964 2111 1088 2144 accedit
1100 2107 1354 2155 Chrysost'omus
1365 2134 1374 2148 ‚
1394 2107 1521 2144 tametsi
1532 2108 1657 2157 aliquid
1672 2120 1825 2158 praeterca
1833 2110 2007 2156 adiungit:
2027 2121 2121 2158 putat
2132 2124 2168 2144 e—

330 2156 405 2188 nim
413 2153 618 2202 Apostolum
629 2153 765 2189 voluiss'e
777 2156 883 2189 dicere
899 2183 908 2195 ‚
921 2156 1045 2191 etiamsi
1055 2160 1141 2192 inter
1151 2157 1350 2193 Corinthios
1361 2172 1463 2204 nemo
1474 2161 1681 2193 inueniretur
1692 2160 1750 2204 qui
1760 2156 1833 2192 satis
1847 2157 1979 2193 haberet
1988 2159 2173 2206 prudentie

329 2202 372 2236 ad
383 2202 597 2237 iudicandum
608 2226 618 2239 ‚
639 2202 809 2250 eligendos
820 2215 931 2239 tamen
942 2204 1001 2239 csse
1019 2205 1263 2253 qualescunque
1274 2205 1382 2240 ess'ent.
1416 2205 1609 2241 Ambrolius
1622 2220 1729 2253 neque
1742 2206 1859 2242 caelum
1870 2219 1978 2253 neque
1991 2217 2109 2241 terram
2121 2219 2172 2243 at*

330 2253 445 2298 tingit.
457 2253 528 2298 Ego
540 2251 623 2286 milii
635 2252 749 2286 videor
761 2251 914 2299 Apostoli
930 2265 1075 2288 mentem
1088 2253 1225 2288 fideliter
1237 2253 1414 2302 expressill'e
1425 2281 1435 2295 ‚
1448 2255 1537 2302 quod
1548 2253 1733 2302 postremos
1743 2253 1891 2289 fidelium
1901 2253 2080 2302 praetulerit
2091 2255 2171 2291 infi-

329 2298 460 2333 delibus
479 2302 514 2334 in
532 2300 696 2334 iudicandi
712 2299 875 2334 facultate.
902 2303 987 2336 Sunt
998 2305 1056 2349 qui
1079 2303 1240 2337 excudant
1249 2301 1379 2351 prorsus
1401 2301 1567 2337 diuersum
1583 2301 1727 2338 sensum:
1748 2315 1826 2337 nam
1835 2302 1934 2337 verbu
1942 2316 1972 2336 m
1991 2301 2121 2349 καθίζετε
2132 2308 2169 2340 in

332 2345 482 2396 praescnti
493 2349 672 2395 accipiunt:
689 2351 722 2382 &
733 2349 1006 2397 contemptibiles
1021 2353 1056 2385 in
1066 2350 1206 2385 Ecclesia
1216 2375 1226 2389 ‚
1242 2350 1399 2399 profanos
1409 2353 1565 2386 homines
1575 2354 1839 2399 interpretantur.
1860 2353 1921 2385 Sed
1933 2351 1998 2386 hoc
2011 2364 2168 2400 argutum

333 2398 439 2443 magis
449 2397 552 2443 quam
564 2395 715 2430 solidum:
735 2409 813 2431 nam
825 2397 944 2444 frigida
956 2398 1029 2433 esset
1040 2398 1097 2432 illa
1107 2398 1292 2434 infidelium
1304 2400 1495 2448 appellatio.
1507 2401 1636 2433 Deinde
1646 2399 1816 2447 particula,
1826 2400 1861 2432 Si
1870 2398 2169 2439 habuermsmbiur·

331 2446 462 2491 gationi
472 2457 544 2479 non
555 2444 636 2478 adeo
649 2445 838 2491 quadraret:
858 2447 1038 2481 dicendum
1050 2450 1141 2482 enirn
1152 2450 1263 2496 potius
1279 2447 1381 2482 fuerat
1391 2476 1400 2488 ,
1411 2450 1502 2482 Dum
1513 2447 1641 2482 habetis
1655 2460 1662 2481 :
1687 2460 1764 2482 nam
1775 2449 1926 2482 conditio
1937 2447 1992 2482 illa
2003 2461 2170 2486 extenuat.

331 2493 476 2527 Proinde
488 2491 570 2527 illud
582 2495 684 2540 magis
697 2493 1079 2540 amplectentemedium
1091 2495 1169 2530 mali
1181 2499 1246 2531 iam
1257 2496 1312 2531 hic
1322 2495 1494 2544 praesctibi.
1521 2495 1684 2530 Caeterum
1696 2495 1782 2531 hanc
1793 2495 1986 2531 sententiam
1995 2509 2168 2546 perperam

331 2551 501 2587 acceptam
514 2538 605 2575 fuisse
617 2543 634 2575 a
646 2542 820 2579 veteribus,
835 2555 872 2576 ex
884 2543 1030 2588 quodam
1042 2545 1219 2590 Augustini
1230 2543 1308 2578 loco
1320 2556 1452 2592 apparet
1463 2558 1469 2578 :
1480 2557 1556 2578 nam
1567 2542 1653 2578 libro
1666 2545 1719 2577 De
1729 2557 1828 2592 opere
1837 2544 2101 2585 Monachorum,
2111 2546 2169 2582 vbi

332 2587 402 2622 suas
413 2592 652 2637 occupationes
663 2601 917 2628 commemorat,
928 2590 1013 2627 hanc
1024 2590 1081 2625 libi
1090 2593 1128 2626 de
1140 2593 1254 2627 multis
1265 2592 1317 2627 vel
1329 2591 1587 2628 molestissimam
1598 2590 1657 2627 effe
1666 2591 1781 2630 alserit,
1794 2592 1886 2639 quod
1896 2591 2096 2630 secularibus
2105 2608 2168 2630 ne-

332 2638 436 2682 gotiis
449 2649 575 2685 partem
585 2638 649 2671 dici
660 2639 849 2685 impendere
859 2650 1005 2685 cogatur:
1017 2640 1044 2674 se
1055 2652 1166 2674 tamen
1179 2644 1338 2688 patienter
1350 2641 1431 2676 ferre
1443 2665 1452 2679 ‚
1462 2643 1540 2688 quia
1551 2637 1711 2674 eiusmodi
1719 2639 1941 2676 necessitatem
1951 2640 2008 2675 sibi
2020 2643 2167 2690 Aposto-

332 2684 384 2718 lus
398 2686 562 2732 iniungat.
588 2688 633 2720 Ex
644 2685 797 2720 hocloco
810 2691 845 2720 ὃς
857 2688 998 2733 quadam
1009 2688 1145 2734 epistola
1158 2700 1309 2736 apparet,
1322 2687 1435 2725 solitos
1447 2692 1541 2724 certis
1552 2689 1643 2723 horis
1654 2690 1765 2723 cedere
1789 2689 1967 2736 Episcopus
1980 2690 2019 2724 ad
2029 2689 2102 2726 lites
2114 2693 2167 2727 di-

333 2733 509 2767 rimendas:
522 2733 609 2780 quasi
621 2747 676 2768 eos
689 2734 743 2768 hic
753 2734 897 2782 designet
906 2736 1097 2782 Apostolus.
1109 2738 1151 2769 Vt
1160 2748 1271 2771 autem
1282 2749 1330 2770 res
1344 2740 1379 2772 in
1390 2739 1530 2772 deterius
1543 2735 1667 2784 semper
1677 2736 1833 2771 labuntur
1845 2763 1855 2777 ,
1868 2750 1905 2771 ex
1915 2737 1975 2771 illo
1986 2751 2093 2776 errore
2107 2741 2166 2775 de—

333 2781 411 2815 inde
423 2784 570 2816 manauit
582 2780 764 2817 iurisdictio
775 2805 784 2820 ‚
809 2796 910 2829 qnam
922 2782 979 2819 sibi
992 2785 1027 2817 in
1040 2783 1141 2817 caulis
1154 2787 1352 2831 pecuniariis
1369 2785 1609 2833 Episcoporum
1621 2783 1777 2819 officiales
1789 2784 1999 2832 vsurpant.1n
2009 2786 2068 2822 illo
2077 2791 2167 2823 anri-

334 2841 404 2876 quo
417 2841 509 2863 more
519 2830 584 2864 duo
597 2829 671 2864 sunt
680 2830 931 2878 reprehensione
941 2832 1050 2879 digna:
1067 2832 1160 2877 quod
1170 2832 1325 2880 Episcopi
1334 2832 1450 2869 alienis
1459 2833 1499 2868 ab
1509 2832 1623 2869 officio
1633 2833 1690 2868 suo
1701 2835 1844 2880 negotiis
1855 2833 2167 2881 implicabantur,&

332 2879 409 2911 Deo
422 2876 584 2912 faciebant
597 2880 751 2912 iniuriam
763 2902 773 2915 ,
793 2892 899 2925 quum
911 2882 979 2914 eius
988 2880 1190 2914 authoritate
1207 2886 1240 2916 δε
1254 2883 1410 2916 mandato
1420 2881 1448 2915 se
1459 2885 1476 2916 a
1486 2885 1571 2917 reeta
1584 2884 1760 2915 vocatione
1769 2880 1928 2916 discedere
1939 2893 2162 2929 praetexerent.

334 2924 386 2959 sed
396 2937 461 2959 erat
472 2924 555 2960 forte
572 2925 697 2960 malum
709 2938 877 2973 vtcunque
888 2927 1162 2964 tolerabile.hunc
1173 2930 1251 2963 vero
1266 2928 1444 2978 profanum
1456 2942 1584 2966 morem
1595 2931 1653 2975 qui
1664 2931 1829 2978 inPapatu
1841 2931 1984 2965 inualuit
2001 2930 2052 2966 vel
2062 2945 2162 2968 excu-

335 2973 399 3008 sare
410 2973 459 3007 vel
472 2973 792 3012 defendere‚lh1nmae
803 2978 849 3009 im
855 2975 1027 3022 probitatis
1037 2975 1069 3010 fu
1075 2978 1144 3010 erit.

384 3032 398 3065 5
448 3021 509 3056 Ad
527 3022 757 3069 erubescentiam
774 3022 864 3056 vobis
872 3023 962 3068 dtco.)
1021 3023 1137 3058 Sensus
1155 3025 1199 3058 est
1208 3048 1217 3062 ‚
1236 3027 1268 3058 Si
1280 3024 1364 3059 nihil
1380 3039 1439 3059 vos
1454 3035 1594 3059 mouent
1616 3025 1684 3059 aliae
1695 3027 1838 3060 rationes
1848 3054 1857 3066 ,
1884 3024 1995 3062 (altem
2013 3028 2163 3064 consid&

336 3081 403 3104 rate
417 3081 544 3116 quanto
564 3070 658 3104 vobis
671 3071 821 3105 dedecori
832 3070 868 3105 lit
884 3096 892 3109 ‚
914 3072 1004 3118 quod
1015 3074 1100 3106 inter
1122 3085 1181 3106 vos
1191 3086 1232 3108 ne
1241 3086 1326 3108 vnus
1347 3076 1485 3120 quidem
1496 3083 1583 3111 extet
1602 3076 1659 3119 qui
1672 3076 1845 3121 negotium
1856 3077 1940 3111 inter
1956 3075 2068 3112 fratres
2079 3081 2166 3113 ami-

336 3118 372 3153 ce
390 3117 564 3165 tranligere
583 3130 681 3165 queat
699 3133 705 3152 :
726 3132 826 3165 quem
838 3120 1003 3154 honorem
1015 3119 1204 3156 infidelibus
1221 3121 1375 3156 tribuitis.
1415 3123 1497 3156 Non
1518 3133 1679 3169 repugnat
1699 3133 1808 3157 autem
1831 3123 1884 3158 hic
1895 3123 1990 3158 locus
2011 3124 2162 3162 testifica-

336 3168 422 3200 tioni
441 3179 542 3212 quam
553 3165 698 3214 superius
721 3166 900 3202 habuimus
918 3182 925 3202 :
949 3167 1004 3202 vbi
1018 3168 1158 3216 negabat
1178 3168 1208 3204 se
1218 3169 1436 3218 exprobrandi
1448 3168 1540 3203 causa
1551 3182 1667 3204 eorum
1679 3173 1759 3204 vitia
1767 3171 1913 3217 proferre
1924 3186 1931 3206 :
1952 3185 2030 3208 nam
2044 3177 2089 3208 ita
2106 3186 2165 3209 ex-

338 3213 528 3261 probrando
541 3214 558 3252 '‚
579 3219 682 3263 magis
693 3228 749 3249 eos
768 3217 785 3250 a
796 3215 919 3262 probro
929 3227 1062 3252 reuocat
1079 3241 1088 3254 ‚
1111 3221 1144 3252 &⁷
1157 3216 1187 3252 se
1205 3217 1328 3252 honori
1351 3231 1467 3252 eorum
1488 3215 1678 3253 consultum
1698 3218 1780 3252 velle
1803 3221 1954 3260 ostendit.
1981 3221 2064 3256 Non
2082 3234 2163 3269 ergo

336 3261 408 3295 vult
426 3275 481 3295 eos
505 3275 572 3298 tam
592 3264 737 3310 maligne
747 3261 864 3298 sentire
874 3266 913 3299 de
922 3263 980 3300 suo
993 3276 1100 3305 catu,
1113 3277 1148 3299 vt
1158 3266 1249 3313 quod
1268 3265 1457 3302 infidelibus
1469 3266 1657 3300 concedunt
1670 3293 1681 3307 ,
1704 3266 1856 3302 fratribus
1875 3267 1938 3303 suis
1950 3269 2108 3305 omnibus
2126 3284 2162 3306 a·
2177 3304 2182 3310 ,

335 3310 474 3343 dimant.
2174 3319 2177 3323 .

385 3368 406 3402 7
448 3361 516 3392 Iam
526 3359 649 3404 quidem
659 3363 776 3396 omnino
788 3359 953 3405 alelmum.)
1005 3362 1195 3398 Secundum
1205 3361 1395 3398 membrum
1404 3364 1581 3400 continens
1592 3363 1778 3410 generalem
1789 3365 1831 3402 do
1837 3367 1986 3404 sturiam,
1996 3376 2058 3402 nec
2069 3369 2162 3404 enim

2104 3428 2160 3450 (¹03
