2268 3705
439 87 616 156 *AD
667 85 1456 150 CORINTH-cAp-v-
1885 109 1944 153 its

149 169 169 215 ζ
214 161 390 218 Qiaeuttm
398 166 519 212 Aptauit
527 167 608 207 nos.)
659 164 736 198 Hoc
751 163 826 198 ideo
841 165 992 199 additum
1007 184 1018 204 3
1029 177 1062 200 vt
1072 165 1212 201 sciamus
1222 168 1314 203 hunc
1324 168 1479 205 affectum
1491 173 1550 207 effe
1560 169 1849 223 supernaturalem.
1878 185 1951 218 Ne..

102 231 168 266 que
179 220 270 252 enim
281 215 418 264 propius
429 224 551 247 natura:
561 209 667 247 sensus
679 211 745 246 huc
757 220 818 246 nos
832 213 998 260 impellet'r
1020 217 1098 261 quia
1109 214 1202 249 illam
1212 217 1363 265 centupli
1386 221 1694 266 compensationem
1708 232 1779 262 non
1792 235 1947 278 percipiss

103 280 175 314 quae
187 265 342 315 prouenit
359 270 396 297 ex
408 263 502 309 grani
521 259 790 295 mortificatione.
801 273 819 294 a
830 262 905 295 Deo
916 264 1020 309 igitur
1030 275 1092 298 nos
1104 266 1209 312 apt-iri
1223 266 1347 301 neccll'e
1359 269 1412 301 est.
1427 270 1551 305 Modus
1574 283 1709 318 quoque
1719 275 1814 310 timul
1825 280 1925 314 adiun
1935 301 1944 309 -

104 319 192 363 gitur
203 338 214 352 ,
231 313 320 361 quod
331 322 394 345 nos
405 312 528 357 Spiritu
548 308 606 343 suo
620 320 779 354 tanquam
790 310 883 344 arrha
894 309 1082 346 confirmat.
1102 314 1309 359 Qanquam
1321 316 1481 363 particula
1491 323 1583 351 etiam
1594 322 1633 354 ad
1643 322 1940 369 amplificationem

100 362 205 412 posita
214 362 350 395 videturz
361 357 421 393 acsi
431 356 567 396 dixiil'et,
579 359 670 391 Deus
681 358 723 391 est
734 359 792 404 qui
805 356 924 393 format
937 361 971 393 in
983 359 1081 395 nobis
1093 359 1174 394 illud
1183 360 1426 398 deiidci-ium:ac
1437 378 1477 398 ne
1488 378 1618 401 animus
1629 369 1727 403 nobis
1738 370 1873 408 labascat
1884 388 1939 410 aur

100 410 244 446 vacillet,
260 409 400 456 Spiritus
409 404 537 441 sanctus
547 405 644 440 nobis
655 405 755 440 arrhae
765 408 862 440 instat
872 410 925 443 est:
938 410 1016 454 quia
1026 408 1102 443 facit
1112 407 1170 443 suo
1181 411 1374 447 testimonio
1385 424 1421 447 vt
1432 412 1571 448 firmasit
1581 427 1617 449 ac
1636 428 1702 451 rata
1711 421 1938 465 promissionis
1984 408 1988 416 ⁸

98 461 228 493 veritas.
239 458 320 491 Duo
331 457 421 489 enim
440 455 506 489 haec
518 452 590 489 sunt
601 452 712 488 officia
723 455 862 501 Spiritus
872 456 974 490 lancti
984 478 994 493 ,
1005 457 1174 491 ostendere
1184 456 1333 494 fidelibus
1344 463 1424 507 quid
1434 465 1658 510 appetendum
1671 465 1707 499 fit
1719 481 1725 499 :
1737 468 1853 503 demde
1866 470 1938 505 effi-.

99 509 217 542 caciter
228 505 373 554 ipsorum
385 503 483 537 corda
491 501 631 542 afficere3
643 507 675 536 δ(
688 515 829 537 eximere
839 509 977 538 omnem
988 504 1286 544 dubitatioiiermvt
1296 511 1481 544 constanter
1492 513 1526 545 in
1538 511 1702 548 electione
1713 514 1794 549 boni
1806 518 1935 564 perstem

96 555 181 590 Non
190 563 302 588 tamen
315 551 399 587 male
409 553 589 586 conueniet
600 551 735 597 longius
747 552 876 586 extendi
886 554 1032 599 Aptandi
1044 553 1180 588 verbum
1190 556 1230 587 ad
1241 558 1314 590 vitae
1325 561 1664 608 renouationcin‚qua
1675 560 1749 597 suos
1761 567 1824 598 iam
1838 579 1934 601 ornat

94 605 186 638 Deus
197 605 232 637 in
245 601 310 636 hoc
321 599 469 634 mundo:
483 602 561 647 quia
571 599 635 633 hoc
646 601 749 634 modo
761 602 827 634 iam
852 603 936 635 cosa
955 600 1092 649 reliquis
1108 602 1250 651 separat,
1271 610 1303 638 ὁ(
1316 607 1459 640 ostendit
1471 608 1509 641 ad
1527 611 1728 656 peculiarem
1750 611 1869 648 sortem
1880 614 1935 650 sua

94 653 199 699 gratia
209 648 269 684 effe
278 649 463 683 destinatos.

142 702 164 733 6
214 697 398 744 Confidimus
408 696 616 744 ergosemper.)
659 696 795 743 Nempe
806 696 879 731 steti
892 696 985 731 arrha
995 699 1151 745 Spiritus}
1162 699 1290 748 alioqui
1301 703 1392 735 enim
1404 705 1607 751 trepidamus
1619 705 1744 757 semper
1754 710 1806 745 vel
1819 709 1932 747 saltem

91 747 227 783 alternis
237 745 440 782 confidimus
449 755 505 778 aut
515 746 672 779 timemus
684 758 691 778 :
701 759 772 779 non
785 749 965 785 retinemus
976 759 1080 780 vnum
1093 751 1126 781 3<
1136 760 1261 783 certum
1273 753 1378 784 animi
1391 762 1554 786 tenorem.
1574 757 1686 800 Itaque
1697 770 1778 793 tunc
1796 761 1932 796 demum

90 796 190 832 nobis
205 795 331 830 constat
342 794 398 830 hic
407 793 516 828 bonus
526 795 657 826 animus
668 795 708 827 de
718 806 786 840 quo
797 793 947 841 loquitur
958 794 1197 841 Paulustquum
1208 795 1380 832 sustinetur
1389 800 1407 832 a
1418 802 1541 847 Spiritu
1554 804 1763 852 Dei.Copula
1775 821 1839 854 qutg
1852 822 1931 844 mox

91 845 249 892 sequitur,
259 842 378 878 resolui
388 841 483 876 debet
494 843 528 875 in
541 839 700 875 causalem
712 843 907 889 particulam
917 866 927 880 ,
951 842 1016 876 hoc
1027 845 1140 882 modo,
1153 846 1252 881 Bono
1263 849 1378 881 animo
1390 837 1502 882 sumus
1518 872 1527 885 ‚
1539 853 1617 896 quia
1630 851 1747 888 scimus
1760 869 1821 890 1303
1836 871 1930 904 pere..

88 893 239 943 grinaria
248 895 400 939 corpore,
410 893 475 925 &c.
487 888 575 923 Nam
587 889 655 924 haec
665 893 830 937 cognitio,
841 892 956 939 nostra:
967 892 1215 938 tranquillitatis
1227 899 1260 929 &
1273 894 1398 930 fiduciae
1410 895 1502 930 causa
1513 899 1556 931 est
1569 914 1575 932 ·.
1588 900 1660 934 ideo
1672 905 1761 936 enim
1772 912 1930 952 perpetua

90 941 324 992 inquietudine
332 942 466 974 aestuant
478 935 637 975 infideles,
649 950 704 972 aut
714 942 957 973 contumaciter
967 939 1120 975 aduersus
1131 942 1245 976 Deum
1256 942 1403 978 fremunt
1415 968 1424 981 ,
1436 945 1529 992 qubd
1542 958 1659 994 putant
1672 948 1700 983 se
1713 964 1791 985 mox
1802 957 1928 1000 perituss

87 1003 143 1026 ros
154 1003 161 1024 :
173 1001 210 1024 ac
222 987 391 1024 summum
404 991 437 1021 &
449 985 606 1020 vltimum
627 989 791 1033 punctum
803 986 864 1022 suae
875 987 1054 1023 foelicitatis
1064 987 1178 1025 locant
1197 993 1232 1025 in
1244 991 1303 1026 hac
1315 995 1382 1026 vita
1394 1006 1400 1026 :
1412 1003 1473 1027 nos
1485 1006 1595 1029 autem
1607 1003 1702 1043 aequo'
1713 1002 1828 1034 animo
1841 1005 1930 1036 viui-

91 1052 166 1075 mus
176 1063 187 1078 ‚
205 1036 396 1073 &alacriter
408 1037 577 1083 pergimus
587 1035 626 1068 ad
639 1048 781 1069 mortem
796 1062 805 1076 ,
816 1039 894 1082 quia
912 1035 1010 1071 nobis
1026 1039 1145 1072 melior
1156 1037 1225 1086 spes
1235 1041 1278 1073 est
1297 1040 1446 1088 reposita.
1497 1045 1727 1091 Peregrmamur
1742 1045 1761 1080 τὶ
1784 1051 1925 1085 Domino.

86 1089 177 1123 Tota
189 1088 356 1133 Scriptura
365 1083 485 1118 clamat
497 1085 608 1117 Deum
627 1081 724 1117 nobis
736 1082 923 1131 praesentem
934 1084 1052 1119 adesse:
1073 1086 1128 1120 hic
1137 1087 1256 1122 Paulus
1265 1089 1362 1123 docet
1381 1103 1442 1124 nos
1455 1089 1494 1123 ab
1507 1105 1545 1125 eo
1556 1097 1768 1140 peregrinari.
1786 1100 1876 1144 quod
1888 1102 1923 1134 in

85 1134 229 1185 speciem
239 1134 443 1169 contrarium
455 1131 499 1166 est
512 1145 520 1165 ε
533 1130 583 1165 sed
594 1130 738 1166 diuersus
757 1131 908 1167 absentiae
919 1133 970 1167 vel
979 1133 1155 1180 praesentiae
1173 1138 1292 1170 modus
1302 1138 1428 1171 nodum
1443 1139 1533 1173 hunc
1543 1141 1638 1176 facile
1648 1141 1756 1178 soluit.
1790 1147 1885 1180 Adest
1896 1150 1925 1180 i-

87 1188 178 1234 gitur
197 1180 353 1218 vniuetsis
364 1180 581 1218 hominibus,
592 1182 670 1226 quia
679 1184 798 1215 virtute
817 1181 904 1228 ipsos
915 1180 968 1216 sua
978 1180 1130 1217 sustinet:
1152 1184 1263 1218 inillis
1275 1185 1416 1227 habitat,
1436 1190 1514 1233 quia
1524 1201 1580 1235 pcr
1599 1203 1676 1224 eum
1689 1195 1826 1231 vitiant,
1848 1208 1925 1229 mo-

86 1243 208 1268 uentur
220 1234 255 1266 δι’
266 1227 340 1264 sunt
349 1242 357 1263 t
367 1229 452 1263 adest
462 1226 525 1262 suis
537 1228 686 1262 fidelibus
698 1231 821 1263 maiore
833 1232 973 1278 Spiritus
982 1228 1029 1264 sui
1040 1235 1171 1279 energia
1180 1256 1191 1270 ,
1200 1237 1286 1267 viuir
1296 1236 1330 1267 in
1342 1233 1415 1282 ipfis
1428 1256 1437 1272 ‚
1458 1236 1569 1270 residet
1582 1240 1616 1272 in
1629 1241 1740 1274 medio
1751 1255 1879 1281 eorum,
1889 1251 1925 1278 a*

84 1279 216 1330 deoque
241 1282 327 1313 intra
336 1275 435 1326 ipsos.
462 1277 523 1311 Sed
536 1279 668 1311 interim
679 1276 790 1311 absens
802 1279 845 1312 est
854 1278 952 1312 nobis
964 1280 1139 1324 :quianon
1151 1281 1282 1316 exhibet
1292 1281 1320 1315 se
1331 1285 1445 1316 coram
1457 1285 1635 1320 videndum
1647 1310 1656 1324 ,
1678 1291 1755 1334 quia
1765 1291 1872 1325 adhuc
1890 1307 1925 1326 e-

40 1339 42 1341 ’
80 1329 240 1370 xulamus
248 1326 289 1361 ab
300 1327 369 1361 eius
380 1338 484 1373 regno
495 1352 504 1365 ‚
526 1329 559 1359 δι
569 1326 661 1360 beata
670 1325 923 1360 immortalitate
941 1339 1006 1372 qua
1015 1325 1174 1361 fruuntur
1186 1331 1307 1376 Angeli
1317 1333 1375 1376 qui
1387 1344 1465 1365 cum
1478 1346 1517 1366 eo
1529 1331 1602 1367 sunt
1613 1361 1622 1373 ‚
1635 1337 1742 1372 adhuc
1766 1351 1925 1374 caremus,

81 1381 291 1426 anuam
300 1376 504 1422 Peregrinam
511 1374 578 1408 hoc
589 1374 666 1409 loco
679 1373 814 1409 nonnisi
823 1376 862 1409 ad
871 1377 1107 1423 cognitionem
1120 1375 1255 1412 refertur
1266 1391 1273 1412 ε
1284 1381 1571 1424 quemadmodum
1584 1396 1620 1416 cx
1631 1388 1760 1421 ratione
1770 1395 1849 1422 mox
1871 1390 1927 1423 ad2

81 1428 150 1469 dita
161 1435 260 1474 patet.
740 1469 742 1471 ‚
1362 1435 1365 1437 '
1891 1472 1894 1474 v
1918 1475 1921 1477 Β

211 1471 368 1519 Perfidem
378 1475 457 1506 enim
467 1470 684 1516 ambulamus.)
733 1470 806 1504 ἕῖιΙοτ
816 1469 871 1506 hic
881 1474 961 1508 verti
969 1472 1128 1520 aspenumz
1139 1485 1313 1523 propterea
1322 1474 1416 1522 quod
1426 1480 1520 1525 pauci
1534 1477 1765 1527 intelligebant
1776 1484 1855 1528 quid
1867 1482 1926 1519 fibi

79 1522 184 1560 vellet
193 1523 335 1570 Species.
359 1520 482 1555 Reddit
492 1519 619 1555 causam
630 1533 687 1554 cui·
696 1519 837 1554 absimus
855 1534 947 1556 nunc
959 1522 977 1556 a
993 1523 1166 1557 Domino:
1186 1526 1264 1570 quia
1281 1521 1403 1558 scilicet
1415 1527 1569 1561 nondum
1588 1529 1739 1563 videmus
1750 1544 1825 1565 eum
1843 1532 1926 1568 facie
1955 1530 1958 1533 “

81 1572 124 1607 ad
133 1569 332 1606 faciem.Hic
343 1570 386 1604 est
398 1570 516 1604 modus
527 1567 781 1615 absentiaequbd
791 1571 881 1603 Deus
892 1570 910 1604 ὲ.
919 1569 1018 1605 nobis
1028 1583 1099 1605 non
1110 1574 1255 1606 cernitur
1265 1571 1386 1619 palam:
1398 1575 1471 1608 ideo
1481 1585 1591 1609 autem
1603 1586 1673 1610 non
1686 1578 1813 1612 videtur
1823 1603 1832 1617 ‚
1845 1584 1924 1626 quia

80 1619 293 1657 ambulamus
303 1631 359 1666 pet
369 1616 479 1652 fidem.
488 1617 579 1651 Fides
592 1616 692 1664 porro
704 1616 771 1664 ipsa
781 1618 899 1652 merito
907 1617 1053 1667 aspectui
1065 1622 1268 1667 opponitur:
1280 1623 1358 1667 quia
1366 1622 1584 1670 apprehendit
1594 1637 1665 1669 quae
1675 1624 1800 1660 suntab
1809 1627 1925 1663 homi-

80 1682 165 1706 nurn
177 1665 268 1702 sensu
279 1665 480 1702 abscondita,
491 1667 570 1712 quia
579 1665 618 1698 ad
629 1664 737 1699 futura
747 1665 776 1700 se
786 1666 930 1701 extendit
940 1680 1011 1714 quae
1022 1669 1176 1703 nondum
1187 1679 1307 1703 extant.
1327 1670 1419 1704 Talis
1437 1674 1528 1705 enim
1540 1674 1583 1705 est
1596 1672 1745 1708 fidelium
1756 1676 1922 1719 conditi03

76 1727 114 1753 vt
126 1718 267 1752 mortuis
279 1713 396 1749 similes
408 1713 469 1748 [int
479 1715 593 1761 potius
604 1714 704 1760 quam
716 1716 802 1748 viuis
812 1737 820 1751 ,
843 1726 878 1749 vt
888 1713 969 1763 saepe
980 1717 1153 1750 videantur
1183 1717 1283 1751 &Deo
1293 1718 1461 1756 derelicti,
1473 1731 1507 1753 vr
1519 1723 1634 1755 mortis
1645 1726 1816 1757 materiam
1828 1727 1921 1761 intus

73 1764 202 1814 semper
212 1761 371 1799 inclusam
381 1761 534 1797 habeant:
545 1775 623 1809 ergo
633 1759 756 1797 necesse
767 1763 810 1797 est
820 1776 875 1797 eos
886 1761 1010 1811 sperare
1021 1763 1114 1812 supra
1125 1762 1224 1812 spem.
1237 1768 1306 1799 Iam
1319 1767 1408 1804 vero,
1420 1780 1492 1815 quae
1503 1767 1683 1816 sperantur,
1695 1772 1806 1806 latent:
1815 1785 1849 1807 vr
1861 1773 1921 1808 ha*-

73 1813 172 1851 betur
181 1815 283 1848 Rom.
297 1813 326 1846 8.
336 1809 431 1857 e.'24,
445 1815 479 1845 &
492 1809 569 1845 fides
581 1811 624 1844 est
637 1819 746 1845 rerum
757 1824 828 1846 non
841 1815 1073 1859 apparentium
1085 1812 1305 1848 manifestatio
1318 1828 1326 1848 ε
1339 1824 1410 1850 non
1422 1820 1546 1851 mitum
1558 1830 1636 1864 ergo
1647 1818 1764 1854 sidicat
1775 1824 1920 1869 Aposto->

73 1862 140 1900 lus,
150 1873 212 1898 nos
221 1857 355 1909 aspectu
367 1862 520 1894 nondum
531 1861 632 1907 potiri
642 1860 787 1906 quandiu
800 1873 858 1907 per
868 1859 966 1895 fidem
977 1860 1199 1897 ambulamus.
1225 1864 1385 1898 Videmus
1399 1865 1503 1906 enim,
1515 1866 1566 1900 sed
1578 1869 1612 1900 in
1624 1867 1756 1914 speculo
1770 1873 1804 1904 ὃς
1815 1874 1919 1918 aem‘g-

73 1922 172 1949 mate.-
183 1910 248 1944 hoc
260 1908 394 1947 est‚l0co
406 1910 463 1945 rei,
474 1911 509 1943 in
521 1908 621 1942 verbo
633 1907 883 1955 acquiescimus
912 1914 918 1921 ⁶

120 1960 140 1994 8
190 1952 375 2003 confidimus
382 1960 532 2002 inquam.)
585 1959 707 2003 Iterum
719 1959 837 2004 repetit
848 1957 940 2002 quod
949 1958 1073 1993 dixerat
1083 1959 1124 1993 de
1138 1958 1259 1994 fiducia
1273 1962 1408 2007 piorum
1421 1975 1428 1996 :
1448 1972 1540 1996 tantu
1547 1975 1578 1996 m
1592 1961 1694 1998 abesse
1707 1975 1740 1998 vt
1751 1958 1920 2012 frangatur

70 2009 179 2043 erucis
190 2008 322 2044 duritia,
339 2012 371 2041 &
384 2008 536 2040 animum
547 2004 745 2052 despondeat
755 2005 812 2040 sub
823 2004 1075 2045 affliffifionibus,
1087 2020 1121 2042 vt
1132 2008 1207 2042 inde
1218 2009 1366 2043 redditur
1376 2009 1601 2045 animosiores.
1615 2014 1806 2047 Extremum
1825 2018 1918 2049 enim

73 2055 254 2093 malorum,
270 2067 370 2089 mors:
381 2057 472 2101 arqui
483 2055 519 2088 ad
533 2067 602 2088 eam
613 2051 754 2101 aspirant
768 2052 876 2089 fideles
887 2081 897 2095 ‚
910 2066 1071 2101 tanquam
1084 2055 1460 2103 perfeetaebeatitudinis
1472 2060 1620 2093 initium.
1639 2061 1780 2095 Proinde
1793 2064 1916 2110 copula

73 2103 108 2139 in
121 2101 280 2138 causalem
290 2102 409 2137 resolui
418 2103 536 2151 potest,
546 2102 611 2137 hoc
623 2103 736 2139 modo,
747 2102 844 2137 Nihil
855 2105 988 2137 euenire
998 2106 1103 2151 potest
1113 2104 1211 2138 nobis
1222 2106 1312 2150 quod
1324 2104 1480 2140 fiduciam
1490 2107 1557 2140 bon
1564 2107 1687 2154 (imque
1697 2112 1848 2144 animum
1859 2115 1916 2145 'ex-

71 2155 185 2188 'cutiam
197 2152 470 2199 quandoquidem
481 2153 633 2185 interitus
643 2153 757 2197 (quern
769 2161 942 2198 tantopere
951 2152 1008 2186 alii
1018 2153 1166 2197 horrent)
1177 2152 1274 2187 nobis
1286 2166 1409 2201 magno
1422 2155 1514 2189 lucro
1525 2156 1578 2189 cst:
1590 2156 1675 2190 nihil
1689 2161 1779 2191 enim
1795 2159 1915 2194 melius

31 2214 35 2215 ⁷
67 2202 175 2249 quam
186 2204 324 2248 migrate
333 2203 350 2235 a
360 2208 511 2247 corpore,
521 2211 556 2233 vt
566 2202 799 2246 perueniamus
810 2201 849 2233 ad
859 2202 923 2233 Dei
934 2201 1208 2241 contubernium,
1220 2205 1254 2236 &
1270 2201 1360 2236 illius
1373 2201 1538 2249 praesentia
1549 2205 1621 2238 vere
1632 2203 1808 2252 palamque
1824 2206 1915 2242 frua-

72 2261 158 2285 mur.
170 2248 270 2284 Nihil
281 2261 359 2296 ergo
369 2247 468 2283 nobis
478 2249 605 2282 decedit
618 2260 654 2281 ex
665 2257 760 2282 cortu
788 2250 881 2282 tione
893 2251 1017 2283 externi
1027 2250 1197 2284 hominis:
1219 2249 1354 2284 obserua
1364 2249 1418 2285 hic
1428 2253 1596 2297 quodiam
1609 2252 1705 2286 semel
1716 2254 1842 2289 dicium
1857 2257 1912 2297 εἴη

68 2301 181 2333 Veram
192 2296 370 2332 fidemnon
382 2307 615 2344 contemptum
627 2296 743 2333 niodo,
771 2297 808 2330 ed
820 2299 919 2330 etiam
929 2296 1124 2332 defiderium
1132 2300 1250 2333 mortis
1262 2301 1407 2346 gignere:
1418 2301 1528 2346 itaque
1540 2301 1914 2339 econuerso‚infidelita-

16 2356 28 2362 ”
68 2348 112 2381 tis
123 2341 252 2394 [ignum
261 2343 334 2386 esse,
344 2358 449 2392 quum
463 2347 580 2379 mortis
590 2345 707 2378 horror
721 2342 815 2392 supra
826 2343 892 2392 spei
903 2346 1062 2392 gaudium
1074 2350 1109 2381 &
1118 2344 1387 2381 consolationem
1401 2350 1436 2382 in
1449 2347 1546 2382 nobis
1559 2351 1761 2384 dominatur.
1774 2353 1916 2398 Expetfit

69 2405 183 2430 autem
197 2405 337 2428 mortem
347 2393 457 2428 fideles
468 2420 479 2434 ,
492 2406 564 2428 non
585 2405 620 2427 vt
632 2395 830 2440 importuno
841 2404 922 2427 voto
932 2394 1021 2428 diem
1031 2394 1176 2429 Domini
1190 2406 1409 2430 anteuertant.
1434 2395 1550 2443 sponte
1563 2401 1653 2432 enim
1668 2400 1784 2446 pedem
1807 2396 1910 2435 lixum

67 2448 185 2478 tenent
196 2445 231 2476 in
241 2452 367 2476 terrena
376 2442 525 2479 statione,
535 2441 683 2488 quandiu
696 2443 848 2488 Domino
859 2440 1003 2476 libuerit:
1014 2442 1143 2478 malunt
1156 2445 1245 2477 enirn
1258 2446 1293 2477 in
1304 2444 1427 2478 Christi
1437 2444 1578 2492 gloriam
1590 2449 1699 2480 viuere
1716 2471 1724 2483 ,
1736 2449 1836 2494 quam
1849 2448 1911 2484 sibi

68 2487 168 2529 mori,
180 2494 214 2525 δε
227 2493 262 2524 in
296 2492 441 2538 ropriam
454 2490 644 2525 vtilitatem.
655 2489 744 2525 Nam
756 2489 947 2524 desiderium
957 2491 996 2525 de
1007 2504 1076 2538 quo
1086 2491 1238 2538 loquitur
1248 2492 1379 2533 Paulus,
1394 2492 1468 2526 fidei
1480 2495 1532 2527 est:
1546 2507 1624 2541 ergo
1636 2497 1653 2528 a
1664 2495 1726 2528 Dei
1737 2496 1911 2532 voluntate

67 2535 211 2575 minime
221 2539 254 2572 di
281 2539 358 2573 rdet.
371 2537 540 2586 Colligere
549 2541 649 2572 etiam
661 2538 738 2593 liqft
749 2538 861 2572 existis
871 2538 962 2572 Pauli
974 2538 1080 2574 verbis
1091 2566 1102 2581 ,
1112 2542 1239 2575 animas
1249 2542 1267 2575 ἐι
1277 2541 1473 2588 corporibus
1482 2541 1603 2576 solutas
1616 2566 1624 2580 ,
1634 2544 1720 2591 apud
1734 2545 1846 2579 Deum
1858 2549 1910 2580 vi*

74 2582 155 2622 „erm
165 2601 243 2622 nain
256 2587 278 2621 si
287 2588 304 2622 ὲ
313 2600 453 2635 corpore
463 2585 608 2621 absentes
620 2589 732 2621 Deum
744 2586 866 2621 habent
876 2585 1078 2635 praesentem,
1089 2591 1166 2623 Cum
1181 2602 1221 2623 eo
1232 2589 1319 2623 certe
1331 2592 1460 2624 viuunt.
1481 2591 1546 2625 Hic
1563 2596 1720 2638 quaeritur
1729 2593 1746 2626 ὲ
1757 2595 1910 2628 nonnul-v

66 2600 119 2675 lis,
131 2636 190 2684 qui
200 2635 325 2671 factum
335 2634 372 2669 fit
383 2637 484 2682 igitur
494 2647 528 2669 vt
539 2633 758 2680 sanetiigatres
769 2646 863 2670 tanto
891 2647 942 2669 ere
953 2647 1097 2670 mortem
1111 2638 1341 2671 exhorruerint
1352 2651 1358 2671 :
1370 2637 1464 2672 sicuti
1474 2640 1583 2673 Dauid
1593 2663 1602 2676 ‚
1615 2640 1770 2674 Ezechias
1779 2668 1789 2682 ,
1804 2647 1836 2676 ἃ
1852 2654 1906 2677 to-

67 2681 429 2722 t'a‘Ecclcsiaistaelitica
439 2698 447 2718 ε
459 2685 550 2731 quod
561 2694 650 2732 patet
663 2696 700 2717 ex
709 2679 838 2717 Psalmo
857 2648 946 2718 (gxto
958 2709 968 2722 ‚
979 2684 1084 2719 Iesaiae
1096 2686 1174 2730 38.a.
1185 2695 1212 2730 ς,
1225 2685 1353 2720 Psalmo
1364 2696 1418 2730 115.
1428 2687 1457 2720 d.
1474 2698 1519 2731 17.
1546 2689 1622 2722 Scio
1633 2689 1714 2735 quid
1724 2692 1906 2738 reiponde-a

67 2730 96 2776 iffi
106 2730 223 2768 soleat:
238 2744 382 2768 mortem
393 2731 458 2766 illis
474 2743 568 2766 tanto
581 2732 710 2766 horrori
721 2731 797 2765 ideo
808 2729 899 2767 fuiffe
908 2733 1001 2779 quod
1011 2731 1147 2768 obscura
1164 2733 1271 2768 adhuc
1281 2746 1345 2768 erat
1355 2734 1471 2769 suturae
1483 2737 1725 2778 vitaereuelatio
1734 2764 1743 2777 ,
1767 2751 1803 2772 ac
1822 2750 1905 2786 pro-

67 2781 146 2815 ih'de
153 2779 338 2816 consolatio
351 2783 470 2815 tenuis.
502 2781 575 2828 Ego
585 2791 696 2814 autem
707 2778 810 2814 fateor
820 2781 852 2814 id
864 2781 1000 2827 quidem
1011 2779 1071 2815 effe
1084 2781 1227 2828 aliquid,
1254 2780 1387 2817 sednon
1399 2794 1531 2817 toturn:
1549 2798 1656 2831 neque
1668 2788 1758 2820 enim
1778 2785 1903 2834 semper

71 2829 273 2875 trepidarunt
281 2829 321 2863 ad
339 2831 456 2864 mortis
467 2832 627 2863 nuntium
648 2826 749 2862 saincti
759 2830 866 2862 Patres
885 2832 1002 2864 veteris
1013 2829 1162 2864 Ecclesia:
1184 2844 1191 2864 ;
1210 2833 1293 2877 quin
1304 2834 1417 2879 potius
1428 2830 1576 2866 alacriter
1605 2846 1748 2868 mortem
1760 2836 1903 2881 amplexi

69 2871 305 2918 sunt'stc'laetis
313 2880 445 2912 animis.
475 2877 643 2912 Abraham
655 2878 744 2917 enim
765 2874 849 2911 satur
859 2878 989 2912 dietum
1011 2880 1168 2925 migrauit
1176 2878 1297 2925 absque
1309 2892 1451 2914 moerore
1470 2893 1478 2914 z
1497 2878 1581 2916 Isaac
1592 2893 1662 2916 non
1674 2882 1794 2929 legitur
1812 2895 1904 2916 mor-

67 2924 138 2958 t'em
147 2923 294 2973 refugiise
313 2939 320 2961 :
342 2925 441 2961 Iacob
451 2928 535 2960 inter
546 2925 684 2960 vltimos
702 2923 833 2978 spiritus
845 2926 977 2960 testatur
988 2924 1018 2960 se
1031 2928 1199 2973 expectare
1210 2926 1356 2962 Salutem
1372 2929 1537 2963 Domini:
1555 2931 1664 2964 Dauid
1677 2929 1742 2978 ipl'e
1765 2932 1902 2976 quoquc

69 2970 196 3054 ἓὶαείἀὲ
213 2971 332 3021 absque
341 2973 495 3009 lamentis
517 2976 658 3008 moritur
676 2987 683 3007 ε
702 2973 849 3008 [imiliter
866 2975 1032 3008 Ezechias.
1059 2974 1164 3020 de
1175 2987 1254 3022 ergo
1274 2977 1384 3010 Dauid
1402 2975 1500 3010 semel
1520 2982 1554 3012 δε
1580 2979 1735 3013 Ezechias
1756 2984 1900 3012 mortem'

99 3018 224 3054 ebilirer
239 3023 400 3070 deprecati
412 3021 486 3057 stint
504 3049 514 3062 ‚
536 3025 620 3056 ratio
632 3033 717 3062 erat,
732 3022 824 3067 quod
834 3022 1088 3070 puniebantura
1112 3024 1266 3058 Domino
1278 3023 1322 3058 ob
1334 3036 1420 3058 certa
1429 3037 1579 3072 peccata:
1599 3025 1739 3072 ideoque
1750 3028 1784 3059 in
1805 3037 1900 3058 mor-

68 3078 100 3101 te
111 3066 296 3108 sentiebant
314 3073 395 3105 iram
413 3072 568 3106 Domini.
611 3071 690 3104 Haec
712 3069 778 3104 illis
796 3081 862 3104 erat
870 3068 962 3105 causa
980 3069 1240 3119 perturbationis
1259 3095 1269 3109 ,
1289 3082 1389 3119 quam
1407 3072 1526 3108 sentire
1547 3073 1647 3107 hodie
1666 3086 1803 3120 quoque
1823 3072 1899 3119 pos*

69 3115 139 3150 sent
161 3114 268 3198 fidseles
276 3116 334 3153 sub
352 3119 476 3156 Christi
492 3131 608 3168 regno.
647 3116 855 3153 Desiderium
865 3129 976 3154 autem
1004 3119 1044 3153 de
1055 3132 1124 3166 quo
1140 3118 1292 3168 loquitur
1300 3121 1420 3156 Paulus
1434 3145 1444 3159 2
1466 3120 1600 3157 affectus
1612 3122 1654 3156 est
1674 3124 1794 3156 mentis
1813 3119 1899 3156 bene'

67 3175 193 3212 compo
207 3176 268 3199 itae.
473 3176 476 3183 ’

123 3251 147 3282 9
204 3245 419 3294 Qapropter
428 3239 672 3283 contendimus,
682 3239 754 3291 stuc
764 3232 859 3279 domi
868 3250 986 3295 agente
992 3256 1017 3287 5,
1029 3240 1194 3297 fiuefbrir
1199 3245 1463 3300 peregrinantes,
1477 3252 1521 3280 vt
1528 3233 1582 3280 illi
1587 3233 1796 3296 placeamus.

81 3291 84 3296 “
125 3307 166 3332 10
224 3303 348 3333 Omnes
356 3300 447 3335 enim
456 3310 521 3336 nos
541 3296 750 3346 manifestari
759 3307 884 3350 oportet
892 3311 1003 3336 coram
1013 3295 1179 3338 tribunali
1197 3297 1322 3351 Chrssi
1329 3326 1341 3344 ,
1362 3307 1407 3335 vt
1412 3308 1556 3353 reportet
1562 3294 1800 3352 Unusquisque
1822 3305 1897 3355 quaess

59 3361 125 3409 per
129 3363 242 3408 coxpm
239 3351 341 3404 ῥεῖα
342 3349 492 3404 fuerint,
494 3362 597 3406 prout
594 3351 728 3405 fecerit,
724 3352 796 3409 stuc
804 3349 930 3394 bonum
935 3352 1015 3410 ‚fine
1022 3352 1164 3411 malamf

1142 3438 1172 3458 Ἃ
