2268 3705
264 104 327 147 276
775 90 1638 144 INII-EP1ST·PAVLI
2241 0 2268 177 Ἥ

266 184 345 213 erat,
354 180 390 204 vt
400 167 643 205 Macedonibus
656 168 692 203 in
704 169 890 203 ministerio
903 164 977 201 eiset
986 168 1129 202 adiutor.
1140 163 1355 201 conserebant
1366 161 1426 212 ipsi
1434 164 1474 198 de
1487 161 1557 204 sue,
1570 175 1640 211 quo
1653 160 1725 196 satis
1736 161 2126 203 ministraretunl'auluin
2265 167 2268 190 l

268 220 431 256 volebant
442 231 555 254 curam
566 217 685 254 habere
695 217 890 265 colligendi.
2266 234 2268 248 ,

319 279 334 313 5
384 269 435 301 Ac
443 279 500 301 non
510 269 685 312 quatenus.)
736 268 892 313 Sperabat
903 264 1106 313 mediocre'm
1116 260 1272 297 affectum
1282 259 1322 295 ab
1333 259 1412 299 illis,
1425 259 1557 307 qualem
1569 261 1713 306 praestare
1725 262 1836 307 quiuis
1851 259 2058 297 Christianus
2068 264 2128 297 dc*
2266 250 2268 260 Α

270 315 338 351 bet.
352 315 405 351 Illi
415 328 527 351 autem
543 315 736 364 superarunt
746 319 816 348 eius
827 315 1093 361 exchlationem
1105 313 1202 357 :quia
1214 316 1285 344 non
1295 309 1365 344 suas
1376 307 1508 343 tannim
1520 306 1690 342 facultates
1700 308 1887 343 habuerunt
1897 309 2067 356 expolitas,
2077 311 2129 345 sed

272 363 393 413 seipsos
405 365 597 413 impendere
608 366 712 412 parati
722 362 867 398 fuerunt.
881 361 1103 395 Tradiderunt
1118 386 1129 401 ,
1141 360 1266 406 inquit,
1278 356 1396 406 seipsos
1405 355 1636 404 Deoprimum
1647 380 1656 394 ‚
1678 357 1794 391 deinde
1805 356 1915 391 nobis.
1941 360 2057 405 Qaeri
2065 372 2131 407 pou

274 419 335 449 teit
345 424 388 453 an
399 414 491 449 aliud
501 412 600 448 fuerit
623 414 697 446 Deo
709 409 739 445 se
749 411 872 444 tradere
881 432 892 447 ,
904 410 1006 455 quam
1016 406 1132 443 Paulo.
1157 408 1236 441 Hoc
1245 406 1379 454 vulgare
1389 406 1453 444 est,
1468 417 1578 452 ,quum
1591 406 1683 439 Deus
1696 417 1752 452 per
1772 407 1918 453 aliquem
1929 407 2064 441 mandat
2076 398 2129 443 vel

277 465 440 512 praecipir,
454 462 644 497 ministrum
655 458 704 492 illi
715 460 882 505 adiungit,
893 468 961 492 tam
972 459 1007 491 in
1019 457 1178 505 potestate
1198 455 1339 490 iubendi
1348 455 1449 501 quam
1460 456 1495 488 in
1505 452 1705 492 obedientia.
1732 454 1901 500 Visum'est
1911 456 2048 503 Spiritui
2059 455 2132 490 san—

279 515 335 547 eto
351 517 382 546 δέ
402 511 512 547 nobis,
526 512 641 543 dicunt
652 505 827 555 Apostoli:
853 518 959 552 quum
971 516 1082 540 tamen
1096 506 1353 553 pronuntiarent
1365 503 1522 540 duntaxat
1534 513 1695 548 tanquam
1706 513 1830 549 organa
1840 526 1850 541 ,
1873 505 1965 550 quod
1975 504 1992 537 a
2004 505 2130 551 Spiritu
2265 493 2268 561 ξ

277 559 461 596 reuelatum
473 563 507 593 oc
520 558 713 592 iniunctum
726 565 802 589 erat.
827 553 982 591 Rursum,
994 554 1144 588 Credidit
1155 551 1301 601 populus
1313 553 1470 590 Domino
1482 555 1515 586 δε
1527 551 1613 584 Moii
1623 547 1716 584 seruo
1728 563 1807 584 eius.
1828 564 1938 598 neque
1956 557 2041 586 tame
2051 555 2131 588 Mo·

277 609 323 645 ses
336 602 518 656 quicquam
528 604 669 640 habebat
678 605 696 638 a
709 605 784 638 Deo
797 601 981 651 separatum
992 616 1001 636 :
1013 606 1125 649 Atque
1136 602 1201 636 hoc
1211 601 1347 636 denotat
1358 598 1519 648 particula
1528 611 1601 645 quae
1611 611 1691 632 mox
1708 597 1782 645 sequ
1788 598 1863 637 itur,
1874 602 1935 633 Per
1941 600 2133 635 voluntatem

277 662 355 693 Det.
400 657 520 701 Qum
529 657 621 690 enim
633 654 709 687 Deo
720 651 820 687 ess‘ent
830 649 1049 697 obsequentes
1060 674 1070 688 ,
1092 653 1151 697 qui
1166 663 1222 684 eos
1232 650 1374 684 ministri
1386 646 1434 682 sui
1452 646 1593 682 consilio
1605 647 1769 694 regendos
1782 649 1953 683 tradiderat
1967 674 1979 689 ,
2000 647 2135 697 sequuti

279 706 354 742 sunt
365 706 450 739 hanc
462 706 640 739 rationem,
653 713 688 735 vt
701 700 840 736 Paulum
852 699 942 748 quali
952 712 988 734 ex
1002 712 1057 733 ore
1066 701 1131 733 Dei
1141 698 1350 745 loquentem,
1365 697 1525 732 audirent.

328 758 350 788 6
389 754 422 786 V
424 762 437 785 e
446 750 679 789 adhortaremur
686 750 820 794 Titum.)
866 750 946 783 Haec
958 748 1035 782 verb
1047 746 1213 783 efficacior
1224 748 1267 781 est
1277 747 1466 781 adhortatio
1475 768 1486 782 ,
1520 756 1625 791 quum
1637 742 1668 780 se
1677 743 1817 778 audiunt
1829 742 1970 779 nomine
1979 747 2072 781 citari
2090 747 2133 782 ad

279 799 446 837 officium.
459 801 581 848 Neque
591 799 657 835 hoc
670 798 734 834 fuit
744 796 989 834 Macedonibus
998 794 1313 842 inuidioiun1,quod
1322 793 1428 830 socios
1438 793 1635 836 beneficetie
1647 792 1813 835 haberecu
1819 805 1909 840 peret
1919 791 2131 830 Corinthios.

280 848 463 886 Excusatur
473 851 598 884 interea
607 850 718 885 Titus,
729 861 770 882 ne
782 847 969 881 existiment
980 846 1154 880 Corinthii
1165 857 1243 878 eum
1254 843 1447 891 diligentius
1457 841 1516 877 fibi
1527 840 1685 882 institisse,
1696 840 1786 889 quasi
1796 839 1956 884 diffideret
1966 843 2006 885 de
2017 846 2137 878 eorum.

282 901 417 933 animis.
430 900 584 946 Rogatus
595 899 685 932 enim
700 897 733 930 id
742 896 858 942 agebat
866 895 1093 928 Macedonum
1102 893 1214 941 potius
1224 896 1365 927 nomine
1376 893 1478 939 quam
1488 889 1556 926 suo.
1746 884 1760 919 -’Ῐ

330 958 352 992 7
390 948 423 981 V
426 944 512 981 eriam
521 944 800 994 quemadmodum.)
850 946 920 977 lam
930 942 1176 990 circunspectus
1187 940 1280 975 valde
1290 940 1393 975 fuerat
1404 943 1438 974 in
1453 941 1597 974 cauenda
1608 937 1801 979 offensione,
1813 951 1919 986 quum
1929 939 2063 979 diceret,
2071 942 2137 978 Ti-

280 1003 356 1030 tum
366 1008 438 1031 non
447 1007 514 1030 tam
526 997 665 1044 proprio
674 990 820 1041 impulsu
832 993 933 1038 quam
945 992 1172 1025 Macedonum
1184 990 1352 1029 mandato,
1364 1002 1419 1023 eos
1433 987 1604 1023 solicitaffe
1622 1002 1629 1022 :
1647 1000 1737 1023 nunc
1747 988 1825 1024 verb
1837 988 1974 1035 longius
1986 991 2047 1023 etii
2057 1002 2138 1038 pro-

283 1045 380 1082 cedit,
397 1044 582 1079 admonens
594 1057 636 1078 ne
647 1043 680 1076 id
689 1042 827 1088 quidem
838 1040 1080 1088 expestandum
1093 1037 1163 1076 ess'e,
1173 1039 1254 1072 dum
1264 1038 1303 1071 ad
1314 1035 1401 1085 ipsos
1411 1037 1591 1085 perferatur
1602 1038 1829 1071 Macedonum
1840 1037 1980 1084 legatio:
1992 1049 2092 1085 atque
2104 1039 2140 1073 id

284 1093 435 1140 quidem,
445 1091 610 1127 laudando
622 1090 700 1128 alias
712 1102 829 1124 eorum
837 1091 985 1122 virtutes:
994 1086 1055 1121 acsi
1066 1088 1199 1125 diceret,
1210 1086 1293 1120 Non
1305 1087 1408 1119 modo
1418 1082 1597 1132 adiungere
1609 1099 1668 1120 vos
1679 1085 1921 1120 Macedonibus
1931 1087 2072 1121 c'omites
2080 1088 2141 1121 de-

284 1141 382 1179 betis,
392 1143 450 1188 qui
460 1142 494 1176 id
506 1139 684 1189 postulant.
698 1137 750 1174 sed
761 1136 910 1172 excellite
920 1139 1017 1171 etiam
1028 1139 1063 1170 in
1074 1136 1134 1170 hac
1145 1146 1245 1182 parte,
1263 1134 1548 1181 quemadmodum
1563 1137 1596 1168 in
1605 1135 1753 1182 reliquis.
1780 1135 1954 1167 Sermonem
1963 1135 2138 1183 distinguit

286 1191 304 1226 ὲ
316 1188 397 1224 Fide
408 1203 415 1223 ε
428 1188 584 1236 quiafieri
594 1190 701 1237 potest
712 1198 745 1220 vt
756 1185 856 1220 fidem
866 1183 1030 1233 quispiam
1039 1184 1169 1223 habeat,
1185 1187 1219 1218 Sc
1228 1182 1365 1229 quidem
1381 1184 1559 1229 egregiam,
1571 1185 1629 1228 qui
1643 1194 1753 1217 tamen
1766 1195 1838 1217 non
1849 1182 1931 1217 adeo
1943 1186 2141 1219 exercitatus

287 1241 348 1273 erit
359 1240 393 1272 in
404 1238 505 1273 verbo
514 1239 670 1273 Domini.
683 1238 848 1270 Scientiam
859 1246 920 1282 pro
930 1232 986 1268 vsu
997 1237 1031 1268 &
1044 1231 1227 1281 peritia⁴,vel
1238 1231 1413 1279 prudentia
1424 1231 1778 1278 accipio.'t„haritatem
1791 1243 1866 1278 erga
1876 1229 1905 1264 se
1916 1233 2139 1271 c6memomt,

288 1298 324 1322 vt
342 1285 486 1334 personae
496 1300 633 1334 quoque
643 1285 704 1320 suae
721 1282 869 1331 respcstu
878 1282 944 1317 illis
954 1283 1049 1316 addat
1060 1284 1192 1316 animos
1208 1293 1216 1314 z
1238 1292 1274 1314 ac
1286 1282 1420 1313 interim
1433 1282 1599 1327 priuatum
1617 1292 1765 1313 amorem
1776 1292 1847 1326 quo
1857 1277 1943 1328 ipsos
1963 1278 2143 1328 proseque-

285 1334 427 1374 bantur,
438 1339 473 1371 in
484 1335 656 1384 publicam
669 1333 807 1368 fratrum
817 1330 997 1367 vtilitarem
1006 1329 1157 1378 resignat.
1180 1332 1227 1363 lta
1237 1327 1314 1363 verb
1325 1327 1384 1363 sibi
1396 1339 1556 1375 temperat
1567 1330 1603 1361 in
1616 1326 1795 1366 omnibus,
1807 1341 1849 1363 ne
1859 1327 2069 1364 adhortando
2089 1331 2157 1364 vi«

63 498 231 533 Lffhiqaeass.

66 536 146 567 exod.
157 548 260 579 14.g.3i.

285 1385 399 1419 deatur
409 1397 466 1419 eos
476 1383 637 1419 accusare.

343 1456 364 1493 8
423 1461 514 1505 Qu
509 1453 594 1550 bsecu
599 1453 711 1494 ndum
720 1454 902 1508 imperium
911 1450 1043 1506 loquor,
1039 1449 1110 1506 [ἑά
1108 1461 1172 1506 per
1179 1447 1325 1489 aliorum
1326 1445 1601 1501 solicitudinem,
1623 1445 1664 1493 ό·
1680 1447 1795 1499 vestra
1806 1446 2145 1501 dilec‘t'ionisstnceri-

291 1520 398 1554 tatem
410 1524 506 1568 appro
531 1526 607 1551 ans.
927 1523 928 1528 ¹

345 1581 368 1612 9
426 1568 549 1621 Rostis
558 1572 653 1608 enim
657 1569 807 1623 gratiam
823 1565 968 1604 Domini
979 1561 1081 1616 nostri
1098 1562 1171 1616 lesia
1184 1556 1414 1615 Chrssi‚quod
1416 1570 1553 1615 propter
1561 1573 1629 1599 vos
1635 1571 1761 1617 pauper
1759 1558 1877 1613 fidus
1880 1559 1940 1615 stt,
1954 1575 2059 1616 quum
2070 1563 2149 1619 effic

292 1626 409 1666 diues:
417 1634 462 1663 vt
475 1637 539 1663 vos
548 1625 642 1664 illius
649 1632 846 1681 paupertate
859 1618 1074 1672 ditesceretis.

351 1695 390 1719 10
448 1689 495 1720 Et
501 1680 672 1734 confiltum
681 1682 721 1719 in
734 1677 795 1717 hoc
812 1677 867 1717 do.
887 1690 971 1715 nam
981 1674 1043 1717 hoc
1059 1674 1162 1716 vobis
1172 1674 1348 1716 conducit:
1359 1674 1420 1729 qui
1430 1670 1572 1728 quidem
1580 1672 1884 1728 nottsolhmficere
1894 1701 1904 1719 ,
1913 1666 2147 1719 verumetiam

295 1738 395 1778 velle
405 1737 540 1793 caepistis
549 1732 821 1791 annoficperiore.
1801 1746 1803 1749 ·

356 1806 389 1833 11
453 1801 558 1843 Nym
567 1803 679 1832 autem
695 1795 799 1831 etiam
813 1789 907 1830 illud
918 1788 1024 1844 quod
1027 1788 1144 1844 fhcere
1152 1789 1290 1844 coepistis
1300 1818 1310 1834 ‚
1315 1788 1466 1843 perficite
1481 1805 1494 1827 .·
1503 1797 1550 1825 vt
1555 1784 1845 1841 quemadmodum
1853 1788 2019 1828 voluntas
2028 1787 2150 1845 prb‘pta

286 1851 426 1907 fhit‚ita
438 1849 476 1897 ἐν
482 1850 667 1905 perficiatis
681 1861 726 1888 ex
739 1861 776 1888 eo
789 1846 888 1902 quod
885 1843 1043 1903 suppetit.
1204 1888 1207 1904 Ο
1445 1860 1448 1863 ’

355 1923 368 1947 1
374 1924 394 1946 ι
450 1904 625 1960 ,Etenimst
630 1909 702 1944 iam
711 1903 807 1958 adast
811 1906 923 1943 animi
925 1900 1167 1959 promptitudo,
1184 1914 1224 1940 ea
1234 1905 1337 1942 iuxta
1345 1899 1386 1942 id
1393 1898 1491 1956 quod
1498 1899 1640 1955 quisque
1642 1898 1798 1955 peaeffldet,
1807 1910 1936 1956 accepta
1947 1900 2001 1953 est,
2013 1900 2058 1941 nb*
2067 1905 2149 1942 iux.

303 1976 341 2005 ta
352 1964 395 2005 id
402 1960 499 2019 quod
502 1976 575 2001 non
580 1960 732 2016 posst'det.
1270 1968 1277 1972 ·

349 2022 368 2055 8
421 2019 462 2053 N
464 2030 500 2050 on
503 2018 674 2060 secundum
683 2019 840 2065 imperium
848 2016 973 2062 loquor.)
1025 2016 1148 2049 Iterum
1159 2014 1426 2049 exhortationem
1439 2010 1529 2047 suam
1540 2013 1683 2058 mitigat,
1696 2011 1781 2051 dum
1789 2012 1933 2050 testatur,
1945 2012 2003 2047 sibi
2022 2027 2150 2061 nequa-

297 2081 402 2115 quam
416 2065 476 2101 effe
487 2069 522 2100 in
532 2067 648 2099 animo
658 2064 737 2100 illos
746 2065 837 2100 velut
848 2060 1034 2099 neceffitate
1054 2062 1209 2110 imposita
1220 2075 1348 2110 cogere.
1359 2062 1391 2095 id
1401 2064 1494 2095 enim
1502 2061 1548 2094 est
1557 2061 1749 2094 Secundum
1761 2063 1941 2107 imperium
1951 2062 2066 2109 loqui,
2078 2065 2150 2110 quii

299 2117 428 2164 aliquid
439 2116 520 2150 certi
533 2116 793 2161 iniungimus-„Sc
808 2111 936 2162 praecise
948 2113 1124 2159 exigimus,
1134 2122 1168 2145 vt
1179 2109 1245 2145 fiat.
1272 2111 1377 2159 Qd
1387 2108 1409 2144 fi
1424 2119 1518 2156 roget
1528 2108 1704 2156 quispiam,
1716 2111 1845 2143 Annon
1856 2109 1905 2143 illi
1915 2114 2092 2159 praecipere
2102 2111 2149 2146 li..

300 2166 396 2201 cebat
406 2191 417 2206 ,
441 2162 533 2210 quod
543 2162 682 2197 habebat
696 2175 733 2196 ex
741 2164 886 2197 Domini
895 2161 1073 2195 mandato?
1098 2157 1283 2207 Responsio
1294 2157 1398 2194 iacilis
1409 2159 1464 2198 est,
1474 2159 1584 2191 Deum
1596 2158 1734 2203 quidem
1746 2156 1868 2203 vbique
1880 2160 2032 2193 mandare
2043 2171 2077 2194 vt
2086 2159 2151 2195 fra-

304 2226 396 2250 trum
408 2209 650 2248 neccssitatibus
661 2210 880 2258 opitulemur:
890 2208 942 2243 sed
952 2207 1114 2255 nusquam
1125 2206 1289 2243 summam
1301 2206 1478 2256 praefigere,
1487 2217 1522 2240 vt
1533 2206 1741 2248 estimatione
1752 2204 1937 2246 factunm&
1948 2219 2009 2241 nos
2021 2211 2055 2242 δι
2065 2221 2151 2256 pau-

305 2275 398 2312 peres
409 2262 610 2311 partiamur:
623 2259 786 2306 nusquam
799 2272 862 2294 nos
872 2257 1006 2305 alligare
1032 2258 1071 2291 ad
1080 2269 1271 2305 temporum
1282 2267 1338 2291 aut
1347 2254 1561 2303 personarum
1571 2265 1626 2287 aut
1637 2253 1792 2288 locorum
1808 2255 2056 2290 circunstantias
2065 2280 2075 2294 ,
2095 2255 2149 2292 sed

306 2322 371 2347 nos
381 2321 536 2346 reuocare
545 2309 584 2343 ad
593 2308 742 2356 regulam
753 2308 930 2342 charitatis.
942 2318 1135 2353 quanquam
1146 2319 1217 2340 non
1228 2303 1358 2353 respicit
1369 2303 1424 2339 hic
1432 2302 1552 2337 Paulus
1564 2304 1645 2349 quid
1659 2302 1718 2336 sibi
1731 2302 1838 2339 liceat,
1847 2306 2044 2338 autminus:
2057 2304 2107 2340 sed
2119 2304 2150 2340 se

306 2362 383 2395 ideo
395 2360 569 2408 praecipere
579 2368 677 2404 negat
693 2380 702 2394 ,
721 2355 810 2403 quasi
821 2357 964 2403 imperio
987 2358 1022 2389 &
1034 2356 1207 2390 exactione
1224 2353 1394 2401 cogendos
1405 2352 1465 2387 ess'e
1477 2352 1617 2385 iudicet:
1633 2350 1694 2385 acsi
1705 2349 1854 2384 officium
1868 2350 1972 2386 facere
1990 2353 2151 2396 detreeka-

308 2420 394 2449 rent,
407 2406 467 2443 nifi
478 2406 647 2441 constricti
659 2403 853 2440 neceffitate.
880 2406 981 2438 Ponit
993 2414 1104 2437 autem
1117 2404 1195 2437 duas
1208 2405 1351 2436 rationes
1361 2413 1398 2435 ex
1408 2398 1562 2448 opposito
1573 2411 1630 2433 cur
1639 2411 1749 2433 tamen
1759 2411 1815 2433 eos
1828 2399 1866 2433 ad
1876 2398 2028 2435 officium
2039 2400 2152 2438 solici-

308 2468 373 2492 tet:
398 2459 477 2504 quia
488 2454 610 2490 scilicet
620 2452 770 2502 impellat
790 2451 969 2487 solicitudo
979 2464 1078 2498 quam
1090 2450 1188 2485 habet
1199 2451 1238 2485 de
1249 2451 1384 2485 sanclis:
1403 2449 1523 2483 deinde
1531 2450 1609 2494 quia
1619 2446 1700 2481 velit
1710 2447 1925 2482 dilee'tionem
1949 2449 2152 2486 Corinthio-

311 2518 387 2540 rum
409 2502 570 2539 omnibus
580 2513 786 2550 compertam
800 2499 870 2536 ess'e.
896 2501 1016 2546 Neque
1034 2501 1125 2534 enim
1135 2498 1290 2546 intelligo
1307 2497 1446 2532 Paulum
1456 2498 1495 2531 de
1507 2495 1644 2529 illorum
1655 2495 1836 2531 dilectione
1846 2495 1982 2530 voluiffe
1999 2496 2069 2532 fieri
2080 2510 2152 2533 cer-

315 2564 329 2588 t
346 2566 436 2588 orem
460 2553 510 2594 (de
518 2565 584 2598 qua
602 2550 630 2586 se
642 2551 772 2599 optime
790 2547 882 2584 fuiffc
892 2545 1077 2597 persuasum
1089 2550 1155 2582 iam
1173 2548 1304 2582 testatus
1316 2547 1370 2591 cst)
1389 2544 1441 2580 sed
1451 2547 1563 2593 potius
1580 2543 1712 2578 volebat
1722 2547 1987 2592 experimentum
1997 2547 2086 2594 apud
2110 2540 2161 2582 ς’)ἰ

313 2615 409 2637 mnes
419 2602 742 2646 extare.Qanquam
753 2601 842 2646 prius
855 2597 1044 2632 membrum
1054 2597 1093 2631 de
1102 2596 1244 2630 aliorum
1255 2595 1464 2630 solicitudine
1474 2594 1557 2628 duos
1567 2590 1674 2626 sensus
1684 2590 1829 2627 diuersos
1839 2594 2048 2628 admittit:vel
2057 2595 2151 2642 quod

313 2651 353 2684 de
364 2648 560 2684 hominibus
572 2660 685 2683 curam
698 2647 839 2695 gerebat,
849 2659 921 2693 quae
932 2659 1002 2679 non
1012 2644 1134 2679 fluebat
1146 2658 1221 2678 eum
1233 2641 1413 2678 cellarezvel
1424 2641 1515 2689 quod
1526 2641 1668 2676 aliorum
1679 2640 1800 2687 quibus
1808 2653 1858 2676 res
1870 2652 1954 2676 curae
1964 2646 2153 2691 erat,preci-

313 2698 375 2733 bus
386 2697 629 2743 obtemperans,
638 2710 709 2731 non
720 2708 788 2730 tam
798 2708 836 2730 ex
846 2696 983 2742 proprio
994 2691 1083 2727 sensu
1094 2693 1194 2739 quam
1207 2705 1244 2726 ex
1256 2690 1462 2739 suggestione
1472 2689 1608 2725 illorum
1620 2687 1827 2736 loquebatur.

363 2758 384 2790 9
436 2745 544 2788 Nostis
553 2748 795 2792 enimgratiam.)
844 2744 970 2778 laicum
979 2744 1152 2776 mentione
1161 2740 1363 2777 dileffloms,
1375 2739 1545 2774 Christum
1556 2735 1977 2777 adducit,absolutiffimum
1991 2742 2025 2773 &
2038 2737 2151 2787 fingu-

315 2794 380 2830 lare
392 2796 462 2829 eius
474 2793 649 2840 exemplar.
680 2795 799 2838 Qum
809 2792 900 2827 diues
910 2788 996 2831 essct,
1006 2789 1308 2837 inquit,bonorum
1319 2791 1474 2822 omnium
1485 2788 1640 2822 dominio
1652 2785 1681 2819 se
1689 2785 1854 2819 abdicauit
1873 2809 1883 2823 ,
1895 2797 1928 2820 vt
1938 2800 2000 2821 nos
2009 2788 2062 2822 sua
2072 2790 2151 2824 ino-

316 2847 371 2892 pia
382 2842 609 2890 locupletaret.
625 2841 708 2875 Non
720 2843 874 2889 exprimit
887 2840 1004 2873 deinde
1015 2836 1174 2884 quorsum
1184 2838 1216 2871 id
1225 2834 1538 2873 commemorensed
1549 2834 1821 2869 considerandum
1832 2833 1897 2868 illis
1908 2834 2078 2882 relinquit.
2089 2850 2151 2871 ne-

317 2894 446 2927 minem
458 2893 548 2925 enirn
559 2889 648 2926 latet,
661 2889 725 2923 hoc
735 2889 888 2936 exemplo
898 2901 961 2922 nos
970 2888 1009 2921 ad
1017 2886 1270 2921 beneficentiam
1282 2887 1424 2924 incitari,
1436 2898 1477 2918 nc
1488 2895 1617 2931 parcam
1624 2895 1659 2916 us
1673 2881 1730 2929 ipfi
1742 2881 1840 2916 nobis
1857 2908 1868 2922 ,
1878 2894 1983 2928 quum
1993 2883 2150 2920 fratribus

318 2939 584 2975 subueniendum
596 2938 648 2971 est.
659 2939 762 2971 Diues
774 2950 839 2971 erat
851 2937 1095 2982 Christus,quia
1103 2937 1194 2969 Deus
1203 2933 1261 2967 sub
1270 2936 1364 2968 cuius
1376 2945 1476 2967 manu
1489 2936 1523 2966 ὃ(
1534 2931 1691 2978 potestate
1701 2929 1774 2964 sunt
1784 2932 2029 2966 omniazdeinde
2039 2935 2073 2967 in
2085 2933 2152 2969 hu·

320 2991 478 3024 inanitate
489 2990 588 3022 etiam
604 2986 723 3026 nostra,-
736 2998 837 3031 quam
848 2986 956 3019 induit
966 3007 975 3021 ,
986 2986 1064 3018 tesse
1073 2982 1238 3033 Apostolo
1248 3005 1257 3019 ,
1268 2982 1368 3016 hatres
1377 2977 1606 3015 vniuersorum
1620 3005 1630 3018 ,
1646 2990 1680 3012 vt
1692 2980 1750 3024 qui
1761 2977 1855 3026 super
1864 2992 1982 3014 omnes
1991 2992 2153 3022 creaturas

111 3043 306 3080 Haeb.i.a.2,d.13
322 3036 396 3072 effer
406 3038 423 3071 a
436 3038 528 3070 Patre
538 3036 748 3071 constitutus,
764 3037 798 3067 δέ
809 3036 903 3067 cuius
938 3032 1051 3066 edibus
1062 3034 1178 3066 omnia
1188 3029 1286 3065 essent
1295 3029 1449 3065 subiecta.
1461 3029 1586 3074 Pauper
1595 3038 1704 3061 autem
1716 3026 1820 3061 factus
1832 3028 1885 3061 est:
1900 3026 2150 3076 quodpoffeffio

322 3100 363 3124 ne
373 3085 540 3120 abstinuit:
550 3094 648 3129 atque
662 3086 705 3116 ita
715 3084 785 3116 iure
795 3080 852 3115 suo
866 3046 954 3115 cellit
964 3082 1003 3114 ad
1014 3092 1155 3128 tempus.
1165 3080 1323 3114 Videmus
1334 3088 1456 3124 quanta
1467 3088 1544 3110 eum
1557 3076 1676 3122 egestas
1687 3072 1864 3121 rert‘imque
1873 3079 2028 3112 omnium
2041 3090 2149 3125 penu-
2256 3100 2257 3104 ,

113 3128 230 3163 ²·“‘·9·‹'·T·
241 3129 276 3161 5⁸·
322 3137 369 3168 ria
378 3135 519 3181 excipiat
529 3133 635 3167 statim
647 3133 664 3164 a
676 3133 788 3164 matris
798 3141 900 3163 vtcro.
912 3130 1064 3163 audimus
1075 3129 1156 3175 quid
1166 3127 1231 3176 ipsc
1240 3128 1337 3164 dicat,
1349 3125 1472 3172 Vulpes
1480 3123 1592 3158 foueas
1602 3123 1734 3166 habent,
1742 3122 1894 3158 volucres
1902 3124 1973 3159 caeli
1984 3125 2150 3160 nidosti-
2256 3119 2259 3147 ¹*

321 3183 386 3216 lius
396 3182 544 3216 hominis
562 3193 632 3214 non
644 3178 740 3213 habet
752 3177 951 3213 vbircclinet
962 3188 1071 3224 capnt.
1091 3179 1178 3224 Ergo
1192 3186 1416 3224 paupertatem
1427 3176 1462 3208 in
1472 3170 1573 3220 seipso
1586 3170 1791 3206 consecrauit
1803 3195 1813 3210 ‚
1831 3186 1873 3206 ne
1883 3171 1984 3221 ipsam
2004 3173 2146 3222 amplius

317 3231 472 3264 horreant
485 3228 603 3263 fideles:
617 3227 669 3262 sua
690 3238 880 3275 paupertate
889 3239 951 3260 nos
962 3225 1037 3259 ideo
1048 3237 1166 3259 omnes
1176 3225 1308 3265 ditauit,
1317 3236 1358 3258 ne
1368 3223 1488 3257 durum
1497 3220 1534 3256 sit
1543 3219 1642 3255 nobis
1652 3220 1818 3255 detrahere
1827 3233 1865 3255 ex
1880 3222 1988 3257 nostra
1998 3221 2148 3257 abundi·

315 3282 359 3312 tia
371 3279 460 3323 quod
472 3281 505 3312 in
516 3277 626 3311 fratres
635 3288 821 3323 erogemus.

363 3337 398 3359 10
438 3327 477 3357 Et
486 3327 633 3372 confilium
642 3329 672 3357 in
686 3325 741 3358 hoc
750 3323 811 3365 do.)
866 3321 1056 3357 Consilium
1071 3322 1136 3356 hoc
1145 3324 1288 3369 imperio
1299 3323 1458 3369 opponit,
1468 3319 1507 3352 de
1519 3330 1588 3364 quo
1598 3329 1703 3364 nuper
1715 3316 1879 3366 loquutus
1888 3316 2008 3353 fuerat:
2020 3316 2081 3355 acfi
2090 3317 2147 3352 cli-¹

316 3385 412 3414 reret,
421 3373 568 3409 Tantam
578 3372 773 3408 consulendi
783 3370 836 3408 vel
844 3371 1047 3407 admonendi
1058 3369 1150 3405 causa
1160 3370 1298 3406 ostendo
1308 3382 1351 3416 qu
1357 3370 1389 3404 id
1399 3367 1555 3420 expediat.
1570 3367 1672 3400 Porro
1687 3366 1757 3403 haec
1766 3365 1889 3403 vtilitas
1897 3367 1944 3413 no‘
1952 3363 2147 3413 perspicitur

2056 3410 2152 3453 sensit
2163 3428 2169 3446 .-
