2268 3705
544 124 652 176 ‘AD
700 119 1050 172 ‘rimor-H.
1097 124 1267 172 cAt‘-
1304 123 1383 181 ,112
1859 142 1912 181 ,η

124 218 173 251 26
220 208 300 249 132‘e
309 199 552 244 excitationem
560 196 582 238 ἆ
591 197 712 253 laqueo
722 194 864 237 diaboli:
879 193 901 238 ἆ
910 209 977 251 quo
985 197 1072 253 capes·
1085 205 1248 240 tenentur
1254 193 1301 234 ad
1308 195 1406 252 ipsius
1415 192 1645 239 volumem.
1925 204 2123 247 “rana-rm,

18 325 20 331 ,
115 303 152 326 22
202 285 359 335 Juuem'les
367 279 575 331 cupiditates.)
625 276 812 315 Conclusio
821 275 1050 324 superborum.
1061 289 1140 312 nam
1150 280 1256 325 quum
1267 275 1353 312 faeta
1362 278 1515 312 inanium
1527 279 1741 326 qugffionum
1751 285 1900 319 mentio.
1922 243 2046 317 am
2053 259 2123 313 m‘ssa

4 339 19 382 l
71 353 125 380 ne,
139 350 193 387 per
204 338 288 371 hanc
298 329 504 368 occafionem
514 329 554 363 ad
564 327 730 364 notandos
741 327 962 372 Hymenaeum
976 329 1010 360 δε
1020 324 1189 362 philetum
1199 324 1348 373 delapsus
1357 324 1534 374 effet‚quos
1541 326 1686 367 ambitio
1700 331 1735 363 δε
1745 341 1829 365 vana
1838 343 1900 368 cu-
1963 322 1983 327 *⁴

17 385 29 420 ,Ι
68 383 192 423 ‘solitas
225 386 242 418 ξι
252 383 339 418 reeta
349 378 412 413 fide
421 377 596 413 abduxerat
609 389 617 411 ε
638 378 757 410 iterum
769 375 920 408 hortatur
930 373 1155 410 Timotheum
1171 376 1232 408 νεὲ
1241 375 1328 422 peste
1348 384 1415 408 tam
1427 376 1527 410 noxia
1537 372 1706 410 abstineat.
1728 379 1843 428 Atque
1860 383 1899 417 in

0 450 17 471 :x
70 438 161 472 hunc
173 432 272 468 finem
281 428 429 464 vitandas
439 427 597 461 admonet
608 423 771 459 iuueniles
780 422 1061 470 cupiditates:quo
1071 423 1213 457 nomine
1222 435 1294 457 non
1307 421 1466 470 intelligit
1475 421 1528 458 vel
1536 426 1740 472 protetuiam
1752 428 1788 463 in
1798 440 1899 463 vene..

0 463 17 523 l
69 497 151 523 rem,
162 481 212 515 vcl
221 479 299 514 alias
309 489 362 512 tur
388 488 420 510 es
428 472 589 511 lasciuius,
599 472 651 506 vel
660 470 826 507 dissolutas
835 469 990 505 libidines
1001 469 1123 516 quibus
1134 481 1169 505 vt
1176 469 1363 518 plurimum
1374 473 1512 507 iuuenes
1521 469 1685 507 laborant:
1696 472 1749 509 sed
1759 475 1899 522 quosuis

0 542 6 571 ε
68 536 210 580 impetus
221 528 261 562 ad
271 538 356 574 quos
363 489 521 560 {eruidiot
531 520 587 556 illa
597 532 672 556 aetas
681 519 756 569 plus
765 531 861 566 aequo
872 519 1032 566 propensa
1040 520 1131 553 est.si
1141 519 1233 565 quod
1243 530 1408 554 certarnen
1422 530 1553 554 motum
1564 519 1788 560 fuerit‚multo
1798 526 1898 560 citius

69 575 270 615 incalescunt
281 578 419 610 iuuenes
429 572 530 620 quan-i
544 580 678 604 maturae
688 570 789 603 aetatis
800 569 863 601 viri
878 566 1025 601 :facilius
1036 569 1205 602 irritantur
1213 591 1224 605 ‚
1236 564 1351 615 saepius
1360 566 1517 602 labuntur
1528 570 1696 616 imperitia
1704 594 1714 610 ‚
1727 574 1853 607 maiore
1863 586 1898 607 e-

65 632 145 664 tiam
156 624 362 661 confidentia
372 625 405 656 ὃς
418 622 600 655 temeritate
610 628 721 653 ruunt.
732 618 844 663 Qate
856 628 926 649 non
938 615 1110 650 immerito
1131 618 1291 650 iuuenem
1299 617 1458 650 admonet
1468 615 1587 652 Paulus
1600 629 1635 652 vt
1643 618 1684 656 ab
1694 622 1797 656 aetatis
1807 623 1898 656 vitiis

0 707 2 716 i
67 676 243 724 diligenter
252 671 309 708 fibi
320 681 444 707 emeat,
458 680 530 717 quae
540 665 634 701 facilc-
647 665 774 712 alioqui
784 665 823 698 ad
833 666 1068 701 contentiones
1078 663 1214 701 inutiles
1231 661 1359 711 poffcnt
1369 676 1447 698 cum
1463 663 1620 714 abripe5e.
1668 669 1804 714 Sequere
1813 669 1899 714 justi,

0 737 2 760 ι
68 730 154 760 tiam.
182 722 380 757 Contrarios
389 715 525 753 affectus
535 714 762 753 commendat,
772 715 831 759 qui
840 723 987 746 mentem
1000 715 1069 747 eius
1079 714 1218 748 retinere
1227 709 1361 760 possint,
1374 725 1417 746 ne
1426 711 1548 747 exultet
1559 714 1701 750 iuuenili
1712 715 1826 766 aliqua
1844 720 1899 752 jn-

67 774 235 820 temperie.
246 768 306 803 :tcfi
317 769 448 803 diceret,
459 765 538 800 Haec
549 761 623 798 sunt
633 761 754 809 quibus
766 771 857 795 totus
867 761 1017 796 addictus
1029 758 1089 795 effe
1099 760 1208 798 debes,
1220 762 1384 809 tuumque
1392 760 1535 795 studium
1546 764 1751 809 impendere.
1769 770 1820 800 Ac
1828 768 1900 814 pri-

65 822 123 857 ιτιὸ
134 820 267 868 quidem
278 818 435 854 iustitiam
447 814 620 848 nominat:
649 811 714 845 hoc
725 809 768 844 est
777 810 899 845 rectam
912 810 1048 844 viuendi
1058 811 1234 846 rationem.
1252 809 1363 856 postea
1379 808 1532 857 adiungit
1541 809 1636 859 fidem
1649 815 1683 848 ὅ(
1693 812 1897 853 dilectionem,

64 869 186 918 quibus
199 866 255 902 illa
265 864 397 914 proprie
407 862 544 898 constat.
553 861 618 895 Pax
628 860 666 893 ad
675 858 863 906 praesentem
874 869 933 891 cau
939 856 1004 891 sam
1020 856 1163 894 maxime
1172 860 1325 907 pertinet.
1338 855 1565 894 contentiosos
1577 861 1668 893 enim
1679 859 1739 894 effe
1763 873 1900 913 oportet

63 931 101 954 ac
109 916 262 965 litigandi
273 913 413 961 cupidos
423 914 481 959 qui
491 907 727 956 quaestionibus
736 905 994 987 quazprohibet,
1006 905 1220 942 delcetantur.
1243 906 1310 940 Hic
1320 907 1385 940 Dei
1397 907 1570 941 inuocatio
1598 919 1655 954 per
1666 905 1896 956 synecdochen

64 964 258 1017 generaliter
268 975 328 1012 pro
340 958 432 996 cultu
441 960 580 1008 capitur:
592 954 652 992 nist
660 955 700 991 ad
710 953 804 1004 profe
831 967 944 988 ionem
955 952 1071 989 referre
1082 953 1189 991 malis.
1209 954 1272 991 Sed
1281 956 1359 1002 quia
1370 956 1406 988 in
1429 953 1522 988 cultu
1532 954 1597 993 Dei
1605 955 1672 992 hoc
1690 960 1785 1004 praeci
1814 971 1899 997 uum

66 1013 112 1051 est
121 1012 308 1063 caput‚ideo
319 1010 391 1058 sepe
401 1008 467 1044 Dei
475 1007 649 1042 inuocatio
659 1015 765 1040 totam
775 1002 973 1053 religionem
983 1001 1036 1039 vel
1047 1002 1174 1040 cultum
1187 1003 1251 1037 Dei
1260 1000 1431 1051 fignificat.
1441 1002 1605 1038 Caeterum
1615 1003 1756 1042 dubium
1771 970 1900 1054 el'l,qu.3

59 1075 167 1114 pacem
177 1071 319 1110 quarere
330 1056 420 1092 iubet
429 1067 497 1090 cum
505 1052 641 1088 omnibus
649 1051 804 1086 dominum
810 1049 1033 1089 inuocantibus,
1046 1050 1258 1099 proponfitne
1267 1054 1302 1086 in
1313 1049 1502 1098 exemplum
1517 1064 1636 1086 omnes
1646 1050 1836 1094 fideles,acs1
1847 1056 1900 1090 di-

62 1123 148 1149 ceret
163 1109 230 1145 hoc
239 1107 356 1143 debere
365 1102 525 1140 omnibus
535 1104 620 1139 vetis
631 1102 694 1138 Dei
705 1098 889 1137 cultoribus
903 1111 1087 1136 commune
1096 1098 1156 1135 effe
1167 1100 1311 1134 studium
1324 1112 1332 1135 z
1351 1112 1398 1146 aq
1407 1098 1485 1136 veto
1496 1101 1664 1150 praecipiat
1683 1113 1720 1140 vt
1729 1113 1808 1140 cum
1831 1102 1900 1142 iffi,

63 1158 264 1198 Timotheus
274 1153 362 1191 colat
370 1164 497 1209 pacem.
507 1151 562 1187 hic
571 1150 732 1199 posterior
742 1145 849 1182 sensus
859 1148 988 1182 videtur
999 1146 1119 1183 melius
1127 1151 1320 1186 conuenire.

112 1219 145 1254 23
192 1206 311 1241 stultas
320 1214 391 1237 vero
401 1201 599 1247 qufflianes.)
638 1198 716 1233 ideo
727 1195 837 1232 stultas
848 1207 956 1236 vocat,
972 1200 1050 1243 quia
1062 1196 1137 1231 sunt
1145 1195 1309 1231 ineruditae:
1319 1197 1386 1232 hoc
1395 1195 1452 1236 est,
1463 1195 1551 1235 nihil
1561 1198 1601 1232 ad
1612 1198 1771 1247 pietatem
1781 1197 1901 1235 confe-

65 1268 156 1295 runt,
164 1252 391 1302 qualicunque
400 1249 480 1285 alias
489 1249 645 1284 acumine
654 1245 716 1282 sint
725 1243 921 1280 vendibiles.
937 1245 1014 1279 Hoc
1025 1247 1116 1280 enim
1126 1245 1201 1280 vere
1210 1246 1344 1279 demum
1358 1244 1465 1296 sapere
1474 1246 1518 1281 est
1537 1269 1548 1284 ,
1559 1259 1664 1293 quum
1675 1245 1802 1281 vtiliter
1811 1247 1897 1296 sapi·

64 1317 149 1341 mus:
159 1302 249 1351 quod
258 1301 433 1347 diligenter
444 1297 629 1333 notandum
639 1295 693 1329 cst.
710 1294 872 1328 Videmus
881 1305 956 1326 eum
966 1294 1067 1340 quam
1078 1293 1271 1341 praepostera
1279 1292 1426 1329 sutilium
1455 1297 1660 1344 argutiarum
1677 1295 1900 1334 admiratione

64 1355 201 1390 ducatur
212 1350 368 1388 mundus,
382 1351 415 1382 &
428 1355 634 1394 quantopere
644 1355 695 1377 eas
704 1352 846 1389 appetat.
855 1342 910 1376 Ne
921 1352 999 1388 ergo
1010 1353 1072 1376 nos
1083 1341 1234 1389 placendi
1245 1341 1386 1376 ambitio
1409 1343 1448 1376 ad
1458 1344 1654 1390 captandam
1665 1355 1703 1377 ex
1713 1343 1771 1378 tali
1785 1342 1900 1381 osten-

60 1404 188 1438 tatione
207 1400 345 1447 gratiam
358 1395 518 1435 solicitet,
532 1391 659 1442 semper
668 1391 767 1426 nobis
778 1400 928 1424 occurrat
939 1390 1006 1424 hoc
1015 1390 1109 1424 Pauli
1119 1388 1269 1436 elogium
1281 1402 1289 1424 t
1305 1403 1377 1437 quae
1388 1391 1422 1424 in
1436 1393 1586 1425 maximo
1602 1393 1710 1439 pretio
1729 1391 1896 1432 habentur

59 1449 270 1500 quaestiones,
280 1443 340 1480 esse
349 1455 461 1479 tamen
475 1439 620 1482 insulsas,
630 1453 671 1475 eo
682 1438 773 1486 quod
785 1437 846 1473 sint
857 1436 1077 1474 infructuosae.
1087 1438 1206 1472 deinde
1216 1436 1343 1472 malum
1355 1440 1454 1473 etiam
1467 1438 1557 1485 quod
1568 1451 1680 1494 parere
1690 1439 1796 1475 solent
1808 1465 1818 1479 ‚
1840 1453 1896 1476 ex·-

61 1500 190 1548 primic·
200 1507 261 1532 nec
271 1492 362 1528 aliud
372 1493 454 1527 dicit
463 1491 564 1539 quarn
575 1488 668 1537 quod
676 1489 863 1570 experimur
875 1486 1037 1533 quotidie:
1052 1498 1104 1520 eas
1115 1485 1237 1520 scilicet
1247 1487 1399 1536 iurgandi
1413 1490 1448 1524 &
1460 1487 1661 1536 digladiandi
1673 1487 1815 1539 ptaebete
1825 1502 1898 1528 ma.

59 1548 191 1583 teriam.
200 1544 323 1590 Neque
334 1553 445 1576 tamen
456 1540 638 1587 quicquam
653 1548 712 1584 pro
740 1536 785 1570 cit
794 1537 897 1570 maior
906 1546 978 1582 pars
989 1545 1040 1568 tot
1048 1535 1260 1571 documentis
1267 1535 1450 1569 admonita.
1504 1536 1505 1539 ’

108 1606 154 1640 ²4
201 1593 301 1637 Atqui
301 1591 425 1635 seruum
436 1586 575 1628 domini.)
624 1586 702 1619 Hoc
712 1584 756 1619 est
765 1582 859 1618 Pauli
868 1595 1117 1630 argumentum,
1136 1584 1276 1618 Seruum
1287 1583 1351 1618 Dei
1362 1582 1511 1619 alienum
1520 1582 1539 1619 ὲ
1551 1581 1669 1619 litibus
1679 1582 1740 1620 effe
1752 1595 1897 1637 oportetz

60 1642 165 1680 stultae
174 1652 285 1676 autem
297 1636 492 1686 quaestiones
503 1632 578 1671 sunt
586 1629 737 1680 litigiosae
754 1645 764 1666 ε
778 1644 857 1679 ergo
893 1630 1017 1679 uisquis
1027 1630 1136 1668 seruus
1145 1633 1211 1666 Dei
1220 1629 1281 1666 esse
1292 1635 1326 1666 δε
1337 1630 1449 1666 haberi
1458 1642 1500 1666 cu
1524 1632 1552 1666 it
1562 1654 1573 1670 ,
1589 1631 1630 1668 ab
1640 1631 1707 1667 illis
1722 1632 1898 1671 abhorrere

61 1692 169 1727 debet.
179 1688 285 1738 Qspd
295 1686 318 1722 fi
331 1684 383 1721 vel
394 1697 463 1719 vno
471 1683 538 1718 hoc
548 1683 688 1717 nomine
698 1679 861 1729 fugiendae
868 1644 948 1716 c(lum
957 1679 1162 1728 superuacua:
1171 1678 1388 1726 questiones,
1398 1679 1491 1727 quod
1513 1692 1595 1717 eruo
1603 1681 1668 1715 Dei
1686 1694 1835 1733 pugnare
1845 1682 1892 1717 est

59 1740 267 1776 indecorum:
277 1735 379 1783 quarn
389 1731 599 1780 impudenter
610 1727 736 1771 faciunt
743 1730 803 1776 qui
813 1725 933 1764 affidua
943 1731 1125 1763 certamina
1133 1727 1304 1764 mouendo
1315 1751 1326 1766 ,
1335 1729 1505 1766 venditare
1512 1726 1542 1762 se
1551 1729 1625 1766 data
1634 1741 1736 1777 opera
1748 1731 1871 1765 audent
1878 1735 1897 1765 ἒ

57 1790 167 1825 Nunc
177 1785 311 1835 prodeat
323 1785 360 1818 in
372 1781 520 1817 medium
531 1781 574 1814 Pa
602 1778 735 1813 istarum
746 1775 933 1824 theologia:
945 1777 1025 1824 quid
1035 1777 1180 1813 omnino
1190 1777 1226 1810 in
1237 1787 1274 1822 ea
1292 1778 1473 1823 reperietur
1475 1787 1596 1825 ptaeter
1607 1776 1761 1824 litigandi
1777 1782 1812 1814 δε
1831 1791 1897 1828 pu-

57 1836 185 1887 gnandi
195 1844 297 1869 artem
307 1839 318 1865 ?
327 1833 415 1878 Ergo
425 1840 495 1877 quo
507 1791 646 1876 quidque
663 1827 768 1874 magis
778 1827 813 1863 in
824 1837 860 1859 ea
869 1823 1046 1873 profecerit
1055 1847 1066 1864 ,
1089 1824 1130 1859 eb
1141 1826 1246 1875 magis
1257 1825 1317 1857 erit
1326 1826 1460 1873 ineptus
1469 1824 1509 1858 ad
1517 1822 1728 1862 seruiendum
1745 1827 1896 1866 Christo.

57 1888 180 1931 Quum
186 1879 347 1933 placidum
356 1877 411 1925 effe
422 1876 513 1912 iubet
523 1874 653 1911 seruum
663 1873 800 1914 chtisti,
814 1875 971 1907 virtutem
981 1874 1119 1920 requirit
1131 1894 1143 1910 ‚
1155 1873 1416 1907 contentionum
1429 1873 1550 1909 morbo
1560 1871 1740 1910 aduersam.
1766 1876 1896 1913 Eodem

57 1935 201 1984 pertinet
212 1929 304 1978 quod
316 1939 394 1964 mox
405 1924 561 1973 sequitur,
575 1934 612 1958 νε
620 1921 659 1958 fit
668 1921 846 1957 hermala
866 1921 987 1967 Neque
996 1923 1088 1958 enim
1098 1921 1258 1956 doc'trinae
1267 1918 1362 1955 locus
1373 1920 1510 1961 erit,nifi
1520 1919 1599 1956 adfit
1609 1923 1795 1958 moderatio
1807 1928 1842 1959 &
1852 1937 1899 1959 a,

55 1979 190 2030 quabile
212 1978 380 2027 quoddam
401 1982 715 2025 temperamentum.
742 1972 857 2018 Qem
867 1970 958 2004 enirn
978 1970 1118 2004 modum
1128 1967 1256 2004 tenebit
1273 1969 1393 2003 doctor
1406 1992 1417 2007 ‚
1440 1967 1498 2003 vbi
1510 1970 1549 2003 ad
1560 1982 1710 2017 pugnam
1733 1969 1896 2008 efferbue-

56 2033 101 2065 rit
117 2037 129 2064 2
154 2027 297 2065 Proinde
314 2036 349 2060 vt
359 2021 500 2072 quisque
521 2021 560 2056 ad
569 2019 758 2056 docendum
770 2017 914 2053 maxime·
944 2018 987 2055 est
996 2017 1164 2066 appositus
1173 2039 1184 2056 ‚
1203 2016 1274 2051 itaa
1284 2018 1361 2052 rixis
1373 2020 1405 2052 δι
1417 2016 1654 2054 certaminibus
1665 2020 1810 2055 maxime
1834 2020 1895 2056 ab·

55 2078 181 2114 horret.
199 2074 322 2110 Verum
332 2075 411 2121 quia
420 2069 586 2107 interdum
597 2066 649 2103 vel
660 2066 778 2108 bilem,
787 2064 839 2100 vel
849 2065 1014 2100 fastidium
1027 2078 1163 2101 mouere
1182 2065 1288 2113 potest
1296 2066 1508 2112 quorundam
1521 2065 1704 2101 hominum
1723 2069 1894 2116 importu-

23 2140 27 2144 ’
57 2129 154 2162 nitas:
170 2125 246 2160 ideo
258 2123 450 2156 tolerantiam
470 2118 634 2166 adiungit,
646 2113 742 2150 simul
754 2113 882 2149 causam
894 2125 1015 2149 notans
1025 2125 1083 2148 cur
1092 2113 1130 2149 fit
1139 2110 1321 2148 necessaria:
1334 2125 1457 2161 nempe
1466 2115 1546 2160 quia
1558 2112 1633 2162 pius
1641 2114 1774 2152 Doctor
1785 2129 1895 2152 tenta-

57 2187 91 2210 re
101 2177 199 2210 etiam
211 2171 364 2210 debet,an
375 2167 528 2205 reducere
537 2168 574 2203 in
586 2166 675 2200 viam
685 2162 785 2213 poffit
796 2174 1010 2200 contumaces
1021 2166 1055 2199 ὃ(
1066 2161 1262 2212 prestares:
1279 2162 1371 2209 quod
1379 2160 1451 2197 fieri
1463 2164 1582 2209 nequit
1590 2161 1652 2200 nist
1662 2163 1810 2202 adhibita
1820 2167 1893 2201 rni-

57 2220 239 2259 suetudine.
1890 2213 1893 2215 -

106 2281 140 2316 25
188 2265 343 2314 Siquando
352 2263 403 2300 det
411 2265 514 2304 illis.)
553 2262 627 2297 Hac
659 2259 795 2296 articula
803 2260 987 2307 Siquando,
998 2257 1050 2294 vel
1060 2260 1091 2292 Si
1102 2256 1200 2300 forte,
1209 2260 1253 2292 rei
1264 2256 1495 2294 difficultatem
1507 2270 1652 2296 notatzvt
1662 2261 1768 2310 prope
1779 2264 1892 2299 incre-

54 2318 169 2354 dibilis
179 2317 216 2353 fit
223 2316 276 2352 vel
284 2313 458 2363 desperata.
468 2312 562 2359 Ergo
574 2313 642 2345 inte
658 2309 732 2358 ligit
740 2308 871 2348 Paulus,
883 2310 983 2344 etiam
994 2319 1069 2355 erga
1079 2306 1325 2355 indigniffimos
1335 2306 1395 2341 effe
1408 2307 1638 2352 manfheeudine
1647 2311 1808 2345 vtendum
1819 2325 1827 2345 :
1839 2323 1890 2346 at·-

58 2379 126 2416 que
133 2377 169 2402 vt
188 2364 280 2402 nulla
289 2361 455 2413 principib
467 2359 538 2409 spes
546 2370 699 2407 appareat
709 2356 878 2407 profectus
888 2380 899 2397 ,
912 2355 1028 2393 debere
1037 2367 1148 2390 tamen
1167 2355 1353 2404 periculum
1364 2353 1444 2392 fieri.
1461 2357 1581 2391 Eadem
1594 2360 1723 2393 ratione
1747 2357 1894 2395 daturum

55 2417 161 2450 Deum
169 2421 424 2450 commemorat.
433 2411 512 2456 quia
523 2409 613 2443 enim
626 2409 662 2441 in
673 2418 774 2441 manu
783 2406 849 2442 Dei
859 2406 903 2440 est
913 2404 1063 2440 hominis
1071 2403 1264 2439 conuerfio:
1280 2406 1355 2450 quis
1365 2403 1424 2438 scit
1433 2417 1474 2439 an
1487 2405 1546 2451 qui
1555 2404 1655 2441 hodie
1664 2407 1818 2442 videntur
1838 2411 1893 2443 in·

55 2462 183 2499 dociles
198 2462 281 2501 ‚Dei
294 2463 413 2495 virtute
423 2456 532 2493 subito
541 2457 578 2491 in
587 2454 671 2490 alios
680 2454 838 2490 homines
848 2453 999 2488 mutandi
1008 2452 1092 2488 fint?
1106 2451 1268 2502 Qsquis
1278 2464 1310 2486 er
1335 2465 1357 2486 o
1366 2451 1529 2500 cogitabit
1545 2454 1674 2491 donum
1687 2458 1722 2489 δε
1732 2467 1818 2505 opus
1825 2456 1893 2495 Dei

56 2510 119 2548 effe
128 2510 375 2560 poenitentiam,
386 2505 462 2556 plus
471 2504 610 2553 sperabit
620 2502 744 2539 multbz
754 2506 788 2538 δι
798 2503 861 2538 hac
870 2500 989 2537 fiducia
998 2503 1164 2538 animatus
1173 2523 1184 2541 ‚
1196 2501 1272 2549 plus
1281 2464 1403 2535 laseris
1415 2503 1449 2535 &
1461 2499 1546 2535 studi
1556 2504 1615 2536 iim
1619 2503 1742 2550 pendet
1750 2504 1791 2539 ad
1813 2517 1891 2540 eru-

57 2560 198 2596 diendos
208 2556 355 2594 rebelles.
363 2558 418 2591 Sic
428 2556 518 2590 enim
529 2552 719 2590 habendum
731 2551 786 2591 est,
796 2550 921 2587 nostras
931 2549 990 2585 effe
1001 2561 1119 2598 partes,
1128 2547 1265 2584 serendo
1276 2553 1310 2584 &
1320 2550 1461 2597 rigando
1471 2549 1676 2585 incumbere:
1686 2550 1753 2587 hoc
1764 2553 1844 2588 dum
1855 2567 1893 2589 a·

80 2620 184 2646 ‘⁸²⁰⁵’
195 2604 434 2655 expe&andum
446 2600 507 2637 effe
515 2603 535 2637 ὲ
543 2602 697 2638 DomissO
708 2601 1013 2635 incrementumJta
1023 2596 1111 2635 nihil
1119 2598 1158 2633 ex*
1167 2595 1198 2632 se
1206 2595 1390 2649 proficiunt
1399 2608 1540 2633 conatus
1550 2611 1669 2634 omnes
1679 2600 1782 2636 nostri
1793 2613 1830 2636 ac
1840 2601 1891 2637 la-

54 2621 163 2694 {orest
172 2660 212 2692 ’δε
228 2666 340 2690 tamen
350 2654 415 2689 Dei
425 2649 591 2688 beneficio
601 2661 672 2684 non
683 2646 758 2685 sunt
768 2649 862 2684 irriti·
882 2645 990 2683 Simul
1002 2645 1082 2683 hinc
1091 2645 1249 2694 colligere
1258 2645 1337 2683 licet
1346 2658 1419 2693 quae
1428 2644 1466 2682 stt
1476 2658 1550 2681 veta
1560 2659 1677 2682 eorum
1691 2651 1893 2696 poenitentia

56 2707 117 2752 qui
125 2705 164 2740 ad
175 2715 307 2752 tempus
318 2700 528 2736 immotioeri
539 2696 673 2733 fuerunt
681 2697 768 2731 Deo.
785 2694 875 2732 Nam
886 2697 956 2730 eius
975 2696 1113 2730 initium
1121 2695 1296 2731 constituit
1305 2693 1425 2729 Paulus
1442 2697 1474 2727 in
1481 2698 1635 2743 agnitione
1645 2699 1801 2732 veritatis.
1819 2711 1892 2746 quo

56 2751 217 2802 significat
226 2761 418 2787 excaecatam
428 2728 488 2783 effe
497 2746 648 2782 hominis
659 2755 807 2780 mentem
824 2770 835 2785 ‚
845 2744 993 2792 quandiu
1003 2739 1154 2778 aducisus
1171 2742 1283 2778 Deum
1298 2746 1333 2778 &
1348 2745 1418 2778 eius
1427 2742 1614 2780 doctrinam
1624 2745 1780 2792 proterue
1797 2747 1892 2782 exul-

56 2813 114 2836 tat.
123 2800 411 2837 llluminationem
421 2794 567 2843 sequitur
577 2792 730 2829 liberatio
740 2793 758 2830 ὲ
767 2791 893 2828 diaboli
903 2790 1070 2828 seruitute.
1079 2791 1168 2827 Nam
1180 2789 1329 2830 infideles
1340 2793 1386 2825 ita
1395 2790 1536 2829 inebriat
1543 2793 1691 2832 Satan,vt
1702 2790 1890 2842 sopiti,rna-

56 2849 89 2885 la
98 2847 151 2888 sua
161 2863 232 2886 non
243 2847 394 2883 sentiant.
405 2845 522 2880 contra
530 2843 714 2880 Dominus,
723 2840 780 2876 vbi
790 2839 888 2877 nobis
898 2843 1044 2875 veritatis
1055 2838 1117 2875 suae
1129 2839 1202 2875 luce
1211 2837 1358 2886 affulget,
1371 2838 1412 2873 ab
1422 2838 1483 2874 illo
1494 2839 1619 2875 exitiali
1627 2851 1765 2877 veterno
1775 2856 1837 2879 nos
1850 2854 1891 2880 eg

52 2897 246 2983 pergefacit‚
256 2896 425 2944 abrumpit
436 2893 573 2942 laqueos
583 2889 705 2941 quibus
714 2888 958 2930 detinebamur,
968 2892 1002 2924 &
1013 2887 1264 2940 impedimentis
1274 2887 1437 2927 omnibus
1445 2886 1579 2925 sublatis
1588 2911 1600 2927 ,
1607 2901 1671 2932 nos
1683 2891 1720 2924 in
1730 2888 1892 2939 obsequit'i

68 2959 148 2982 uum
158 2945 292 2981 format.

102 3006 144 3038 26
193 3004 227 3039 A
237 3016 294 3049 quo
303 3003 426 3050 captiui.
475 2998 650 3035 Horrenda
663 2996 736 3032 sane
748 2997 1024 3043 conditimquum
1036 2992 1173 3029 diabolo
1184 3004 1317 3029 rantum
1327 2996 1363 3030 in
1375 3007 1439 3030 nos
1449 2994 1528 3031 licet
1537 3021 1549 3038 ‚
1561 3005 1598 3032 νε
1611 3007 1674 3043 pro
1686 2994 1893 3035 sualibidine

53 3052 121 3088 huc
133 3055 167 3086 &
178 3050 258 3085 illuc
267 3062 426 3097 tanquam
437 3050 569 3097 captiua
580 3049 748 3094 mancipia
757 3045 918 3093 impellat.
929 3045 1034 3090 Atqui
1042 3042 1117 3077 talis
1126 3043 1170 3077 est
1181 3045 1339 3078 omnium
1351 3056 1468 3078 eorum
1478 3056 1564 3092 quos
1574 3045 1681 3080 aDeo
1691 3046 1892 3093 emancipat,

55 3101 164 3135 cordis
174 3097 221 3134 sui
231 3098 365 3133 ferocia.
380 3108 479 3145 atque
490 3097 576 3132 hanc
586 3097 794 3140 tyrannicam
804 3095 928 3128 satanae
938 3093 1208 3130 dominationem
1222 3092 1373 3138 quotidie
1384 3091 1495 3139 palam
1503 3094 1673 3128 cernimus
1684 3095 1719 3127 in
1731 3093 1893 3141 reprobis.

52 3149 174 3194 Neque
185 3149 274 3181 enim
282 3144 434 3181 belluino
443 3147 572 3192 impetu
585 3155 622 3178 ac
631 3154 699 3177 tam
711 3138 831 3177 furios}
840 3151 972 3176 ruerent
984 3142 1019 3175 in
1030 3138 1116 3174 foeda
1126 3141 1252 3186 quaeuis
1265 3143 1299 3174 &
1310 3140 1464 3188 pudenda
1473 3139 1617 3188 flagitia,
1644 3139 1705 3175 nifi
1715 3140 1848 3176 occulta
1858 3144 1895 3178 vi

53 3198 180 3231 Satanae
190 3193 331 3242 impulsi.
340 3195 375 3228 ld
386 3194 430 3228 est
438 3193 530 3240 quod
538 3193 579 3227 ad
587 3189 744 3238 Ephesios
753 3191 860 3238 capite
870 3199 927 3223 2.a.
938 3200 967 3226 2,
976 3188 1133 3225 vidimus,
1143 3189 1298 3223 Satanam
1309 3190 1345 3224 iu
1356 3187 1533 3225 incredulis
1543 3186 1722 3223 efficaciam
1735 3187 1825 3224 suam
1838 3202 1895 3225 ex-

56 3256 174 3280 ercere.
198 3242 294 3277 Talia
305 3240 453 3287 exempla
464 3254 526 3276 nos
537 3250 690 3277 monent,
702 3250 736 3274 νε
746 3236 875 3277 solicite
885 3250 948 3272 nos
959 3238 1193 3271 contineamus
1202 3234 1260 3270 sub
1269 3235 1395 3272 Christi
1406 3238 1488 3283 iugo
1503 3262 1514 3274 ‚
1534 3232 1668 3283 eiusque
1680 3238 1818 3285 Spiritui
1832 3251 1898 3274 nos

56 3291 264 3341 gubernidos
275 3290 448 3324 tradamus.
458 3289 579 3336 Neque
590 3299 704 3322 tamen
717 3284 881 3321 eiusmodi
891 3286 1067 3333 captiuitas
1078 3283 1208 3320 excusat
1218 3286 1357 3334 impios,
1369 3294 1405 3318 vt
1417 3285 1495 3318 ideo
1503 3285 1550 3319 n6
1559 3287 1767 3332 peccet‚quia
1779 3288 1896 3330 Satane

58 3339 204 3389 impulsu
214 3349 361 3387 peccant.
370 3336 514 3371 Tametfi
524 3339 614 3372 enim
628 3335 721 3382 quod
729 3334 761 3369 εἰ
768 3337 971 3382 impotenter
983 3331 1134 3372 feruntur
1140 3332 1181 3367 ad
1193 3331 1369 3369 malurn‚id
1379 3333 1398 3366 a
1408 3333 1532 3367 Satanae
1539 3332 1715 3368 dominatu
1726 3329 1896 3382 prouenitz

59 3387 146 3426 nihil
159 3388 247 3424 tame
257 3383 517 3435 coaai'agfitssed
525 3395 600 3421 toto
609 3383 730 3422 affeetu
741 3382 881 3419 inclinit
893 3382 963 3433 quo
972 3382 1070 3418 Satan
1079 3394 1136 3417 eos
1144 3382 1242 3433 rapit.
1252 3382 1298 3418 ita
1306 3377 1344 3417 fit
1353 3390 1389 3416 vt
1399 3378 1561 3436 volptatis
1571 3379 1609 3416 fit
1618 3384 1698 3415 eoru
1706 3384 1895 3432 captiuitas.¹

0 3645 120 3705 ,χ
