2268 3705
953 0 959 14 k

476 116 591 165 AD
639 109 1474 167 CORrNTH·cAr>-X1-
1883 128 1945 182 225

88 191 350 232 deferendum,vt
359 189 398 224 de
407 188 505 223 nobis
515 192 795 237 pronuntiet:non
805 192 896 224 enim
907 187 1019 225 sumus
1030 191 1143 226 idonei
1155 192 1279 226 iudices
1289 194 1325 227 in
1336 195 1470 240 propria
1480 193 1582 229 causa.
1594 187 1695 232 Hunc
1707 186 1834 236 sensum
1845 214 1929 240 con-

88 241 196 277 firmat
206 241 295 288 quod
307 239 456 287 proxime
466 235 623 284 sequitur,
632 249 691 271 non
701 241 782 271 enim
789 238 976 287 quifiipsiam
983 237 1184 277 commendat,
1197 241 1248 274 ille
1254 239 1400 289 probatus
1409 242 1460 285 esta
1500 243 1590 277 Nam
1602 245 1756 281 homines
1767 249 1841 284 falla
1851 265 1921 298 pert
1942 250 2104 289 1·Cor.4.a·.÷

86 289 234 324 suafione
242 289 350 335 decipi
360 285 454 320 facile
465 286 561 323 cib&
572 286 724 333 quotidie
733 286 865 320 accidit.
877 298 956 334 ergo
966 287 1039 322 aliis
1050 287 1212 323 omnibus
1220 288 1460 336 neglectisdiuc
1470 292 1600 327 tantum
1613 291 1838 340 aspiremus:vt
1847 302 1922 336 Deo
2050 287 2083 292 .-‚

87 337 186 372 fimus
196 336 345 385 probati,
364 338 397 368 ἃ.
410 332 477 368 sola
490 337 559 368 eius
570 334 813 382 approbatione
839 333 938 370 simus
950 339 1120 371 contenti:
1132 334 1225 371 ficuti
1237 338 1357 371 metitb
1368 338 1426 387 plu
1433 342 1474 373 ris
1486 339 1545 373 effe
1555 339 1653 375 nobis
1664 342 1759 377 debet
1768 349 1868 390 quain
1882 363 1921 383 0-

89 399 182 422 mnes
196 385 350 419 omnium
360 381 542 430 applausus.
553 380 695 431 Dicebat
710 382 779 423 ille,
793 381 852 416 fibi
864 382 963 417 instar
971 384 1064 418 mille
1074 383 1134 419 esse
1147 388 1245 420 vnins
1254 385 1403 422 Platonis
1412 386 1579 422 calculum
1590 402 1598 422 :
1610 401 1682 423 non
1693 389 1747 425 hic
1757 394 1795 426 de
1806 393 1919 430 homi-

87 447 169 469 num
188 430 318 468 calculis
328 433 436 478 agitur
444 458 454 472 ,
476 434 550 477 quis
561 430 917 483 quem-praepn’pderet:
935 429 988 466 sed
999 433 1038 467 de
1048 432 1147 480 ipsius
1158 436 1224 469 Dei
1236 432 1396 470 sententia
1405 454 1415 474 ⁵
1435 439 1529 472 cuius
1539 438 1582 472 est
1604 449 1746 475 euertere
1757 445 1918 489 quicquid

86 482 240 517 homines
250 480 477 514 iudicauerint.
590 501 598 516 ι
640 500 656 514 ς.

836 560 1025 611 JCAP.
1077 552 1186 602 xi.v

86 688 89 692 .
196 665 328 710 Tinaem
338 656 534 721 tdieraffltis
542 661 769 721 mopaeulisper
774 658 813 705 in
821 663 1014 719 insipientia
1028 674 1116 706 mea:
1127 663 1196 705 imb
1206 657 1451 723 edamfhffim·
1460 684 1528 714 me,

122 672 157 770 'v'
254 737 275 761 2
332 729 435 771 Ram
448 718 698 779 zddtypusfhm
707 735 784 776 erga
793 736 860 761 vos
869 725 938 761 Dei
950 720 1041 781 zelo.
1065 722 1220 762 adiunxi
1232 727 1326 763 enim
1337 738 1404 763 vos
1414 731 1482 766 vni
1493 728 1572 765 viro
1581 756 1593 773 ‚
1615 728 1667 765 ad
1675 718 1912 774 exhibendam

80 783 253 838 virginem
263 779 384 830 castam
394 774 539 818 chriffo'.
609 787 642 821 qs
907 784 909 787 ·

23 855 27 858 ”
135 853 148 886 3
205 835 275 876 Sed
282 842 389 875 metuo
398 833 592 889 nequafia't',
603 832 1093 892 thuemadmodumse‘rpens
1103 843 1215 875 Euam
1226 834 1356 892 decepit
1365 835 1585 892 verfitti‘asua
1602 856 1610 878 :
1621 843 1671 882 ila
1684 842 1915 902 corrnmpc'itur

71 891 191 949 sensus
201 890 305 944 vssri
319 880 556 945 dfiinpliziiiate
567 903 640 943 quse
650 889 742 942 estin
753 889 895 942 Christo.

8 949 27 960 ”·
135 965 161 1001 4
210 955 320 997 εἉριηι
345 953 369 970 “
382 949 416 1002 st
430 953 461 987 is
473 950 536 1000 qui
556 958 660 985 vemt
676 975 687 992 ‚
708 945 815 984 alium
823 945 928 998 Ieficm
939 947 1100 1002 predicat
1107 961 1212 1002 quem
1223 948 1556 1003 nonpraedicauimus
1570 964 1582 986 .·
1605 963 1670 992 aut
1666 953 1703 1007 fi
1711 955 1816 995 alium
1838 961 1914 1011 Spi-
1931 967 2121 1011 “Vel,fiqufz‘n

7 988 31 1053 ‘l
76 1009 180 1044 ritum
198 1006 346 1059 accipitis
363 1033 374 1049 ‚
397 1017 498 1058 quem
526 1017 598 1042 non
613 1001 776 1057 accepistis
795 1020 804 1042 :
829 1013 892 1043 aut
906 1004 1132 1060 Euangelium
1149 1003 1251 1043 aliud
1262 1033 1272 1050 ,
1298 1005 1396 1058 quod
1403 1019 1474 1045 non
1492 1009 1654 1066 accepistis
1671 1040 1683 1056 ‚
1705 1012 1795 1052 reci&
1804 1010 1912 1068 suftj-
1929 1009 2007 1048 ”semi
2072 1010 2081 1013 ”
2103 1008 2107 1011 ’

5 1063 33 1089 '²
73 1064 137 1101 nui
162 1065 236 1102 etis.
1163 1074 1165 1076 ·

80 1116 85 1161 s
127 1061 174 1169 §ff
203 1114 388 1156 (Arbitror
396 1117 489 1154 enim
497 1127 551 1151 me
561 1112 673 1154 nihilo
683 1113 874 1167 inferiorem
876 1114 978 1169 futffie
988 1117 1133 1154 eximiis
1140 1116 1347 1172 tApostolis.
1655 1156 1662 1163 ,
1745 1148 1748 1155 ,

8 1197 28 1210 ,,
43 1205 47 1217 ‚
78 1170 83 1176 '
137 1181 161 1212 6
217 1171 382 1211 Caetericm
391 1172 468 1211 licet
475 1168 873 1226 imperitusfimsirmone
880 1199 892 1217 ,
903 1187 975 1210 non
986 1181 1104 1211 tamen
1103 1167 1248 1225 sc'ieniia
1259 1183 1272 1214 .“·
1282 1170 1405 1212 νενιὶνη
1414 1170 1543 1228 vbiqtie
1553 1177 1857 1234 manifssifhimns
1869 1187 1908 1225 in'

0 1212 232 1280 jtffffs‘vmnibns
241 1243 318 1284 erga
326 1242 404 1267 vos.
1748 1262 1751 1265 ,

121 1318 136 1341 1
184 1308 315 1340 Vtinam
324 1303 532 1349 toleraffi’tis.)v
573 1304 749 1348 Qoniam
760 1303 891 1338 videbat
901 1315 1077 1352 occupatas
1098 1304 1206 1339 adhuc
1215 1304 1275 1339 eise
1286 1319 1323 1340 ex
1340 1318 1431 1354 parte
1442 1309 1702 1347 Corinthiorum
1713 1326 1806 1349 aures
1814 1340 1823 1354 ‚
1843 1315 1912 1352 alid

74 1353 217 1404 artificio
228 1357 311 1389 vtitu
319 1367 339 1386 s:
351 1366 425 1387 nam
437 1353 476 1386 ad
489 1362 604 1385 votum
616 1350 645 1385 se
655 1355 833 1386 conuertit:
846 1354 1128 1399 quemadmodum
1139 1352 1265 1387 faciunt
1275 1358 1333 1400 qui
1343 1356 1454 1402 aperte
1465 1369 1536 1391 non
1545 1360 1641 1393 audet
1650 1372 1774 1408 rogare.
1786 1365 1910 1400 Verum

0 1409 26 1445 ,ξ’
73 1404 183 1439 statim
193 1401 282 1450 quasi
292 1401 431 1436 collecta
441 1399 570 1440 fiducia,
578 1411 671 1447 rogat
682 1399 905 1435 nihilominus
915 1413 949 1435 vt
957 1399 1046 1436 suam
1056 1400 1278 1449 insipientiam
1289 1400 1443 1447 sufferant
1453 1405 1837 1457 Corinthiifflstptentiam
1847 1423 1911 1447 vo-

9 1448 20 1482 ἰ
73 1463 127 1486 cat
136 1450 354 1498 magnificum
367 1449 502 1483 laudum
512 1446 640 1482 sii-atum
650 1451 959 1496 praeconium,quod
971 1450 1206 1496 sequetur:non
1217 1453 1295 1496 quia
1306 1452 1462 1498 ineptiret
1472 1453 1738 1499 gloriandoznai'n
1752 1463 1784 1492 Se
1797 1461 1909 1495 neces-

3 1493 27 1543 ..⁹
74 1500 166 1535 snare
186 1499 366 1546 cogebatur
375 1523 385 1538 ‚
404 1502 437 1532 ὃς
458 1497 516 1531 fibi
535 1498 580 1530 ita
589 1495 790 1544 temperabat
799 1520 809 1534 ‚
830 1510 871 1531 ne
882 1499 1001 1532 merito
1012 1496 1115 1546 polset
1125 1499 1263 1532 iudicari
1280 1500 1494 1534 immodicus.
1515 1500 1565 1535 sed
1576 1506 1656 1549 quia
1673 1507 1787 1552 putida
1806 1520 1853 1542 res
1864 1511 1908 1544 est

0 1567 18 1609 ἱ
73 1547 145 1584 suas
155 1547 265 1582 laudes
277 1548 502 1596 praedicare,&
518 1543 557 1578 ab
568 1545 707 1578 homine
718 1546 865 1579 modesto
875 1545 981 1580 aliena
991 1569 1000 1583 ‚
1010 1559 1068 1594 per
1077 1544 1322 1581 conceffionem
1334 1547 1495 1594 loquitur.
1515 1550 1579 1584 Vbi
1592 1553 1858 1600 reddidifitfferte,
1871 1560 1908 1593 in

12 1594 28 1609 '¹
75 1597 180 1633 modo
191 1598 406 1643 imperat-ino,
423 1591 678 1638 Chrysostomus
695 1591 891 1628 affirmatiue
911 1598 1058 1642 exponit.
1084 1597 1124 1629 Er
1133 1597 1218 1630 certe
1231 1598 1342 1631 Gtaeca
1364 1610 1429 1631 vox
1442 1598 1631 1647 estanceps‚
1656 1606 1689 1635 ὃ(
1701 1601 1808 1637 sensus
1821 1616 1908 1639 vter—

77 1659 143 1692 que
160 1644 232 1679 satis
252 1645 418 1690 congruit.
452 1641 575 1675 Verum
595 1644 757 1688 quoniam
778 1639 921 1682 rationes
942 1656 1022 1690 quas
1043 1642 1175 1677 subiicit
1192 1668 1202 1681 ‚
1220 1644 1286 1678 huc
1298 1646 1439 1679 tendunt
1448 1672 1458 1686 ‚
1476 1659 1517 1680 ne
1528 1650 1705 1684 molestum
1723 1650 1761 1685 fit
1782 1652 1910 1687 Corin·-

72 1694 152 1728 thiis
163 1706 240 1728 eum
250 1690 376 1727 sufferre
388 1704 395 1724 ι
407 1694 440 1724 &
451 1692 571 1724 iterum
580 1690 691 1737 postea
700 1702 777 1724 cum
791 1690 856 1724 illis
867 1692 1191 1739 expostulabit,quod
1205 1691 1262 1726 fibi
1272 1691 1359 1726 nihil
1370 1695 1569 1729 concedant:
1584 1694 1740 1743 sequutus
1750 1696 1820 1734 sum
1845 1704 1909 1735 Ve-

67 1753 174 1776 terem
186 1744 407 1788 interpretem.
421 1739 586 1775 Dicenclo,
594 1740 628 1772 ‘V
631 1741 736 1773 tinam
746 1763 757 1777 ,
766 1738 912 1774 diffidere
921 1740 1006 1775 visus
1015 1739 1128 1775 fuerat:
1137 1753 1229 1775 nunc
1239 1740 1328 1787 quasi
1338 1741 1585 1778 dubitationem
1594 1749 1763 1794 corrigens
1774 1771 1785 1785 ,
1795 1749 1908 1797 aperte

75 1794 111 1825 &
126 1790 227 1825 libere
238 1790 396 1837 praecipit.
1709 1803 1712 1807 ,

114 1851 131 1872 2
182 1839 221 1872 N
223 1850 273 1872 am
282 1835 525 1885 zelotypnsficin.)
574 1837 623 1869 En
634 1847 691 1869 cur
702 1835 927 1883 defipiattnam
937 1836 1114 1872 hominem
1125 1836 1291 1885 zelotypia
1301 1837 1390 1885 quafi
1401 1838 1619 1875 transuersum
1634 1845 1728 1889 rapit:
1741 1845 1802 1883 acsi
1814 1846 1906 1882 dice*

68 1897 128 1924 ret,
139 1886 255 1921 Nolite
263 1887 281 1920 a
292 1896 344 1920 me
357 1887 521 1932 requirere
529 1883 786 1931 aequabilitatern
798 1884 946 1920 hominis
957 1888 1071 1932 quieti,
1086 1886 1250 1932 nulldque
1260 1885 1380 1922 affectu
1391 1890 1531 1922 incitati:
1543 1890 1855 1929 vehementia·en1'1n
1865 1901 1906 1931 ze

67 1934 201 1983 lotypiae
212 1948 277 1982 qua
287 1947 360 1982 erga
367 1947 428 1968 vos
437 1934 547 1970 ardeo,
557 1946 627 1967 non
638 1931 714 1967 finit
724 1946 777 1967 me
786 1935 937 1980 quietum
949 1933 1018 1969 effe.
1030 1935 1150 1969 Verum
1163 1938 1324 1982 quoniam
1335 1935 1456 1983 duplex
1467 1938 1509 1970 est
1523 1938 1768 1986 zelotypimvna
1779 1955 1850 1988 quae
1861 1943 1902 1984 ab

67 1995 180 2018 amore
195 1983 296 2018 nostri
309 1980 536 2030 proficiscitur,
547 1994 619 2027 quae
631 1980 746 2015 vitiosa
758 1982 800 2015 est
810 1994 846 2016 ac
859 1982 1014 2030 peruersa:
1025 1983 1124 2017 altera
1133 1994 1244 2017 autem
1255 1996 1354 2029 quam
1370 1997 1432 2031 pro
1446 1986 1521 2019 Deo
1532 1985 1724 2034 suscipimus
1733 2016 1743 2029 ,
1758 1986 1902 2036 speciem

68 2032 134 2066 zeli
150 2029 197 2066 sui
207 2034 370 2079 exprimit:
381 2030 478 2065 multi
488 2033 577 2064 enim
590 2029 735 2077 zelotypi
745 2027 830 2071 sunt,
841 2029 893 2064 sed
904 2030 961 2066 fibi
973 2044 1044 2065 non
1053 2034 1137 2066 Deo:
1154 2029 1209 2064 ille
1219 2043 1330 2066 autem
1341 2034 1478 2067 demum
1488 2036 1563 2080 pius
1573 2046 1609 2068 ac
1619 2038 1726 2069 restus
1739 2038 1780 2070 est
1791 2039 1894 2077 zelus5

69 2085 126 2127 qui
139 2082 249 2114 Deum
263 2079 390 2127 respicit
399 2103 408 2117 ,
432 2092 473 2112 ne
484 2078 638 2126 legitimo
649 2077 707 2112 suo
726 2078 853 2112 honore
865 2077 1039 2113 fraudetur.
1089 2078 1239 2114 Adiunxi
1249 2083 1328 2112 em‘m
1337 2093 1394 2113 vos
1404 2093 1462 2114 vm
1469 2085 1545 2114 viro.
1595 2083 1714 2117 Probat
1724 2086 1741 2118 a
1752 2083 1817 2120 fine
1839 2086 1902 2121 suae

67 2129 308 2177 praedicationis
318 2128 415 2162 talem
428 2127 486 2160 fibi
497 2125 556 2161 else
564 2125 775 2174 zelotypiam.
786 2126 850 2161 huc
861 2130 950 2162 enim
961 2126 1115 2162 tendebat
1125 2139 1159 2161 vt
1169 2128 1304 2162 Christo
1320 2142 1375 2162 eos
1386 2129 1548 2163 addiceret
1558 2132 1591 2163 in
1603 2135 1850 2179 coniugiurm&
1864 2137 1900 2169 in

66 2180 136 2211 cius
146 2179 388 2211 coniumstione
398 2178 560 2209 retineret.
571 2176 734 2209 Caeterum
746 2174 801 2209 hic
811 2174 908 2209 nobis
919 2177 1259 2223 depingitimaginem
1271 2176 1367 2223 probi
1377 2178 1523 2210 Ministri
1533 2180 1568 2211 in
1584 2176 1635 2212 sua
1647 2182 1901 2229 perlona:liqui-

66 2224 140 2259 dem
149 2238 234 2259 vnus
245 2226 287 2259 cst
297 2223 432 2272 sponsus
441 2222 586 2258 Ecclefiae
595 2222 699 2258 Filius
709 2225 787 2257 Dei:
797 2225 941 2257 Ministti
951 2237 1068 2258 omnes
1078 2227 1176 2258 amici
1185 2224 1300 2271 Sponfi
1312 2224 1397 2259 sunt:
1411 2227 1697 2271 quemadmodum
1710 2231 1850 2276 Baptista
1861 2232 1901 2265 de

71 2271 101 2307 se
111 2273 251 2308 testatur:
261 2285 370 2308 curare
386 2274 488 2320 igitur
498 2271 617 2306 debent
628 2284 745 2319 ornnes
755 2282 790 2305 vt
801 2270 877 2306 fides
887 2271 964 2306 sacri
974 2275 1126 2319 coniugii
1143 2272 1229 2306 salua
1241 2277 1274 2306 δε
1285 2273 1413 2307 illibata
1423 2284 1562 2308 maneat.
1582 2276 1618 2308 Id
1627 2275 1730 2310 facere
1741 2284 1899 2324 nequeuti
1917 2283 1919 2286 ’

66 2319 130 2357 nifi
141 2319 245 2369 sponfi
256 2319 408 2356 ast'estum
418 2320 567 2355 induant.
586 2330 620 2353 vt
630 2333 701 2353 non
713 2317 801 2354 secus
812 2332 849 2354 ac
862 2323 997 2354 maritus
1007 2322 1045 2355 de
1055 2323 1164 2354 vxotis
1175 2319 1233 2354 suae
1244 2322 1404 2358 castitate,
1426 2321 1647 2369 vnusquisque
1658 2337 1773 2359 eorum
1785 2328 1823 2360 de
1839 2329 1902 2361 Ec-

67 2368 169 2404 clefiae
179 2372 318 2416 puritate
328 2368 363 2403 sit
374 2368 531 2403 solicitus.
544 2366 681 2402 Facessat
690 2366 746 2410 hic
757 2367 859 2414 frigus
873 2372 907 2403 ὅ(
919 2371 1061 2416 ignauia:
1075 2381 1152 2402 narn
1164 2371 1223 2416 qui
1233 2367 1370 2416 frigidus
1380 2369 1612 2416 est,1muquam
1623 2375 1682 2406 crit
1691 2375 1732 2406 ad
1741 2374 1807 2408 hoc
1820 2373 1900 2409 offi-

67 2420 159 2452 cium
172 2418 320 2452 idoneus:
332 2416 381 2451 scd
391 2428 526 2452 caueant
537 2419 659 2450 interea
669 2429 710 2450 ne
719 2414 812 2450 suum
821 2416 880 2464 ipfi
892 2419 1065 2464 negotium
1076 2428 1174 2463 agant
1185 2419 1295 2464 potius
1307 2419 1407 2464 quam
1422 2419 1556 2452 Christi:
1571 2433 1611 2454 ne
1627 2418 1656 2454 se
1668 2424 1736 2455 eius
1748 2422 1825 2457 loco
1836 2423 1901 2458 ob-
1930 2458 1937 2468 ,

68 2467 212 2501 trudant:
225 2466 354 2500 nedum
365 2468 433 2500 eius
442 2465 686 2512 paranymphos
695 2463 723 2498 se
735 2462 795 2498 effe
805 2463 957 2499 simulant
970 2492 981 2506 ‚
994 2463 1144 2512 sponsam
1157 2467 1193 2499 in
1203 2478 1351 2500 amorem
1368 2465 1414 2500 sni
1431 2466 1630 2514 pelliciendo
1641 2492 1650 2506 ‚
1670 2481 1780 2504 reuera
1791 2471 1853 2505 lint
1862 2485 1898 2505 a-

66 2513 196 2549 dulteri.
244 2512 303 2549 Ad
311 2517 456 2561 virginera
465 2512 583 2551 castam.
633 2513 714 2547 Non
725 2512 786 2546 alia
796 2513 994 2547 conditione
1004 2513 1137 2547 Christo
1157 2512 1315 2548 nubimus
1325 2538 1336 2553 ‚
1354 2514 1412 2548 nisi
1435 2518 1661 2562 virginitatem
1681 2516 1900 2555 affer-amusim

67 2563 180 2597 dotem
191 2589 201 2604 ,
221 2565 254 2597 ὃς
266 2575 337 2596 eam
348 2560 579 2596 conseruemus
592 2573 755 2608 integram
764 2560 804 2595 ab
813 2564 909 2595 omni
920 2561 1113 2608 corruptela.
1134 2564 1247 2609 Itaque
1257 2562 1324 2596 hoc
1333 2560 1486 2597 officium
1498 2565 1542 2597 est
1555 2558 1902 2603 ministrorum-Euan-

67 2610 157 2658 gelii‚
168 2610 339 2659 purificare
348 2614 474 2644 animas
485 2611 621 2646 nostras,
631 2621 665 2642 vt
676 2608 738 2643 sint
746 2610 872 2656 pudicae
881 2607 1005 2644 Christi
1015 2608 1135 2657 sponsae
1149 2609 1243 2644 :alias
1255 2610 1341 2644 nihil
1356 2610 1517 2645 efficiunt.
1529 2610 1701 2648 Poffiimus
1715 2627 1825 2649 autem
1845 2619 1908 2650 in-v

38 2670 42 2674 ·
66 2658 211 2712 telligere
221 2659 313 2706 qnbd
321 2658 441 2706 finguli
459 2659 488 2692 se
501 2658 676 2692 exhibeant
686 2658 783 2692 castas
793 2660 937 2704 virgines
946 2681 957 2695 ‚
980 2657 1032 2691 vel
1044 2659 1190 2692 minister
1199 2658 1349 2692 exhibeat
1359 2671 1472 2693 torum
1483 2660 1649 2707 populum
1659 2688 1669 2702 ‚
1691 2667 1726 2697 &
1737 2662 1852 2698 offerat
1864 2667 1901 2700 iri

67 2710 282 2756 conipe&um
292 2708 425 2741 Christi.
438 2709 513 2740 Hoc
522 2706 699 2741 secundum
713 2708 816 2752 magis
828 2706 945 2753 placet:
958 2706 1032 2740 ideo
1043 2705 1136 2740 aliter
1146 2709 1231 2740 verti
1242 2708 1342 2753 quam
1353 2707 1516 2742 Erasmus.

116 2766 131 2800 3
178 2754 345 2798 Sedmetuo
362 2758 484 2800 nequa.)
524 2757 646 2801 Incipit
655 2765 818 2800 exponere
827 2753 933 2800 qualis
944 2753 1000 2788 illa
1009 2753 1046 2788 fit
1056 2756 1227 2801 virginitas
1238 2757 1331 2789 cuius
1344 2759 1510 2790 meminit:
1521 2769 1641 2805 nempe
1651 2769 1686 2792 vt
1698 2761 1755 2793 vni
1766 2760 1901 2794 Christo

69 2801 188 2837 sincere
197 2803 414 2838 adhaeteamus
425 2814 498 2837 toto
509 2805 624 2836 animo
648 2801 792 2836 Postulat
810 2803 946 2849 quidem
955 2801 1080 2849 vbique
1096 2804 1187 2836 Deus
1199 2804 1216 2836 ὲ
1226 2802 1324 2836 nobis
1339 2815 1371 2837 vt
1399 2801 1507 2838 secum
1520 2804 1618 2839 firnus
1639 2819 1777 2854 corpore
1789 2813 1821 2842 &
1836 2808 1900 2855 spi—

68 2853 132 2884 ritu
143 2855 326 2887 coniumffi:
339 2856 373 2886 &
386 2853 500 2885 Deum
517 2850 546 2885 se
557 2850 617 2884 else
626 2849 769 2884 zelotem
781 2851 964 2888 denuntiat,
978 2853 1038 2897 qui
1048 2853 1205 2885 iniuriam
1217 2849 1305 2885 suam
1330 2850 1524 2886 seuerissime
1540 2853 1710 2889 vlciscarur
1721 2877 1737 2893 ‚2
1749 2855 1846 2901 siquis
1859 2855 1899 2888 ab

70 2911 111 2932 eo
123 2897 151 2932 se
161 2897 322 2934 subducat.
330 2901 452 2934 Verum
464 2901 662 2934 coniunstio
672 2899 740 2933 haec
751 2901 785 2932 in
798 2898 931 2933 Christo
942 2899 1108 2944 impletur:
1119 2897 1211 2932 sicuti
1220 2900 1339 2933 Paulus
1349 2897 1444 2933 docei
1454 2901 1493 2934 ad
1503 2901 1661 2949 Ephelios
1673 2898 1743 2951 cap.
1755 2915 1780 2948 5.
1794 2904 1899 2936 Mod&

69 2947 170 2994 porri>
181 2950 216 2981 in
227 2948 391 2996 prasentia
400 2948 551 2985 declarat,
564 2960 670 2992 quum
682 2949 716 2980 in
727 2959 809 2994 pura
817 2947 992 2994 Euangelii
1003 2946 1210 2994 simplicitate
1222 2960 1406 2982 manemus:
1420 2962 1497 2982 nam
1509 2949 1602 2983 sicuti
1615 2953 1648 2984 in
1660 2950 1894 2984 contrahendis

68 2996 289 3030 matrimoniis
299 2996 491 3030 humanitus
501 2994 727 3030 conficiuntur
737 2994 864 3029 tabulae:
876 2998 921 3029 ita
931 2995 1097 3043 spirituale
1105 2998 1189 3029 inter
1200 3008 1261 3030 nos
1273 3000 1307 3029 Sc
1321 2995 1443 3030 Filium
1454 2999 1521 3034 Dei
1531 3001 1728 3045 coniugium
1740 3000 1899 3044 Euange-

13 3079 17 3083 ,
68 3041 117 3076 lio
127 3053 284 3088 tanquam
293 3043 423 3082 tabulis,
440 3044 601 3079 sancitum
613 3044 666 3077 est.
678 3040 801 3080 Fidem,
812 3042 1198 3086 amoremmbedientiam
1209 3055 1311 3089 quam
1321 3044 1390 3079 illic
1401 3045 1572 3092 stipulatur
1582 3047 1598 3079 ὲ
1609 3045 1896 3082 ηοὴίςᾼέῑιιειῃιιεε

66 3089 135 3138 ipse
146 3101 263 3124 mutuo
275 3091 371 3126 nobis
381 3091 485 3126 fidelis
497 3095 566 3126 erit.
582 3094 679 3126 Dicit
688 3102 796 3125 autern
807 3090 926 3126 Paulus
938 3090 968 3125 se
978 3089 1038 3125 effe
1047 3094 1182 3125 anxium
1194 3114 1204 3127 ‚
1223 3105 1264 3125 ne
1275 3092 1532 3140 eorrumpantut
1550 3105 1675 3127 mentes
1691 3093 1894 3127 Corinthio-

66 3149 145 3172 rum
155 3140 173 3172 a
183 3137 386 3186 simplicitate
403 3154 475 3187 quae
486 3143 522 3174 in
533 3140 666 3175 Christo
682 3138 737 3172 est.
750 3149 754 3153 ”
781 3138 895 3174 Graece
907 3141 1040 3186 quidem
1052 3140 1130 3173 dicit
1142 3139 1260 3173 Paulus
1279 3141 1315 3173 εἷς
1328 3142 1419 3183 χριςῖν
1429 3164 1438 3177 ,
1463 3154 1523 3187 pro
1534 3154 1602 3186 quo
1612 3140 1761 3174 Erasmus
1779 3143 1896 3181 vertit3

68 3188 153 3234 Erga
164 3186 333 3221 Christum
341 3201 351 3221 ι
371 3186 421 3222 sed
431 3191 567 3236 propius
578 3189 616 3222 ad
627 3186 720 3222 Pauli
733 3189 900 3229 mentem(
913 3188 1124 3222 meoiudicio
1136 3190 1146 3230 )
1158 3185 1285 3222 acceffit
1298 3191 1398 3223 Vetus
1409 3192 1567 3235 interpres
1578 3202 1585 3221 :
1610 3191 1686 3234 quia
1698 3187 1870 3235 {implicita
1881 3203 1894 3224 s

67 3236 106 3269 in
117 3232 251 3269 Christo
261 3246 394 3269 vocatur
413 3249 483 3282 quae
494 3250 554 3271 nos
565 3239 600 3270 in
610 3237 754 3284 genuina
766 3239 798 3269 δε
814 3235 932 3269 sincera
952 3234 1126 3282 Euangelii
1144 3236 1295 3270 doctrina
1307 3239 1459 3271 continet
1468 3262 1478 3275 ‚
1499 3248 1558 3269 nec
1570 3236 1765 3270 aduenritias
1776 3249 1892 3271 corru-

68 3282 171 3331 ptelas
180 3283 336 3317 admittit.
354 3295 422 3329 quo
434 3283 592 3331 fignificat
600 3283 772 3319 adulterari
784 3295 921 3324 mentes,
936 3283 1132 3330 simulatque
1143 3284 1194 3318 vel
1206 3286 1387 3318 minimum
1399 3285 1416 3316 ὲ
1428 3295 1509 3330 pura
1519 3283 1642 3317 Christi
1663 3284 1814 3319 doustrina
1823 3285 1892 3320 huc

69 3330 210 3380 veljlluc
219 3329 414 3365 deflectunt:
438 3335 471 3366 δε
482 3333 612 3367 merito.
634 3334 721 3379 Qis
732 3334 821 3366 enim
833 3343 1019 3366 matronam
1039 3325 1234 3378 simulatque
1243 3331 1360 3366 lenoni
1377 3329 1468 3365 aures
1477 3331 1709 3365 accommodat
1718 3358 1728 3372 ,
1753 3345 1822 3366 non
1833 3333 1890 3367 da-

70 3390 160 3414 mnet
176 3379 392 3428 impudicitiae
411 3383 428 3414 ,Ρ
442 3381 487 3414 ita
500 3383 535 3415 &
545 3393 606 3415 nos
617 3392 724 3428 quum
741 3381 864 3427 impios
876 3384 910 3415 &
938 3379 1033 3417 falsos
1044 3381 1196 3415 doctores
1207 3379 1414 3414 admittimus
1424 3404 1434 3419 ,
1447 3381 1504 3425 qui
1516 3380 1638 3417 Satanae
1647 3376 1721 3415 sunt
1740 3379 1892 3425 lenones,
