2268 3705
7 1634 9 1637 ·
64 1614 185 1653 valeat,
196 1617 232 1649 ni

500 90 1536 147 ADCORI-NTH·CAP·X11-
1875 108 1938 158 295

85 163 250 204 liberatio,
261 173 435 210 nunquam
444 160 608 209 repulsam
619 158 693 195 esset
703 159 821 208 passus.
841 158 964 196 Verum
974 160 1053 196 ihde
1060 159 1152 243 [Ῥω
1162 160 1312 205 'vide-tur,
1325 163 1464 200 Paulum
1476 179 1687 215 nequaquam
1698 184 1735 207 ex
1744 170 1809 208 fide
1818 176 1931 216 orasse,

83 212 146 249 nisi
156 213 298 248 velimus
310 213 413 245 irritas
431 206 535 244 facere
553 221 671 244 omnes
682 209 750 243 Dei
760 207 1014 257 promiffiones:
1032 222 1075 258 pa
1100 223 1148 245 im
1160 211 1314 247 audimus
1330 215 1366 248 in
1375 215 1540 261 Scriptura
1550 240 1561 253 ‚
1572 229 1634 251 nos
1645 222 1804 268 quicquid
1815 237 1851 258 ex
1864 223 1930 261 fide

81 264 286 311 petierimus,
302 262 546 306 impetraturos:
558 256 677 292 Paulus
689 268 771 294 orat,
781 270 891 304 neque
900 258 1265 308 obtinet2Respondeo‚
1273 260 1367 296 licuti
1376 264 1509 309 petendi
1519 267 1602 299 ratio
1613 271 1654 299 clt
1666 268 1846 307 diuersa,fic
1858 274 1928 309 duo

85 309 145 346 else
154 322 272 358 genera
282 307 491 355 impetrandi.
515 307 661 340 Petimus
675 304 864 353 simpliciter
873 306 914 340 de
932 306 1056 354 quibus
1066 312 1189 343 certam
1199 309 1360 344 habemus
1370 310 1622 358 promiffionem
1632 337 1643 351 ‚
1665 317 1775 361 qualia
1789 318 1862 354 sunt
1874 334 1926 357 rea-

82 362 144 408 gni
152 360 219 393 Dei
229 358 531 404 complementum,
544 359 577 389 &
590 352 808 389 sanctificatio
819 356 971 389 nominis
981 358 1062 393 cius,
1075 355 1220 392 remiffio
1231 370 1444 406 peccatorum
1455 363 1488 394 ὅ(
1500 363 1661 408 quicquid
1673 364 1771 399 nobis
1784 367 1826 400 est
1839 368 1924 404 lalu-

81 418 158 444 tare.
169 405 283 442 verum
292 405 372 439 dum
385 402 450 437 hoc
460 401 512 436 vel
522 401 582 436 illo
593 403 697 436 modo
709 414 864 449 putamus
874 414 1016 450 regnum
1027 405 1091 438 Dei
1100 404 1201 453 poll'e,
1213 407 1283 446 imo
1294 407 1411 442 debere
1420 413 1613 456 promoueri
1627 411 1711 446 :hoc
1725 412 1775 447 vel
1787 414 1869 450 illud
1880 418 1920 453 ad

79 453 352 492 sanctificandum
363 454 432 486 eius
442 463 570 485 nomen
589 450 649 484 else
659 449 884 488 ncceffiirium,
893 450 973 499 saepe
985 454 1150 499 opinione
1158 452 1316 489 fallimur.
1329 456 1490 491 Similiter
1501 459 1591 504 quod
1601 460 1640 492 ad
1661 458 1798 495 salutem
1810 465 1920 501 nostri

77 506 211 552 spectat,
224 499 304 549 saepe
318 499 575 536 lrallucinamur‚
585 497 694 533 secure
702 501 804 546 igitur
817 503 852 534 ὅ(
861 498 980 546 absque
990 503 1184 548 exceptione
1193 506 1304 550 priora
1313 503 1370 539 illa
1380 507 1537 551 petimus,
1543 507 1681 542 modum
1693 508 1771 543 vero
1781 501 1919 558 prescri-

67 552 164 596 bere,
180 551 331 585 nostrum
341 561 412 582 non
422 547 477 582 esta
488 548 580 595 quod
590 546 612 582 fi
624 548 764 582 modum
775 550 991 595 exprimimus
1001 574 1012 589 ,
1023 547 1149 596 semper
1161 550 1286 586 inclusa
1296 553 1339 586 est
1347 555 1444 586 tacita
1454 555 1616 590 conditio.
1629 556 1712 591 Non
1722 561 1767 592 ita
1777 559 1878 606 porro
1887 563 1918 595 i—

75 612 198 649 gnarus
207 598 270 634 fuit
280 596 400 631 Paulus
411 607 445 631 vt
455 596 520 631 hoc
529 596 688 630 nescierit.
714 597 853 643 proinde
864 596 955 643 quod
963 597 1002 630 ad
1012 595 1114 631 finem
1121 595 1182 633 suae
1193 602 1392 646 precationis
1402 623 1412 638 ‚
1423 614 1494 637 non
1503 602 1644 638 dubium
1655 608 1738 652 quin
1750 606 1848 642 ἔμειξε
1860 621 1918 642 ex-

72 649 205 684 auditus
220 671 230 686 ,
239 644 366 680 tametfi
377 643 539 693 repulsam
550 642 654 692 pallus
667 644 757 678 estin
770 644 836 691 ipsa
847 644 966 679 forma.
983 645 1069 679 vnde
1078 645 1298 682 admonemur
1307 662 1378 683 non
1388 647 1658 696 despondendum
1669 652 1729 688 esse
1747 657 1916 697 animum,

76 695 166 745 quali
177 707 311 744 operam
321 693 559 743 perdiderimus
569 692 708 732 orando,
717 691 774 726 vbi
785 705 855 726 non
864 690 1014 727 satisfacit
1022 695 1113 728 Deus
1122 706 1178 729 aut
1188 693 1379 742 obsequitur
1390 700 1477 731 votis
1487 698 1607 734 nostris
1620 724 1631 738 ‚
1644 700 1695 736 sed
1707 702 1805 738 nobis
1815 704 1916 740 debe-

74 758 108 781 re
118 742 264 780 sufficere
274 745 343 778 eius
354 744 505 790 gratiam,
515 740 582 776 hoc
591 740 646 779 est,
657 740 749 786 quod
760 739 799 774 ab
810 739 881 788 ipso
892 754 963 776 non
972 739 1165 778 deseramur.
1175 745 1255 778 Haec
1265 747 1355 779 enim
1368 747 1453 779 ratio
1462 748 1506 780 est
1517 750 1575 781 cur
1596 749 1850 788 misericorditer
1860 756 1915 788 in-

71 794 203 830 terdum
220 791 282 827 suis
295 802 392 839 neget
411 789 502 837 quod
511 791 625 837 impiis
642 791 742 823 iratus
754 790 924 827 concedit,
951 792 1029 837 quia
1040 789 1159 830 melius
1171 790 1239 840 ipse
1250 794 1404 840 prouidet
1415 794 1497 842 quid
1507 794 1606 830 nobis
1617 799 1765 846 expediat
1774 823 1786 839 ‚
1808 803 1913 849 quani

75 855 171 880 mens
182 841 292 877 nostra
300 837 534 887 apprehendat.
1884 888 1887 890 Ι

122 901 146 935 9
195 891 294 924 Dixit
302 887 399 930 mihi.)
413 884 424 894 '
451 883 644 920 Oraculc'me
655 884 807 920 habuerit
815 885 882 920 hoc
894 884 1264 934 responsum‚incertum
1277 889 1331 930 est,
1346 902 1454 936 neque
1463 904 1666 940 magnopere
1681 895 1786 931 refert.
1797 899 1910 945 Siqui'·

73 940 151 974 dem
162 935 336 985 respondet
346 934 443 970 nobis
452 935 560 971 Deus,
572 946 678 980 quum
690 936 707 967 5
710 937 813 982 piritu
823 932 881 969 suo
893 937 981 969 intus
991 949 1054 970 nos
1063 935 1288 975 confirmae&
1298 936 1528 975 consolatione
1537 940 1593 975 sua
1606 939 1758 978 sustentat
1770 959 1811 979 ne
1822 949 1839 980 a
1852 946 1909 995 spe

73 991 110 1024 &
118 987 277 1036 patientia
288 984 486 1019 excidamus.
494 981 587 1016 luber
598 982 737 1016 Paulum
749 981 808 1017 else
817 995 1015 1018 contentum
1027 982 1080 1019 sua
1089 987 1193 1031 gratia
1202 1012 1212 1026 ‚
1223 999 1330 1033 neque
1341 989 1463 1021 interea
1473 987 1643 1036 flagellum
1657 991 1810 1027 recusare.
1823 1007 1903 1030 ervo

72 1035 258 1071 durandum
271 1031 328 1066 sub
338 1031 427 1066 malo
438 1030 684 1079 quantumlibet
693 1031 865 1070 diuturno,
875 1035 954 1078 qnia
961 1033 1111 1080 praeclare
1123 1032 1298 1068 nobiscum
1309 1037 1417 1082 agitur
1426 1058 1436 1073 ‚
1457 1037 1537 1071 dum
1551 1038 1637 1072 adest
1647 1040 1708 1074 Dei
1721 1044 1825 1088 gratia
1835 1024 1908 1090 qliae

62 1079 170 1121 'nobis
179 1080 362 1116 subueniat.
374 1077 585 1114 Vocabulum
595 1081 716 1116 Graue,
725 1079 781 1114 hic
792 1093 863 1114 non
872 1079 1021 1115 fauorem
1032 1083 1096 1116 Dei
1107 1083 1154 1123 [vt
1162 1081 1255 1127 alibi)
1266 1081 1317 1116 sed
1327 1095 1383 1130 per
1394 1089 1813 1131 metonymiam,auxilium
1834 1093 1909 1139 Spi-

52 1170 57 1171 ⁷
69 1124 152 1168 ritus
164 1127 435 1176 sanstifignificar
446 1152 456 1166 ‚
468 1129 557 1174 quod
571 1127 668 1161 nobis
679 1128 696 1161 ὲ
709 1130 854 1175 gratuito
865 1130 930 1163 Dei
941 1128 1054 1164 fa'uore
1065 1133 1231 1177 prouenit.
1248 1129 1392 1166 sufficere
1403 1144 1511 1167 autem
1522 1137 1586 1181 piis
1597 1135 1692 1170 debet
1702 1160 1712 1174 ‚
1724 1141 1802 1184 quia
1813 1138 1910 1175 firma

70 1181 116 1216 est
125 1178 243 1215 &insu
271 1176 398 1213 erabilis
411 1177 534 1213 sutura,
562 1189 603 1210 ne
614 1189 760 1221 vnquam
771 1175 997 1212 succumbant.
1047 1177 1090 1212 N
1091 1191 1141 1212 am
1151 1182 1250 1212 virtus
1259 1191 1337 1213 mea.
1388 1182 1524 1216 Videtur
1534 1182 1835 1221 infirmitas‹⁵nostra
1846 1187 1910 1223 ob·-

5 1240 37 1264 -J
67 1227 195 1264 staculo
209 1232 236 1261 el
252 1241 268 1260 e
278 1228 462 1273 quominus
472 1224 560 1259 suam
573 1237 619 1258 vr:
628 1236 729 1258 turem
739 1227 830 1259 Deus
841 1228 877 1259 in
889 1226 987 1260 nobis
999 1225 1157 1273 perficiat.
1167 1228 1200 1261 id
1209 1241 1279 1263 non
1292 1228 1421 1263 tantum
1431 1242 1529 1277 negat
1540 1232 1726 1271 Paulus‚sed
1739 1234 1755 1268 ἐ
1766 1247 1911 1271 conuer-

70 1276 107 1315 so
116 1274 231 1314 affetu,
241 1287 321 1310 tunc
331 1286 391 1308 rite
402 1275 537 1308 demum
549 1287 569 1320 p
575 1272 661 1307 errici
672 1274 733 1306 Dei
743 1276 899 1308 virtutem
909 1300 920 1315 ‚
931 1287 1036 1320 quum
1048 1274 1224 1309 infirmitas
1234 1277 1343 1310 nostra
1350 1288 1492 1325 apparet.
1507 1281 1598 1326 quod
1609 1292 1642 1314 vt
1653 1281 1769 1317 clarius
1780 1284 1907 1320 intelli²

71 1338 202 1374 gamus,
211 1323 481 1370 distinguendum
502 1322 544 1355 est
555 1324 640 1355 inter
650 1323 714 1355 Dei
726 1324 884 1356 virtutem
895 1325 928 1356 &
945 1323 1100 1357 nostram.
1116 1324 1207 1357 Nam
1220 1326 1255 1357 in
1266 1325 1416 1359 mistione
1426 1328 1502 1360 Mea
1510 1349 1521 1364 ‚
1544 1328 1587 1362 est
1596 1330 1767 1377 emphafis.
1793 1334 1908 1369 Virtug

70 1386 156 1416 mea,
167 1375 280 1420 inquit
289 1374 460 1406 Dominus
473 1371 550 1411 (hoc
562 1371 606 1404 est
616 1382 687 1416 quae
698 1370 879 1404 hominum
890 1372 1072 1418 opitulatur
1082 1374 1223 1418 inopiae,
1243 1385 1314 1418 quae
1326 1385 1382 1407 eos
1394 1372 1553 1422 collapsos
1565 1379 1660 1423 erigit
1673 1382 1707 1412 δε
1717 1378 1908 1417 deficientes

0 1454 3 1462 ,
16 1450 19 1453 .
65 1423 202 1465 recreat)
213 1419 381 1470 perficitur
391 1422 426 1454 in
438 1419 619 1453 hominum
630 1416 833 1456 infirmitate,
843 1419 908 1452 hoc
920 1419 976 1456 est,
991 1422 1159 1453 materiam
1169 1419 1268 1454 habet
1281 1419 1310 1454 se
1320 1423 1469 1456 exerendi
1484 1435 1590 1469 quum
1601 1424 1631 1458 se
1642 1427 1752 1473 prodit
1762 1428 1907 1465 hominii

0 1493 2 1500 .
16 1485 25 1496 ι·
64 1469 256 1510 infirmitas,
268 1482 376 1515 neque
387 1469 420 1502 id
431 1467 545 1504 modo,
560 1467 611 1500 sed
622 1465 699 1500 clari
704 1467 739 1500 us
748 1465 937 1513 agnoscitur
947 1478 981 1501 vt
989 1467 1091 1502 decet.
1115 1468 1206 1502 Nam
1219 1467 1355 1503 verbum
1364 1470 1469 1513 Perficz'
1477 1470 1672 1507 relationem
1684 1473 1782 1510 habet
1790 1477 1829 1511 ad
1838 1477 1906 1512 ho·-

66 1521 202 1554 minum
213 1516 341 1554 sensum
355 1521 388 1551 δέ
401 1517 620 1563 agnitionem:
632 1517 710 1561 quia
719 1528 788 1548 non
799 1514 966 1561 perficitur
975 1515 1035 1549 nisi
1045 1515 1154 1564 palam
1163 1515 1315 1554 reluceat,
1328 1528 1363 1551 vt
1372 1517 1489 1552 habear
1499 1518 1587 1554 suam
1600 1520 1742 1557 laudem.
1758 1524 1850 1559 Nam
1861 1539 1906 1560 ne

64 1567 223 1603 homines
258 1566 369 1600 uidem
380 1577 451 1599 eam
461 1565 591 1611 gustant
600 1586 610 1600 ‚
637 1561 697 1596 nisi
707 1565 798 1609 prius
810 1561 871 1597 suae
879 1561 1074 1599 neceffitatis
1085 1563 1207 1599 fuerint
1217 1567 1379 1600 conuicti:
1393 1570 1426 1600 &
1440 1568 1548 1601 statim
1558 1568 1805 1606 obliuiscuntur
1820 1576 1903 1620 quid

234 1579 387 1649 siaffidue
396 1612 599 1647 infirmitatis
609 1609 670 1644 suae
680 1609 770 1645 sensu
787 1623 1004 1646 exerceantur.
1045 1610 1247 1658 Libentiffim&
1256 1617 1355 1661 ignur.
1380 1615 1459 1648 Haec
1469 1616 1631 1663 posterior
1648 1615 1807 1654 sententia
1817 1633 1903 1656 con·

65 1663 176 1699 firmat
188 1661 429 1710 expolitionem
438 1672 538 1707 quam
548 1659 632 1694 dedi.
658 1657 831 1707 §loriabms
841 1662 963 1707 inquit,
970 1662 1065 1707 staper
1071 1660 1295 1708 infirmitatibus
1303 1665 1389 1700 meis,
1399 1673 1436 1696 vt
1442 1663 1595 1698 inhabitet
1603 1668 1635 1698 in
1644 1678 1691 1700 me
1700 1678 1799 1702 virtus
1810 1671 1835 1702 C
1836 1669 1905 1704 hri-

55 1711 109 1757 sti.
142 1713 229 1761 Ergo
238 1723 339 1758 quem
348 1710 451 1758 pudet
463 1708 563 1743 huius
574 1706 698 1755 gloriae,
713 1712 739 1741 is
751 1710 885 1743 ianuam
897 1709 1020 1743 Christi
1030 1711 1144 1744 virtuti
1153 1709 1328 1748 claudin&
1343 1723 1415 1746 eam
1424 1713 1678 1758 quodammodo
1690 1716 1708 1750 ὲ
1717 1715 1748 1750 se
1758 1717 1902 1765 repellit.

64 1773 149 1796 tunc
159 1762 249 1796 enim
257 1758 372 1794 locum
382 1758 497 1792 damus
507 1756 633 1792 Christi
645 1758 766 1803 gratiae‚
776 1757 857 1791 dum
871 1768 945 1791 vera
954 1759 1059 1792 animi
1069 1756 1283 1793 submiffione
1293 1757 1523 1795 infirmitatem
1535 1762 1682 1799 nostram
1689 1763 1849 1801 sentimus
1864 1770 1902 1802 δε

62 1807 274 1844 confitemur.
283 1805 392 1842 Valles
405 1805 520 1855 pluuia
536 1808 685 1852 rigantur
703 1806 742 1838 ad
753 1803 1004 1840 foecunditatem
1016 1832 1026 1845 ‚
1045 1818 1152 1853 quum
1163 1810 1286 1842 interea
1296 1805 1418 1842 summi
1427 1808 1573 1844 altorum
1583 1814 1752 1848 montium
1765 1817 1903 1851 vertices

61 1856 138 1893 sicci
149 1866 296 1892 manent.
306 1854 400 1890 vallis
413 1867 490 1902 ergo
503 1852 557 1888 fiat
570 1855 627 1900 qui
637 1851 794 1888 caelestem
805 1852 980 1901 spiritualis
990 1855 1055 1889 Dei
1065 1858 1175 1902 gratiae
1183 1855 1335 1904 pluuiam
1345 1856 1419 1891 vult
1432 1855 1601 1906 suscipere.
1612 1861 1724 1902 Addit,
1735 1861 1903 1898 Libentis-

61 1904 153 1944 fime,
163 1916 199 1940 vt
209 1905 356 1940 ostendat
363 1902 394 1938 se
403 1915 498 1938 tanto
508 1905 617 1950 gratiae
627 1902 751 1936 Christi
762 1902 916 1937 desiderio
926 1904 1049 1942 ardere,
1064 1915 1100 1938 vt
1110 1906 1180 1939 eius
1189 1902 1401 1951 adipiscendae
1409 1906 1502 1940 causa
1511 1906 1835 1956 nihilrecuset.Qia
1843 1912 1902 1960 per

61 1953 185 1989 multos
197 1953 347 1987 videmus
358 1954 432 1987 Deo
444 1952 580 1998 quidem
591 1950 714 1991 cedere,
726 1953 804 1997 quia
813 1949 1021 2001 sacrilegium
1030 1963 1187 1988 metuunt
1195 1956 1230 1988 in
1241 1954 1425 2001 appetenda
1435 1957 1503 1990 eius
1513 1955 1707 2003 gloria‚non
1718 1960 1902 2002 tamen-nisi

59 2004 198 2038 inuitos:
211 2001 261 2035 vel
271 2001 354 2036 certe
369 2003 480 2036 minus
490 1998 668 2034 liberaliter
678 2001 780 2046 quam
792 1998 936 2034 decebat.
1238 2037 1242 2038 ⁷
1286 2037 1289 2039 ,
1343 2038 1346 2041 ,
1461 2041 1463 2044 .
1589 2043 1595 2046 -
1786 2012 1789 2013 ’
1833 2046 1835 2048 ¹
1882 2012 1885 2014 ·

109 2064 119 2084 i
127 2061 149 2083 0
199 2050 310 2084 placeo
319 2051 394 2082 mhi
405 2053 436 2082 ‚⁵71
445 2046 693 2094 infirmitatibus.)
745 2048 829 2082 Non
837 2047 977 2083 dubium
987 2049 1031 2083 est
1041 2050 1125 2095 quin
1135 2047 1262 2084 diuerso
1274 2048 1368 2087 seusu
1377 2049 1578 2086 vocabulum
1587 2051 1795 2089 Infirmitatis
1806 2054 1901 2091 vsur-

57 2111 124 2148 pet:
136 2112 214 2134 nam
225 2101 269 2132 ita
279 2101 369 2146 prius
380 2097 577 2132 nominabat
591 2098 793 2144 punstiones
803 2109 884 2143 quas
896 2099 931 2131 in
941 2109 1037 2131 carne
1045 2097 1100 2132 sua
1109 2095 1372 2134 sentiebat.nunc
1386 2110 1483 2134 vocat
1495 2110 1626 2135 externa
1635 2103 1899 2151 accidentia,que'

29 2170 35 2183 κ,
57 2158 291 2194 contemptum
308 2144 450 2180 afferunt
465 2158 577 2180 coram
588 2145 727 2179 mundo.
746 2143 796 2179 sed
807 2145 980 2192 postquam
998 2148 1033 2179 in
1045 2158 1163 2192 genere
1184 2146 1224 2179 de
1237 2146 1485 2190 infirmitatibus
1495 2160 1596 2183 omne
1606 2161 1711 2196 genus
1728 2149 1892 2198 loquutus

55 2196 211 2234 estmunc
221 2196 260 2229 ad
270 2192 412 2242 speciem
423 2194 514 2228 illam
525 2195 617 2228 redit:
630 2195 724 2227 cuius
735 2191 906 2228 occasione
916 2194 955 2228 ad
965 2192 1152 2241 generalem
1163 2193 1260 2229 illum
1271 2194 1456 2231 sermonem
1467 2196 1620 2243 digreffus
1631 2210 1708 2232 erat.
1723 2199 1894 2236 Notemus

57 2255 154 2291 ergo,
167 2242 372 2277 Infirmitatis
383 2256 509 2277 nomen
518 2241 578 2277 effe
586 2241 747 2289 generale:
758 2254 796 2276 ac
815 2240 872 2276 sub
883 2255 924 2276 eo
934 2245 1100 2277 contineri
1109 2254 1176 2277 tarn
1187 2254 1311 2278 natura:
1321 2245 1437 2278 nostrae
1448 2244 1712 2281 imbecillitatem
1722 2273 1732 2286 ,
1743 2249 1844 2294 quam
1855 2262 1895 2283 o-

55 2293 149 2326 mnia
157 2290 354 2326 abiectionis
365 2302 568 2339 argumenta.
579 2289 747 2338 Agebatur
754 2301 867 2324 aurem
876 2291 915 2324 de
926 2302 1057 2325 externa
1067 2290 1161 2325 Pauli
1170 2290 1359 2327 abiectione
1372 2306 1379 2326 :
1399 2292 1532 2339 longius
1543 2297 1720 2340 prouestus
1731 2297 1775 2330 est
1783 2322 1795 2337 ,
1806 2308 1843 2331 vt
1853 2310 1896 2331 o*

22 2374 25 2377 .
55 2340 215 2375 stenderet
224 2338 252 2374 se
264 2340 370 2374 modis
381 2340 540 2375 omnibus
552 2339 721 2373 humiliari
731 2339 748 2372 a
757 2339 924 2375 Domino,
941 2352 1010 2386 quo
1020 2338 1140 2374 melius
1149 2338 1258 2386 gloria
1266 2341 1330 2374 Dei
1341 2343 1376 2375 in
1387 2343 1456 2375 eius
1465 2344 1554 2375 vitiis
1568 2340 1810 2389 splendesceret:
1820 2348 1895 2392 quar

82 2388 308 2422 uodammodo
320 2386 376 2423 sub
386 2389 537 2423 hominis
551 2386 858 2422 altitudinelatet&
872 2386 1036 2422 obruitur.
1052 2388 1156 2422 Nune
1165 2390 1286 2423 iterum
1296 2389 1335 2422 ad
1345 2387 1415 2423 suas
1426 2392 1562 2424 virtutes
1576 2391 1676 2427 redit,
1699 2405 1770 2438 quae
1781 2400 1894 2428 tamen

57 2449 135 2470 eum
144 2434 374 2484 despicabilem
393 2436 496 2484 vulgo
507 2438 612 2483 magis
633 2434 830 2472 reddebant,
850 2436 952 2482 quam
962 2438 1108 2484 pretium
1126 2440 1160 2471 δι
1171 2435 1302 2471 laudem
1322 2435 1483 2471 afferrent.
1533 2439 1641 2485 Quum
1656 2452 1736 2474 emm
1761 2441 1895 2487 infirmus

47 2484 129 2528 fiam.
179 2486 257 2519 Hoc
266 2484 327 2523 est,
348 2497 418 2532 quo
428 2485 504 2533 plus
515 2485 600 2520 mihi
626 2485 711 2519 deest
719 2484 808 2532 apud
820 2496 873 2518 rne
882 2507 892 2521 ‚
917 2497 956 2519 eo
968 2484 1054 2519 mihi
1061 2483 1230 2519 liberalius
1242 2497 1278 2519 ex
1287 2487 1409 2520 virtute
1419 2483 1474 2520 sua
1484 2487 1653 2523 Dominus
1664 2487 1784 2523 sufficit
1793 2493 1894 2536 quic-

54 2532 137 2580 quid
146 2545 232 2580 opus
243 2530 303 2567 else
312 2534 410 2568 videt.
435 2533 526 2568 Nam
539 2531 671 2582 philoso
698 2532 772 2567 hica
789 2531 951 2567 fortitudo
961 2531 1049 2568 nihil
1059 2532 1150 2567 aliud
1161 2533 1205 2567 est
1225 2534 1328 2579 quam
1336 2537 1570 2571 contumacia,
1589 2535 1641 2569 vel
1656 2537 1767 2583 potius
1779 2536 1894 2572 insana

11 2596 13 2598 ·
52 2580 257 2622 animositas,
266 2579 372 2628 qualis
382 2584 418 2617 in
427 2582 629 2629 phreneticis
641 2584 670 2615 el
685 2595 702 2615 e
711 2580 802 2615 solet.
820 2582 880 2627 qui
893 2581 967 2615 vere
977 2580 1072 2615 fortis
1084 2579 1144 2615 effe
1155 2583 1248 2628 cupit
1257 2604 1267 2618 ,
1278 2581 1334 2616 ille
1344 2581 1441 2616 simul
1450 2582 1568 2617 debilis
1580 2581 1640 2617 effe
1649 2598 1690 2618 ne
1703 2585 1835 2620 recuset.
1850 2585 1893 2620 fit

54 2630 193 2676 inquam
204 2633 239 2664 in
255 2627 357 2677 seipso
367 2629 484 2665 debilis
494 2654 504 2668 ,
523 2642 558 2665 vt
568 2629 663 2664 fortis
673 2628 710 2663 fit
720 2632 756 2663 in
776 2630 942 2663 Domino.
962 2631 996 2664 Si
1007 2629 1170 2678 quispiam
1182 2629 1320 2664 obiiciat
1329 2653 1339 2669 ,
1350 2630 1490 2664 Paulum
1504 2631 1558 2666 hic
1572 2645 1643 2666 non
1652 2634 1690 2667 de
1701 2636 1824 2668 virium
1834 2635 1893 2669 de-

54 2675 143 2713 fectu
153 2704 164 2719 ,
179 2676 230 2713 sed
240 2679 278 2713 de
290 2690 480 2726 paupertare
491 2683 525 2713 &
535 2678 608 2712 aliis
617 2676 858 2712 afflictionibus
869 2676 985 2724 loqui:
995 2676 1190 2726 respondeo,
1200 2681 1315 2712 omnia
1325 2679 1394 2713 haec
1403 2682 1554 2713 exercitia
1564 2679 1625 2714 effe
1635 2681 1674 2714 ad
1687 2681 1890 2729 patefacien-

53 2725 130 2760 dam
140 2726 238 2762 nobis
255 2727 400 2763 nostram
418 2726 695 2761 imbecillitatem.
716 2725 776 2760 nisi
788 2727 878 2760 enim
896 2725 1036 2761 Paulum
1047 2725 1168 2760 talibus
1187 2725 1442 2774 probationibus
1456 2729 1546 2769 Deus
1573 2727 1760 2764 exercuisset
1771 2756 1783 2771 ‚
1799 2743 1888 2765 nun-

55 2785 154 2820 quam
163 2785 231 2810 tam
243 2775 345 2824 probe
360 2775 410 2809 illi
423 2774 589 2823 perspecta
605 2772 718 2808 ‘fuisset
725 2774 780 2808 sua
791 2772 978 2813 infirmitas.
1001 2775 1092 2822 Ergo
1103 2787 1174 2809 non
1185 2778 1408 2823 paupertatem
1419 2777 1522 2811 modo
1537 2779 1571 2811 ὅ(
1582 2776 1793 2825 quascunque
1803 2784 1890 2813 aeruss

55 2833 149 2857 mnas
159 2821 285 2871 respicit
295 2822 368 2861 ‚sed
381 2826 480 2858 etiam
490 2825 549 2871 qui
559 2823 638 2868 inde
647 2821 895 2870 consequuntur
905 2820 1051 2858 effecius:
1062 2833 1096 2858 vt
1105 2821 1191 2860 sunt,
1203 2823 1444 2859 imbecillitatis
1454 2825 1570 2860 nostrae
1580 2828 1723 2873 agnitio,
1733 2824 1886 2861 diffidenae

54 2871 102 2904 tia
114 2870 215 2906 nostri
222 2875 259 2906 .&
274 2871 457 2907 humilitas.

111 2961 142 2987 11
193 2954 322 2992 Fabi‘us
329 2952 410 3007 fhm
418 2952 578 3009 insipiens
595 2950 777 3008 gloriando
787 2970 799 2990 .-
807 2958 874 2992 vos·
883 2963 938 2990 me
949 2950 1104 3006 coegistis.
1127 2966 1212 2991 nam
1221 2957 1278 3009 ego
1297 2941 1507 2994 debueram}
1526 2950 1627 2994 vobis
1636 2952 1880 2994 commendari.

53 3003 152 3045 nulla
160 3011 252 3048 enim
261 3011 300 3048 in
307 3023 342 3048 re
351 3009 492 3060 inferior
496 3008 697 3062 fhifiammis
711 3007 885 3063 Apostolis:
896 3007 1032 3062 tametsi
1038 3005 1219 3063 nihilfiam.
1726 3054 1729 3057 ,

115 3066 153 3100 12
206 3065 302 3118 &gna
311 3059 450 3119 quidem
459 3063 787 3122 Apestoliperabffafu
791 3072 889 3104 erant
893 3065 985 3102 inter
991 3075 1072 3109 vos,
1081 3066 1121 3103 in
1130 3065 1582 3123 omn'ipatie‘ntia,&figni5,
1596 3066 1636 3114 όν
1640 3065 1822 3121 prodtgiis5
1838 3062 1881 3111 (ὁὶ

51 3113 260 3158 virtutibus:
596 3166 599 3168 ,
770 3164 776 3168 ,

110 3186 145 3223 13
201 3180 303 3223 Ram
311 3175 490 3229 quidestin
501 3174 710 3230 quofiteritis
719 3173 898 3225 inferiores
908 3168 1031 3215 caeteris
1041 3175 1189 3232 Ecclefiis'-
1199 3207 1210 3224 ‚
1231 3177 1300 3234 ntfi
1307 3174 1403 3234 qubd
1410 3192 1467 3234 ego
1476 3176 1543 3234 ipfi·
1552 3176 1678 3232 nonfin'
1686 3174 1788 3217 vobis
1799 3187 1882 3218 ωιτ-

50 3225 161 3279 rosus?
168 3229 355 3270 condonate
363 3230 450 3270 mihi
463 3230 551 3271 hanc
560 3235 734 3270 iniuriam.
1416 3278 1418 3280 v
1585 3280 1596 3286 ν

108 3298 153 3335 14
208 3292 288 3324 Ecce
294 3315 304 3330 ,
314 3284 591 3342 tertibpropensus
602 3291 717 3326 animo
722 3288 802 3341 sum
811 3297 858 3325 vt
865 3288 1011 3326 veniam
1019 3287 1071 3326 ad
1080 3302 1148 3328 vos·
1159 3318 1170 3334 ‚
1191 3304 1302 3345 neque
1314 3287 1418 3328 vobis
1426 3302 1482 3326 ero
1494 3290 1598 3328 oneri.
1605 3303 1676 3328 non
1685 3289 1779 3328 enim
1787 3292 1881 3343 quas

42 3346 86 3380 Vre
95 3355 165 3396 qua
174 3341 284 3396 vestra
279 3340 440 3397 fimt,sed
447 3356 524 3383 vos.
533 3346 661 3384 etenim
669 3353 739 3384 non
747 3341 874 3385 debent
877 3343 947 3394 filii
947 3342 1147 3399 parentibus
1158 3344 1350 3390 recondere,
1347 3342 1417 3398 fid
1414 3355 1574 3400 parentes
1578 3344 1696 3434 lgm‘··
1704 3400 1709 3405 ι
1717 3400 1720 3404 Ι

39 3405 47 3415 a
1627 3416 1633 3432 ὲ
1672 3411 1721 3447 111³
