2268 3705
15 118 69 172 ,π
613 115 721 162 AD
772 104 1367 163 pmii-:MONEM
1857 101 1951 176 ψ’

13 193 16 262 I
72 192 212 240 dignum
223 187 267 223 est
276 187 368 234 qubd
380 185 498 222 Paulus
511 188 663 241 praeteriti
673 188 835 234 temporis
845 186 979 234 culpam
991 199 1052 236 pre>
1062 185 1226 222 Onefiino
1237 186 1431 234 agnoscens,
1443 199 1610 226 mutatum
1623 184 1847 232 esseaffirmat:
1864 212 1903 235 ae

71 253 113 275 ne
123 237 250 273 dubitet
261 235 449 272 Philemon,
461 235 526 269 alio
538 237 678 281 iugenio
691 236 837 286 &nouis
847 235 997 271 moribus
1006 233 1136 272 seruum
1146 237 1186 273 ad
1196 233 1227 272 se
1237 236 1353 276 redire,
1364 237 1483 274 Paulus
1493 243 1564 275 eius
1574 239 1826 290 resipiscentiam
1838 259 1900 294 pro

72 291 146 336 prio
163 287 388 333 experimento
400 283 458 317 libi
467 294 674 331 compertam
686 283 745 317 esse
754 284 846 318 dicit.

127 376 141 400 1
150 375 166 411 ς
222 357 326 398 Forte
334 359 428 396 enim
437 355 764 410 ideoseparatusfiait
770 356 822 396 ad
827 366 972 414 tempus,
983 356 1188 414 vtpetpetub
1198 373 1276 398 eum
1287 362 1461 400 retineres.

8 413 11 463 i
20 423 22 426 ’
124 425 164 457 15
220 421 311 464 Qn
317 417 389 452 iam
398 408 1054 469 vtse'ruum,sedsupersernumftaerem
1062 415 1227 456 dileci‘um
1235 418 1392 459 maxim?
1402 415 1491 458 mihi
1503 448 1515 467 ,
1529 424 1657 474 quanto
1665 423 1777 479 magis
1788 421 1853 465 tibi
1859 426 1900 464 in

0 466 11 525 §l
65 485 165 512 carne
176 472 216 519 ἀ·
225 474 264 509 in
277 471 427 509 Domino
438 471 455 507 ἓ

7 535 9 541 '
125 541 164 579 ¹7
224 529 256 567 Si
265 529 367 581 igitur
374 538 429 565 me
437 521 542 563 habes
552 523 748 575 canfhrtem,
753 522 880 581 suftipe
888 539 964 565 eum
975 535 1145 581 tanquam
1157 537 1224 568 me.

119 586 157 623 18
215 587 253 622 Si
262 579 345 621 verb
358 596 426 635 qua
434 583 473 620 in
481 594 516 619 re
524 590 558 618 te
566 579 719 634 lafit‚vel
725 581 866 637 aliquid
870 579 980 625 debet,
989 581 1034 620 id
1038 582 1128 623 mihi
1142 587 1284 639 imputa.

110 654 149 685 ¹9
207 647 274 696 Ego
285 635 524 696 Raulussc'ripfi
531 649 608 675 mea
615 651 733 684 manu,
743 633 954 694 egofhluam:
963 648 1009 677 vt
1025 654 1107 682 nc.)
1115 638 1227 679 dicam
1237 637 1301 681 tibi
1307 640 1402 698 qubd
1416 642 1456 691 ά·
1465 644 1608 700 teipsum
1616 637 1706 688 mihi
1714 639 1826 690 deba,

2 751 4 761 ἱ
113 731 144 767 ¹5
182 723 273 754 Forte
282 721 362 752 em'm
371 716 627 766 ideofiparatus.)
677 718 792 767 Siquid
802 731 839 753 ex
850 718 1031 753 hominurn
1043 721 1183 766 peccatis
1195 721 1370 757 iracundiae
1381 728 1607 762 contraximus
1617 754 1627 769 ‚
1658 731 1730 764 miti
1734 733 1802 778 gari
1813 735 1897 766 con-

0 762 3 805 i
63 779 170 807 uenit,
185 768 239 803 vbi
248 768 398 802 videmus
409 778 481 813 quae
491 765 642 812 peruerse
653 764 782 812 alioqui
793 777 936 815 egerant,
946 767 1010 800 Dei
1020 767 1161 803 consilio
1171 770 1206 803 in
1218 769 1322 805 alium
1332 770 1433 807 finem
1446 773 1602 809 conuersa
1613 775 1682 810 esse.
1698 778 1785 814 Laeta
1795 782 1895 816 etiam

0 811 2 842 Ι
47 818 49 821 ⁴
63 818 267 865 catastrophe
277 818 312 852 in
323 813 418 850 malis
430 812 518 861 quasi
530 814 712 848 remedium
726 815 780 854 est,
794 816 887 861 quod
899 813 997 849 nobis
1007 817 1046 849 ad
1058 816 1210 851 delendas
1222 817 1357 855 offensas
1367 847 1377 861 ‚
1390 823 1454 856 Dei
1467 835 1566 856 manu
1578 828 1771 873 porrigitur.
1780 830 1828 863 Ita
1838 830 1894 861 Io-

61 865 151 916 seph,
160 866 240 899 dum
252 861 438 899 admirabili
449 863 511 896 Dei
522 863 733 910 prouidentia
741 861 865 898 factum
876 860 936 897 effe
946 874 1075 910 reputat
1085 875 1118 899 vt
1127 877 1189 912 pro
1199 870 1371 916 mancipio
1382 871 1546 910 venditus,
1558 874 1592 906 in
1604 886 1679 907 eum
1691 885 1802 911 tamen
1815 877 1893 911 locri

61 917 194 950 euectus
205 913 288 948 foret
299 912 385 947 vnde
396 909 507 946 fratres
520 915 554 944 ὅ(
567 922 692 958 patrem
702 909 786 945 alere
797 911 899 960 posset
911 937 921 952 ,
936 910 1077 959 perfidiae
1088 916 1123 947 &
1133 915 1336 951 crudelitatis
1347 916 1484 953 fratrum
1496 918 1621 954 oblitus
1632 945 1641 959 ‚
1654 920 1683 955 se
1692 923 1890 970 praemiffum

44 962 124 998 *esse
135 963 217 997 dicit
227 973 344 996 eorum
354 960 456 995 causa.
466 957 585 1010 Paulus
598 970 676 1007 ergo
687 956 769 994 serui
778 958 856 1007 fuga
865 973 936 995 non
947 958 1062 995 debere
1073 972 1246 1010 tantopere
1256 964 1489 1002 Philemonem
1499 966 1624 1003 offendi
1640 970 1762 1006 admon
1768 976 1891 1021 et,quia
1918 962 2092 1012 &MR-'⁸3³'

61 1012 145 1047 boni
155 1023 225 1046 non
237 1009 420 1058 penitendi
431 1008 525 1042 causa
539 1010 646 1043 suerit.
660 1008 750 1042 Nam
761 1021 866 1055 quum
877 1011 994 1043 animo
1004 1007 1079 1043 effer
1087 1008 1263 1057 fugitiuus,
1274 1012 1370 1059 illum
1382 1016 1475 1050 domi
1484 1014 1546 1051 suae
1555 1016 1680 1052 habens
1698 1020 1892 1061 Philemon,

61 1073 133 1096 non
143 1061 216 1094 vere
228 1055 406 1106 possidebat
417 1068 540 1103 :quum
553 1067 672 1105 prauus
682 1055 756 1091 effet
765 1069 801 1091 ac
811 1055 932 1091 infidus
943 1083 954 1097 ,
963 1070 1033 1091 non
1042 1070 1170 1106 poterat
1181 1059 1252 1107 ipso
1263 1065 1442 1098 commode
1451 1063 1526 1099 frui.
1546 1065 1625 1100 dicit
1637 1078 1716 1114 ergo
1727 1069 1890 1119 paulisper

42 1123 43 1126 ¹
59 1118 215 1157 vagatum
227 1105 287 1141 else
296 1129 306 1143 ‚
319 1115 353 1140 vt
364 1105 478 1139 locum
493 1106 654 1139 mutando
666 1129 675 1143 ‚
686 1104 768 1140 alius
781 1104 871 1140 fieret
881 1132 891 1146 ‚
902 1117 939 1141 ac
951 1107 1068 1141 rediret
1077 1120 1186 1143 nouus
1197 1110 1315 1145 homo.
1343 1113 1382 1145 Et
1394 1114 1572 1160 prudenter
1589 1118 1706 1150 omnia
1716 1127 1889 1166 temperat,

58 1154 164 1205 quum
176 1155 206 1190 fu
213 1167 288 1202 gam
300 1165 397 1188 vocat
407 1151 589 1188 discessum:
602 1158 634 1188 ὃς
646 1154 736 1187 addit
745 1153 841 1188 illum
853 1153 896 1187 ad
902 1165 1017 1202 tempus
1024 1155 1127 1201 fmff‘r
1174 1157 1344 1193 Postremo
1354 1159 1447 1195 breui
1458 1164 1589 1197 iacturae
1598 1187 1608 1202 ,
1623 1167 1796 1201 commodi
1813 1165 1889 1202 vsus

48 1205 316 1256 'perpetuitatem
327 1204 485 1250 opponit.
496 1202 593 1248 Fugae
606 1214 743 1255 quoque
754 1201 931 1238 vtilitatem
941 1204 1039 1238 aliam
1051 1206 1086 1238 in
1098 1204 1245 1240 medium
1256 1209 1346 1248 citat,
1358 1211 1448 1255 quod
1460 1223 1530 1244 non
1543 1212 1647 1245 modo
1658 1215 1728 1247 eius
1740 1214 1886 1250 occasio-

55 1266 100 1290 ne
108 1254 273 1288 cortetstus
285 1250 320 1285 sit
333 1249 524 1287 Onesimus,
534 1261 569 1285 vt
580 1249 667 1297 frugi
679 1250 787 1285 seruus
798 1249 858 1285 esse
868 1253 1018 1300 incipiat:
1029 1249 1083 1286 sed
1093 1253 1184 1301 quod
1195 1252 1299 1290 faetus
1312 1255 1348 1290 fit
1357 1258 1489 1292 domini
1499 1257 1606 1294 frater.
1617 1261 1721 1296 Porro
1732 1275 1774 1296 ne
1783 1265 1884 1299 receti

57 1302 165 1337 adhuc
178 1297 300 1336 offensa
311 1299 514 1334 exulceratus
523 1301 654 1333 animus
666 1298 846 1335 fraternum
859 1312 986 1334 nomen
997 1300 1080 1347 aegte
1089 1301 1286 1337 admitteret.
1301 1304 1420 1340 Paulus
1436 1306 1531 1341 illum
1545 1310 1656 1355 primo
1667 1309 1744 1345 loco
1745 1309 1884 1354 fratrem

57 1347 218 1399 agnoscit.
229 1350 318 1382 Hinc
328 1347 470 1394 colligit,
483 1347 716 1382 Philemonem
729 1347 836 1383 multo
848 1347 898 1381 illi
907 1350 1179 1384 coniunc‘tiorem
1190 1349 1250 1385 else
1259 1375 1270 1388 ‚
1289 1355 1367 1398 quia
1381 1366 1437 1402 par
1450 1358 1484 1389 ὃς
1499 1357 1612 1390 eadem
1623 1359 1659 1392 iu
1670 1359 1826 1396 Domino
1845 1359 1882 1398 su

55 1395 260 1434 necessitudo
273 1399 403 1443 vtrique
415 1395 467 1430 vel
478 1395 658 1431 secundum
668 1398 829 1444 Spiritum
840 1395 1035 1431 :secundum
1050 1409 1183 1432 carnem
1194 1400 1272 1434 vero
1283 1402 1461 1437 Onesimus
1473 1403 1661 1439 membrum
1674 1405 1710 1440 sit
1725 1407 1824 1454 ipfius
1834 1407 1884 1443 fa—

39 1440 47 1456 ²
55 1444 168 1482 miliae.
184 1446 249 1480 Hic
260 1447 396 1479 demum
410 1442 603 1492 perspicitur
612 1457 680 1480 rara
691 1445 784 1479 Pauli
794 1446 965 1482 modestia,
976 1445 1186 1491 quifraterno
1196 1448 1297 1483 titulo
1308 1449 1434 1486 nullius
1445 1454 1544 1500 pretii
1555 1456 1762 1506 mancipium
1780 1457 1884 1504 digna·

52 1505 118 1530 tur:
128 1495 199 1529 imo
211 1493 342 1528 fratrem
353 1491 411 1527 fibi
421 1490 730 1528 coniunffiffimum
743 1494 919 1529 nominat.¹
930 1495 968 1528 Et
977 1494 1063 1528 certe
1072 1496 1185 1530 nimiae
1196 1494 1352 1544 superbiae
1360 1499 1456 1540 foret,
1467 1499 1576 1547 siquos
1587 1513 1647 1548 pto
1658 1503 1810 1541 iratribus
1823 1506 1883 1540 ha-

9 1547 14 1549 ’
51 1541 128 1578 bere
138 1544 258 1591 pudeat
270 1555 354 1589 quos
363 1543 454 1576 Deus
466 1539 592 1583 invfiliis
601 1540 664 1576 suis
676 1540 793 1576 censet.
807 1542 913 1586 de
927 1553 1036 1577 autem
1048 1544 1141 1584 dicit,
1150 1556 1263 1590 quanto
1273 1549 1367 1595 magis
1377 1546 1446 1586 tibi,
1456 1548 1508 1583 his
1518 1548 1626 1584 verbis
1639 1564 1708 1585 non
1720 1550 1881 1599 significat

5 1630 11 1638 ι
49 1591 288 1627 Philemonem
298 1591 399 1638 gradu
411 1588 612 1637 superiorem
624 1589 683 1624 effe
694 1587 874 1625 secundum
896 1592 1067 1639 Spiritum:
1081 1591 1195 1626 verum
1206 1591 1313 1630 sensus
1330 1590 1821 1646 est,Qum*mihipotiffirni)1m
1837 1601 1875 1636 fi't

48 1634 226 1684 frater‚tibi
241 1641 345 1686 magis
355 1637 415 1673 efle
425 1637 580 1685 debet‚qu
586 1651 643 1672 um
653 1637 774 1687 duplex
785 1637 822 1673 sit
834 1640 920 1673 inter
930 1651 990 1673 vos
999 1641 1228 1676 caiunfflonis
1240 1643 1426 1679 vinculum.
1446 1645 1612 1681 Caeterum
1625 1650 1704 1694 quia
1714 1648 1804 1683 certb
1817 1650 1883 1684 stau

49 1691 212 1724 tuendum
224 1689 267 1723 est
276 1686 415 1729 Paulum
427 1699 499 1721 non
509 1696 631 1721 temere
640 1699 703 1722 nec
717 1686 857 1722 futiliter
866 1692 924 1732 (vt
934 1686 1084 1737 plerique
1093 1686 1212 1733 solent)
1223 1702 1284 1737 pro
1295 1692 1435 1727 homine
1445 1706 1515 1728 non
1527 1693 1601 1729 satis
1623 1699 1766 1744 cognito
1779 1695 1880 1744 spon-

48 1738 135 1775 dere,
147 1750 183 1772 ac
193 1733 350 1772 extollere
360 1736 429 1769 eius
441 1733 551 1772 fidem,
569 1746 748 1784 antequam
759 1733 864 1771 firmis
873 1736 1086 1771 documentis
1097 1749 1168 1771 eam
1179 1750 1330 1786 expertus
1340 1739 1425 1775 esset.
1444 1742 1661 1778 memorabile
1669 1747 1877 1792 poenitentiae

45 1783 212 1834 specimen
221 1783 320 1819 nobis
330 1786 365 1818 in
378 1781 542 1819 Onefimo
554 1786 766 1832 proponitur.
777 1785 886 1818 Scitur
896 1782 997 1830 quam
1011 1795 1113 1833 praua
1125 1783 1249 1820 fuerint
1261 1786 1430 1823 seruorum
1442 1791 1596 1838 ingenia,
1628 1804 1663 1826 vt
1675 1796 1730 1827 vix
1741 1794 1879 1829 centesu=

47 1846 122 1869 mus
132 1832 316 1881 quisquead
325 1831 450 1867 bonam
463 1831 593 1878 frugem
605 1844 752 1880 vnquam
760 1835 898 1866 veniret.
909 1832 978 1866 lain
989 1845 1027 1866 ex
1040 1831 1118 1879 fuga
1135 1856 1145 1870 ,
1165 1837 1332 1870 coniicere
1348 1836 1443 1878 licet,
1455 1839 1693 1877 consuetudine
1703 1845 1734 1876 8<
1758 1842 1877 1878 habitu

45 1880 232 1917 obduruisse
245 1880 445 1915 Onesimum
455 1881 494 1913 ad
506 1879 679 1914 malitiam.
691 1882 778 1915 Rara
789 1892 867 1927 ergo
879 1884 913 1915 δι
927 1880 1129 1916 admirabilis
1143 1884 1262 1921 virtus,
1284 1884 1326 1919 fic
1335 1898 1470 1934 repente
1487 1900 1603 1923 exuere
1615 1901 1687 1935 quae
1701 1890 1877 1927 imbiberat

39 1932 177 1971 vitia‚Vt
187 1928 260 1964 vere
272 1930 377 1963 testari
389 1927 487 1976 poffit
501 1928 695 1975 Apostolus,
710 1930 776 1962 iam
788 1927 892 1963 alium
906 1928 1084 1964 hominem
1096 1927 1155 1964 eise
1167 1929 1305 1966 fastum.
1316 1935 1361 1967 Ex
1371 1935 1488 1971 eodem
1499 1934 1594 1970 sonte
1604 1937 1702 1973 nobis
1714 1941 1821 1974 oritur
1836 1953 1874 1975 v-

43 1977 114 2013 tilis
124 1979 288 2014 doctrina,
301 1978 368 2012 Dei
379 1976 502 2011 eleetos
514 1977 678 2011 interdum
692 1977 795 2011 modo
806 1976 993 2012 incredibili
1004 1989 1117 2024 praeter
1145 1990 1365 2016 communem
1376 1981 1504 2018 sensum
1516 1995 1573 2031 per
1584 1983 1742 2021 flexuosas
1760 1987 1876 2023 amba·-

42 2037 111 2079 ges‚
122 2026 195 2061 imb
209 2038 264 2073 per
275 2024 482 2071 labyrinthos
493 2025 533 2059 ad
543 2022 679 2060 salutem
689 2026 817 2060 adduci.
829 2025 970 2060 Viuebat
984 2025 1164 2062 Onesimus
1175 2030 1210 2062 in
1220 2028 1324 2064 domo
1337 2033 1390 2077 pia
1400 2035 1433 2065 δέ
1446 2029 1556 2066 saneta
1569 2045 1577 2066 :
1605 2034 1682 2068 inde
1695 2032 1759 2070 suis
1769 2035 1874 2071 male-

41 2077 126 2110 hciis
138 2075 283 2110 exulans,
299 2072 388 2120 quasi
399 2075 472 2107 data
489 2085 590 2121 opera
601 2073 717 2121 procul
728 2074 757 2107 se
767 2074 868 2108 aDeo
882 2077 915 2109 &⁷
931 2076 998 2108 vita
1008 2085 1128 2113 aeterna
1138 2074 1299 2111 subducit.
1312 2081 1415 2128 Atqui
1430 2080 1596 2117 exitialem
1608 2084 1676 2116 eius
1686 2081 1763 2134 fugi
1779 2085 1871 2123 Deus

38 2122 172 2158 occulta
183 2123 393 2170 prouidentia
405 2121 598 2156 mirabiliter
609 2123 735 2169 dirigit,
747 2133 780 2155 vt
790 2124 825 2156 in
838 2121 977 2156 Paulum
988 2123 1122 2158 incidat.

85 2182 123 2216 17
162 2172 195 2204 δι
206 2183 270 2218 ergo
283 2182 329 2203 me
340 2168 436 2204 habes'
446 2172 629 2213 confimem.)
680 2170 746 2204 Hic
762 2169 791 2204 se
803 2172 908 2217 magis
919 2171 1027 2205 adhuc
1036 2169 1212 2210 submittit,
1225 2171 1294 2221 fugi
1299 2177 1369 2208 tiuo
1381 2177 1431 2209 ius
1441 2174 1607 2212 honore'm
1613 2191 1677 2224 que
1688 2177 1783 2217 suum
1794 2181 1870 2217 refi-

38 2228 156 2266 guans‚
169 2223 203 2254 δε
214 2218 302 2266 quasi
313 2231 391 2252 eum
400 2217 595 2254 substituens
608 2217 666 2252 suo
681 2217 769 2253 loco:
782 2219 1069 2265 quemadmodum
1081 2217 1110 2254 se
1122 2220 1222 2267 paulo
1235 2223 1308 2268 post
1318 2221 1511 2272 sponsorem
1532 2228 1602 2260 eius
1613 2225 1692 2262 loco
1705 2227 1866 2265 subijCiess

37 2267 158 2315 Magni
169 2271 259 2302 enim
271 2265 439 2307 referebat,
452 2265 615 2302 Onesimo
627 2266 822 2314 placabilem
835 2270 868 2301 δε
880 2267 1067 2301 humanum
1079 2267 1138 2303 effe
1151 2270 1328 2306 dominum
1342 2295 1352 2310 ‚
1363 2284 1405 2306 ne
1416 2285 1492 2307 eum
1505 2275 1708 2310 immodicus
1726 2280 1816 2325 rigor
1827 2275 1868 2315 ad

6 2331 11 2334 ·
39 2314 302 2362 desperationem
321 2314 517 2364 impelleret.
552 2315 676 2350 idcirco
687 2326 755 2349 tam
766 2315 861 2350 anxie
874 2313 999 2349 laborat
1014 2315 1143 2351 Paulus.
1162 2319 1200 2352 Et
1210 2331 1272 2353 nos
1287 2323 1356 2355 eius
1374 2320 1528 2368 exemplo
1540 2335 1718 2360 monemur
1738 2338 1867 2373 quanto

37 2364 145 2399 studio
155 2365 360 2402 adiuuandus
372 2363 407 2398 fit
419 2374 572 2411 peccator
582 2366 641 2411 qui
651 2361 880 2410 repiscentiam
892 2363 990 2398 nobis
1002 2363 1092 2398 suam
1103 2365 1270 2413 probauit.
1299 2368 1404 2415 Q>d
1416 2368 1436 2402 fi
1446 2371 1630 2405 nostrarum
1643 2376 1787 2419 partium
1808 2376 1866 2417 est,

37 2412 126 2458 apud
135 2411 217 2446 alios
228 2413 424 2447 intercedere
433 2413 473 2446 ad
484 2412 724 2460 impetrandam
735 2411 978 2460 poenitentibus
990 2415 1123 2448 veniam
1147 2441 1158 2454 ,
1169 2414 1279 2453 multo
1292 2421 1396 2466 magis
1409 2416 1556 2466 benigne
1569 2423 1602 2454 &
1614 2419 1795 2459 clementer
1809 2435 1866 2460 ex-

35 2461 184 2508 cipiendi
195 2462 212 2494 ὲ
224 2460 321 2494 uobis
332 2458 416 2495 sunt.
746 2467 751 2470 ‘

80 2508 117 2542 18
167 2511 201 2543 Si
213 2504 284 2542 verb
296 2521 357 2553 qua
367 2511 438 2541 inre
448 2518 477 2541 te
486 2508 573 2554 laefir.)
623 2508 715 2544 Hinc
724 2507 882 2555 colligere
891 2507 988 2549 licet,
1011 2508 1137 2557 aliquid
1148 2513 1246 2547 etiam
1258 2512 1400 2548 domino
1412 2513 1555 2551 furatum
1568 2514 1628 2551 effe
1649 2518 1863 2563 Onesimum,

35 2567 74 2591 vt
85 2569 159 2590 mos
170 2555 322 2604 fugitiuis
333 2556 406 2590 fuit.
420 2560 454 2591 δε
475 2567 586 2590 tamen
598 2555 723 2589 sceleris
735 2558 900 2591 inuidiam
921 2560 1053 2606 mitigat
1064 2571 1170 2606 quum
1180 2561 1288 2599 addit,
1299 2562 1469 2607 Uelfiqm'd
1477 2562 1577 2598 debet.
1628 2567 1749 2614 Neque
1767 2572 1859 2604 enim

33 2607 204 2640 contraista
215 2617 279 2639 etat
290 2604 399 2639 ciuilis
409 2606 493 2639 tatio
504 2606 590 2638 inter
601 2617 668 2641 eos,
682 2602 734 2637 sed
743 2603 874 2638 tantum
887 2610 1019 2654 propria
1030 2620 1116 2641 noxa
1125 2607 1301 2646 obstrietus
1311 2621 1377 2644 erat
1387 2610 1496 2650 seruus
1507 2613 1661 2651 domino.
1671 2617 1787 2651 Tanto
1798 2619 1860 2652 ita-

33 2665 99 2700 que
109 2656 215 2687 maior
224 2653 317 2688 Pauli
328 2654 531 2690 humanitas,
543 2655 601 2699 qui
611 2664 672 2700 pro
685 2651 849 2687 maleficio
861 2666 997 2701 quoque
1009 2654 1188 2691 satisfacere
1197 2657 1326 2705 paratus
1338 2660 1391 2693 est.
1411 2660 1575 2696 Particula
1587 2661 1645 2696 ista
1655 2687 1665 2701 ‚
1676 2664 1734 2698 Ne
1757 2664 1858 2700 diram

32 2700 115 2748 quod
129 2706 166 2742 ὠ·
177 2702 300 2751 tetpfhm
311 2701 386 2735 mihi
392 2699 496 2739 debes,
509 2702 690 2748 exprimere
699 2701 808 2734 voluit
819 2703 1111 2748 quantamvhabeaht
1121 2706 1321 2753 impetrandi
1331 2706 1499 2746 fiduciam.
1514 2709 1574 2744 acfi
1585 2711 1707 2746 diceret
1718 2736 1728 2750 ‚
1754 2712 1855 2749 Nihil

33 2749 78 2784 est
88 2750 179 2796 quod
190 2749 273 2785 mihi
284 2762 402 2798 negare
415 2748 583 2789 sustu-iem,
597 2748 721 2783 etiamsi
733 2748 873 2796 teipsum
886 2752 1064 2798 poscerem.
1075 2753 1199 2788 Eodem
1211 2752 1358 2803 spe-&ant
1373 2769 1444 2803 quae
1455 2755 1638 2804 sequuntur
1656 2761 1696 2795 de
1704 2760 1855 2809 hospitio

33 2800 69 2833 &
79 2797 162 2836 aliis,
174 2810 208 2832 vt
220 2811 299 2833 mox
310 2797 508 2833 videbimus.
527 2796 639 2831 Restat
650 2809 714 2831 vna
726 2798 862 2844 quaestio
883 2821 893 2836 ‚
904 2801 1080 2846 quomodo
1091 2804 1240 2848 pecuniae
1256 2802 1457 2839 solutionem
1469 2810 1646 2854 promittat
1656 2812 1713 2856 qui
1729 2809 1789 2844 nisi
1799 2811 1856 2845 ad-

31 2847 120 2881 iutus
132 2845 237 2881 fuisset
247 2846 287 2881 ab
299 2845 450 2881 Ecclefiis
459 2870 469 2884 ‚
494 2858 564 2880 non
577 2845 718 2880 habebat
729 2846 812 2880 vnde
848 2847 920 2881 arce
931 2852 964 2882 ξε
979 2848 1148 2896 frugaliter
1156 2853 1294 2889 viuetet.
1308 2854 1445 2888 Videtur
1454 2854 1541 2889 certe
1553 2857 1587 2890 in
1598 2854 1658 2891 hac
1671 2860 1808 2905 penuria
1819 2862 1856 2893 δε

30 2894 181 2942 egestate,
191 2894 328 2930 ridicula
344 2893 403 2929 csse
415 2892 604 2942 promiffio:
631 2891 684 2928 sed
692 2892 788 2928 facile
799 2859 844 2928 eii
858 2896 967 2930 videte
981 2896 1042 2933 ha⁴c
1054 2897 1088 2931 lo
1116 2900 1215 2933 uendi
1234 2899 1341 2936 forma
1351 2902 1491 2939 Paulum
1507 2905 1671 2951 deprecari
1691 2908 1816 2953 nequid
1837 2908 1856 2941 a

29 2941 123 2977 seruo
135 2941 280 2990 reposcat
291 2943 481 2978 Philemon.
499 2941 552 2976 etsi
566 2942 654 2976 enim
668 2955 738 2976 non
748 2942 875 2977 ironice
886 2944 1046 2991 loquitur,
1059 2945 1103 2980 ob
1120 2949 1197 2993 iqua
1207 2959 1320 2983 tamen
1332 2949 1434 2997 figura
1446 2955 1529 2998 petit
1541 2964 1574 2987 vt
1585 2966 1711 2988 nomen
1722 2955 1854 2989 hocin-

33 2992 133 3025 ducat
147 2995 178 3025 &
191 2990 303 3025 deleat.
315 2990 431 3026 Sensus
444 3002 522 3038 ergo
534 2990 685 3027 est‚Nolo
695 2991 818 3026 vebum
828 2988 921 3026 seruo
930 3004 990 3027 tuo
999 2993 1121 3041 litiges,
1133 2996 1193 3030 nisi
1207 3009 1261 3031 me
1273 2998 1351 3033 velis
1363 3003 1432 3034 eius
1442 2999 1519 3035 loco
1530 3000 1647 3035 habere
1658 3001 1854 3038 debitorem»

29 3039 121 3075 Nam
135 3039 239 3073 statim
250 3040 339 3074 addit
351 3038 585 3074 Philemonem
595 3038 655 3073 effe
665 3037 797 3087 prorsus
807 3037 912 3075 suum.
929 3043 1078 3088 quivero
1090 3054 1202 3079 totum
1212 3045 1390 3082 hominem
1399 3047 1459 3086 sibi
1469 3051 1641 3088 vendicat,
1653 3060 1724 3085 non
1734 3050 1778 3084 est
1795 3063 1855 3086 cur

30 3088 70 3123 de
81 3084 236 3120 soluenda
247 3088 387 3133 pecunia
397 3087 434 3122 fit
444 3087 602 3122 solicitus.

95 3158 142 3182 20
211 3143 311 3183 Certe
309 3143 422 3198 frater
429 3158 485 3201 ego
498 3155 532 3183 te
537 3145 634 3193 fruar
638 3147 678 3183 in
693 3148 855 3186 Domino:
866 3146 1013 3199 refocilla
1024 3163 1100 3188 mea
1109 3150 1239 3208 viscera
1248 3156 1289 3193 in
1302 3158 1469 3195 Domina.
1738 3185 1741 3194 f

14 3227 18 3231 .
87 3214 130 3311 Ji
195 3196 372 3267 Petfimstq
394 3201 476 3244 dv
487 3211 547 3240 tua
563 3198 872 3261 obedientiasm'pfi
881 3200 964 3251 nbi,
977 3203 1088 3258 fidem·
1098 3211 1203 3247 etiam
1210 3207 1310 3264 qubd
1320 3212 1417 3267 [upra
1435 3206 1583 3265 idquod
1591 3209 1702 3269 Jc'ribo
1713 3242 1722 3259 ‚
1731 3209 1853 3268 fidh-

29 3268 87 3296 rus
106 3270 149 3295 ts.

28 3364 70 3408 b,
100 3326 165 3407 nb
175 3370 180 3376 ¹
192 3309 307 3349 Scmul
311 3309 394 3351 verb
396 3322 545 3369 prepara
569 3309 660 3353 mihi
667 3309 847 3370 hospitium
857 3310 968 3375 :spero
976 3320 1070 3360 enim
1081 3319 1181 3374 quod
1185 3324 1290 3362 etiam
1293 3334 1359 3378 per
1366 3325 1504 3364 verim
1505 3327 1715 3381 precationes
1739 3321 1851 3369 dana·

70 3381 143 3409 rvo
166 3381 209 3409 ts.
1551 3394 1553 3397 ·
