2268 3705
561 136 674 185 AD
731 134 1043 185 TITVM-
1100 136 1276 185 CAP·
1329 137 1360 186 Ι·
1863 156 1913 198 535

80 209 225 250 Breuitate
234 211 352 245 vetitas
363 207 431 245 ista,
442 209 529 242 εεᾶα
540 208 583 241 est
595 218 630 241 ac
642 206 762 241 sincera
771 208 834 241 Dei
844 210 998 254 cognitio
1009 219 1083 254 quae
1091 206 1205 242 nos-ab
1218 210 1315 242 omni
1326 221 1433 243 errore
1445 211 1685 259 mendacioque
1694 211 1906 265 liberat.Qo

81 263 205 295 maiore
215 259 300 307 apud
311 270 372 292 nos
387 259 421 290 in
432 258 539 303 pretio
550 254 609 289 effe
620 255 725 289 debet:
737 256 871 301 quando
881 255 969 289 nihil
981 253 1127 290 miserius
1139 254 1183 289 est
1194 257 1258 302 qua
1267 267 1337 290 tota
1347 260 1413 291 vita
1423 260 1520 293 instar
1530 263 1658 306 pecudi]
1672 276 1784 298 errare.
1799 268 1904 313 Qod

74 308 236 354 sequitur,
246 304 564 352 Secundumpietatem
573 327 582 342 ‚
593 306 761 337 veritatem
773 304 811 337 de
820 316 885 350 qua
894 303 1056 350 loquutus
1068 302 1182 342 fuerat,
1195 304 1375 352 specialiter
1386 307 1550 354 restringit
1563 322 1569 342 z
1582 308 1676 343 fimul
1688 322 1797 348 tamen
1809 316 1826 347 a
1836 314 1906 350 fru-

80 358 138 391 ἑὶιι
149 355 199 389 vel
209 357 226 388 ὲ
237 352 301 388 fine
309 353 523 387 commendat
534 351 721 386 doctrinam
729 351 831 386 Pauli:
844 353 922 398 quia
935 365 1006 386 non
1017 352 1084 386 alib
1096 351 1218 400 spe-&et
1227 354 1327 399 quam
1339 366 1373 388 vt
1387 357 1446 389 rite
1457 357 1546 390 Deus
1558 357 1846 407 colatur,pur(ique
1857 367 1908 398 vi-

78 414 152 452 geat
162 406 246 437 inter
255 403 412 436 homines
424 400 627 448 religio‚quo
638 399 727 434 suam
742 401 928 435 doetrinam
941 400 982 433 ab
993 402 1089 434 omni
1098 400 1241 448 profanae
1251 402 1445 437 curiositatis
1456 416 1536 438 nota
1546 407 1901 447 vindicat.31eut1‘A6k.

80 463 217 497 24.c.1o,
234 462 345 484 coram
356 449 472 483 Felice:
488 453 521 482 &
531 448 648 482 deinde
658 460 770 482 coram
781 450 929 495 Agrippa
940 447 1016 482 facit
1030 471 1038 487 ,
1057 451 1163 496 capite
1174 453 1223 483 26.
1236 462 1264 483 a.
1277 462 1300 484 1.
1314 451 1402 485 Nam
1415 465 1518 498 quum
1531 455 1651 488 merito
1661 458 1725 502 piis
1737 455 1900 505 suspeffie,

78 499 226 545 adeoque
235 495 356 532 odiosae
367 495 426 531 else
436 497 575 531 debeant
585 492 790 543 superuacuae
801 509 919 533 omnes
928 497 1123 544 quaestiones
1138 510 1210 544 quae
1219 499 1258 531 ad
1269 498 1523 535 aedificationem
1536 515 1605 537 non
1619 502 1755 538 faciunt:
1768 506 1836 541 haec
1849 506 1904 542 so-

79 547 110 582 la
119 548 162 581 est
172 547 321 593 legitima
332 546 491 580 doistrinae
501 546 763 585 commendatio,
774 545 865 591 quod
875 546 913 578 ad
923 547 1140 580 reuerentiam
1159 550 1192 580 Sc
1204 548 1360 581 timorem
1372 550 1436 582 Dei
1449 563 1510 584 nos
1522 552 1679 585 instituat.
1698 554 1810 600 Atque
1823 556 1904 590 hinc

77 597 177 635 ctiam
189 606 378 631 monemur,
390 590 571 640 vtquisque
583 594 618 626 in
629 595 748 639 pietate
760 593 888 640 optime
899 593 1052 641 profecit,
1065 596 1109 628 ita
1120 597 1289 642 optimum
1302 595 1361 630 effe
1373 596 1496 632 Christi
1506 598 1799 646 discipulum‚ficut
1810 605 1836 637 is
1848 605 1905 638 de-

78 656 172 678 mum
183 655 278 677 vetus
290 642 468 689 theologus
489 639 669 675 censendus
680 643 790 688 estqui
802 645 836 674 in
850 644 969 676 timore
979 643 1043 676 Dei
1054 641 1271 676 conscientias
1283 643 1428 679 aedificat.
1442 647 1545 693 Qd
1556 649 1643 682 addit
1652 674 1662 689 ‚
1674 651 1775 698 Inspe
1787 655 1856 685 vitae
1867 666 1903 686 α-

77 703 162 733 gernae
174 715 185 733 ,
212 704 282 726 non
294 691 432 727 dubium
445 691 489 723 est
498 692 581 736 quin
590 687 720 724 causam
731 700 834 724 notet:
849 690 881 723 id
892 693 982 724 enim
993 690 1117 725 Graecis
1129 689 1289 737 fignificat
1304 693 1358 725 ’59⁶1
1390 695 1466 728 Ideo
1477 707 1600 730 vertere
1612 697 1725 732 licebit
1734 724 1744 738 ‚
1766 702 1903 748 Propter

78 740 181 787 spem,
194 750 249 774 aut
259 736 353 787 super
363 738 424 787 spe.
445 750 521 771 nam
533 739 551 771 ὲ
565 738 780 772 meditatione
798 739 872 772 vita:
883 737 1014 772 caelestis
1030 740 1150 786 incipit
1162 743 1194 773 ὅ(
1211 752 1284 773 vera
1294 741 1430 787 religio,
1446 746 1480 777 &
1492 747 1621 791 pietatis
1635 747 1776 781 studium
1790 760 1796 779 ε
1808 748 1903 784 sicuti

78 785 320 825 Coloffenfium
335 786 433 821 fidem
447 790 480 820 3<
491 785 682 820 charitatem
693 786 841 825 laudans,
855 799 965 820 earum
978 786 1106 821 causam
1120 791 1153 822 ὅ(
1167 787 1424 824 fundamentum
1437 792 1545 825 statuit
1557 791 1643 839 spem
1658 797 1691 828 in
1704 796 1789 830 caeli's
1802 810 1899 845 repo-

22 834 26 842 x
76 838 179 873 sitam.
197 836 364 871 Sadducaei
374 836 464 869 enirn
475 838 510 868 ὅ(
520 837 579 881 qui
591 832 679 881 spem
691 835 833 868 nostram
845 837 880 868 in
893 834 959 869 hoc
970 835 1099 869 mundo
1110 835 1302 877 includunt,
1314 840 1475 885 quicquid
1484 839 1650 878 simulent,
1662 844 1746 877 nihil
1767 847 1902 892 postum-

73 887 175 934 quam
186 895 418 931 contemptum
430 884 494 917 Dei
505 883 660 916 inducere
670 906 680 919 ,
692 883 771 917 dum
782 882 938 917 homines
956 886 991 917 in
1004 883 1168 930 pecudum
1183 885 1415 921 conditionem
1426 900 1615 935 aggregant.
1645 891 1786 926 Proinde
1807 894 1901 930 bono

72 935 204 970 dostori
223 932 289 967 hoc
299 931 424 980 semper
434 929 642 978 propositum
653 929 712 965 effe
725 929 840 970 debet,
863 942 899 965 vt
911 931 1068 966 homines
1078 931 1095 966 ὲ
1107 934 1233 967 mundo
1245 934 1403 969 abduetos
1413 959 1422 974 ,
1443 939 1477 970 in
1488 940 1555 971 caeli
1576 937 1742 984 aspectum
1757 954 1899 977 conuer—

62 994 132 1018 ·tat.
150 984 264 1016 Fateor
273 982 408 1027 quidem
425 980 489 1013 Dei
501 978 641 1026 gloriam
661 978 760 1014 nobis
770 978 876 1027 pluris
890 979 949 1015 esse
966 980 1083 1015 debere
1099 982 1200 1026 quam
1214 980 1349 1017 salutem
1367 986 1525 1019 nostram.
1547 987 1666 1020 Verum
1678 987 1744 1022 hoc
1760 994 1902 1026 minime

74 1043 167 1067 nunc
194 1031 321 1076 agitur,
339 1040 448 1063 vtrum
458 1028 628 1075 dignitatis
639 1028 755 1062 ordine
767 1028 934 1075 praecedat.
946 1027 1076 1063 tantum
1088 1030 1164 1063 dico
1173 1056 1183 1070 ,
1195 1030 1380 1078 Nunquam
1394 1032 1549 1068 homines
1559 1034 1633 1069 vete
1645 1036 1756 1070 Deum
1777 1052 1903 1084 quaere-

71 1092 107 1114 re
115 1105 126 1120 ‚
137 1077 195 1113 nisi
206 1078 246 1111 ad
256 1089 332 1111 eum
345 1079 518 1124 peruenire
537 1075 708 1110 confidant
721 1076 881 1122 :ideoque
895 1077 934 1111 ad
944 1079 1101 1125 pietatem
1109 1090 1284 1125 nunquam
1294 1082 1444 1116 animum
1457 1083 1594 1118 adiicere
1605 1106 1614 1120 ‚
1627 1083 1686 1118 nisi
1697 1085 1736 1119 de
1745 1085 1797 1134 spe
1807 1087 1903 1123 caele..

59 1129 126 1163 -stis
134 1129 206 1162 vitae
215 1126 363 1160 edoctos.
1767 1131 1769 1133 ’

88 1175 93 1180 ’
115 1187 136 1210 2
218 1185 289 1206 uam
296 1173 425 1223 promifit
436 1175 568 1214 Deru.)
620 1174 793 1219 Quoniam
809 1174 1015 1221 Augustinus
1025 1186 1142 1210 aeterna
1152 1188 1212 1223 pro
1223 1175 1419 1212 secularibus
1430 1189 1580 1226 tempora
1590 1179 1645 1215 hic
1655 1181 1795 1229 legebat,
1811 1183 1901 1220 mul—

20 1244 27 1248 -
66 1236 142 1261 tum
152 1221 182 1257 se
191 1233 326 1268 torquet
336 1224 372 1256 in
382 1233 572 1270 temporum
583 1224 772 1256 aeternitate:
782 1221 840 1256 nifi
849 1223 940 1268 quod
949 1235 1067 1257 aeterna
1077 1226 1209 1258 tandem
1221 1228 1359 1272 exponit
1369 1240 1441 1272 quae
1451 1240 1589 1262 omnem
1600 1232 1835 1277 antiquitatem
1846 1232 1900 1269 su-

62 1283 195 1323 perant.
205 1273 244 1305 In
256 1268 347 1304 sensu
360 1271 438 1304 vero
451 1270 518 1318 ipse
529 1274 562 1304 &
575 1271 801 1315 Hieronymus
814 1274 848 1304 ὃς
858 1270 914 1304 alii
926 1270 1243 1319 consentiunt,quod
1251 1275 1341 1308 Deus
1352 1287 1427 1309 ante
1438 1277 1553 1310 mundi
1565 1281 1766 1315 creationem
1779 1283 1899 1317 statue-

68 1325 114 1358 tit
124 1318 260 1356 salutem
271 1319 355 1356 dare,
370 1331 471 1365 quam
482 1331 574 1353 nunc
582 1331 640 1366 per
650 1317 869 1366 Euangelium
880 1318 1112 1354 manifestauit.
1133 1323 1180 1354 Ita
1194 1322 1430 1357 Promitttendi
1445 1323 1546 1358 verbo
1557 1324 1672 1361 abusus
1693 1327 1766 1363 effer
1778 1330 1898 1365 Paulus

60 1382 130 1421 vpro
138 1371 322 1403 Decernere
336 1366 515 1413 :siquidem
527 1378 602 1401 ante
626 1366 781 1401 homines
791 1379 886 1401 natos
902 1380 1005 1401 nemo
1024 1379 1089 1402 erat
1110 1371 1164 1402 cui
1177 1372 1396 1416 promitteret.
1414 1373 1484 1418 Ego
1494 1371 1587 1406 sicuti
1599 1386 1669 1409 non
1680 1379 1794 1412 reiicio
1811 1379 1898 1414 hanc

60 1415 322 1466 expositionem,
335 1418 379 1449 ita
388 1416 467 1449 dum
479 1417 595 1449 omnia
607 1415 741 1463 propius
753 1416 913 1462 expendo,
923 1415 1016 1449 aliter
1023 1414 1139 1450 sentire
1149 1429 1270 1464 cogor:
1290 1431 1411 1466 nempe
1423 1421 1516 1465 quod
1526 1421 1543 1453 a
1557 1421 1670 1457 multis
1687 1436 1773 1459 retro
1782 1424 1897 1462 seculis

62 1469 136 1502 vita
145 1476 257 1509 eterna
265 1461 463 1498 hominibus
474 1464 628 1510 promissa
638 1462 744 1498 fuerit:
754 1476 862 1510 neque
872 1466 911 1498 iis
922 1463 1025 1498 modo
1038 1468 1097 1510 qui
1112 1476 1192 1499 tunc
1203 1464 1372 1507 fluebant,
1383 1466 1480 1502 sedin
1490 1467 1635 1503 nostram
1647 1484 1782 1519 quoque
1794 1480 1895 1510 aetatfi:

64 1515 189 1561 Neque
204 1515 295 1548 enim
306 1510 367 1546 soli
377 1511 516 1546 Abrahae
527 1511 671 1546 consulit
680 1513 769 1546 Deus
778 1537 788 1552 ,
819 1510 1015 1559 quumdicit
1024 1535 1034 1549 ‚
1047 1515 1085 1547 In
1095 1512 1219 1548 semine
1228 1525 1288 1548 tuo
1300 1514 1538 1551 benedicentur
1547 1529 1668 1553 omnes
1682 1523 1804 1556 Gentes
1816 1547 1825 1560 ‚
1845 1524 1897 1558 sed

10 1590 14 1599 ;
43 1570 45 1572 ’
65 1564 218 1612 posteros
228 1557 347 1595 omnes
358 1559 498 1608 respicit.
508 1560 581 1594 Nec
591 1558 695 1594 obstat
705 1559 797 1606 quod
805 1558 951 1595 secundae
961 1561 1000 1594 ad
1008 1561 1229 1596 Timotheum
1239 1565 1351 1610 primo
1362 1567 1468 1611 capite
1479 1566 1588 1601 datam
1598 1566 1690 1602 fuisse
1699 1568 1834 1605 salutem
1847 1573 1898 1607 di—

56 1614 112 1647 ·cit
125 1622 202 1646 ante
213 1621 365 1657 tempora
373 1607 536 1645 secularia,
546 1608 673 1642 diuerso
687 1606 786 1642 sensu.
798 1610 917 1643 Eadem
929 1611 1019 1643 enim
1031 1609 1256 1645 nihilominus
1277 1612 1321 1645 est
1332 1613 1423 1647 verbi
1437 1609 1633 1661 significatio
1653 1627 1795 1664 Vtroque
1806 1619 1894 1656 loco.

63 1672 146 1696 nam
156 1671 263 1706 quum
275 1657 339 1690 αἰῶν
348 1659 461 1699 Grecis
484 1659 647 1692 continua
656 1654 692 1690 fit
703 1661 863 1705 temporis
872 1655 966 1692 series
974 1656 1014 1691 ab
1031 1659 1130 1692 initio
1141 1659 1181 1692 ad
1191 1656 1293 1693 finem
1305 1659 1405 1707 vsque
1415 1663 1532 1696 mundi
1542 1690 1553 1704 ‚
1569 1663 1647 1698 »illic
1656 1666 1776 1701 Paulus
1787 1670 1896 1704 datam

58 1707 312 1746 velotdinatam
333 1704 425 1739 fuisse
435 1703 571 1739 salutem
587 1704 700 1740 elerstis
712 1707 776 1739 Dei
788 1706 902 1743 tradit,
927 1717 1106 1752 antequam
1123 1706 1223 1741 fluere
1247 1711 1409 1755 coeperint
1419 1720 1580 1758 tempora.
1598 1712 1664 1747 Hic
1674 1714 1752 1748 vero
1763 1720 1840 1762 quia
1857 1720 1897 1752 de

56 1753 415 1806 promiffionetrarstat,
424 1766 495 1787 non
506 1755 622 1788 omnia
631 1752 736 1788 secula
745 1754 1012 1801 comprehendit,
1022 1765 1057 1800 vt
1068 1767 1130 1788 nos
1138 1754 1279 1789 abducat
1290 1767 1377 1791 extra
1388 1759 1506 1792 mundi
1519 1762 1785 1798 creationemzsed
1796 1766 1894 1801 docet

58 1804 171 1841 multa
181 1801 287 1838 secula
299 1800 474 1850 preteriiffe
485 1814 522 1835 ex
532 1814 601 1848 quo
613 1800 695 1836 salus
706 1801 768 1836 fuit
779 1801 945 1849 promissa.
956 1804 1066 1848 Siquis
1075 1801 1210 1836 breuius
1225 1803 1331 1842 malit,
1348 1807 1505 1841 Secularia
1515 1819 1649 1856 tempora
1669 1823 1730 1857 pro
1741 1810 1856 1848 seculis
1865 1817 1894 1848 i—

57 1853 123 1901 pfis
133 1854 280 1900 accipere
289 1850 377 1885 licet.
386 1850 447 1884 Sed
456 1853 618 1897 quoniam
630 1851 718 1898 prius
728 1861 838 1893 eterna
847 1852 912 1885 Dei
923 1849 1086 1884 electione
1097 1850 1172 1884 data
1180 1850 1244 1885 fuit
1254 1847 1337 1887 salus
1347 1855 1447 1900 quam
1458 1855 1702 1902 promissa:ideo
1713 1861 1747 1894 in
1759 1860 1837 1897 loco
1850 1863 1892 1897 il-

56 1898 94 1937 lo
104 1903 129 1936 E
154 1899 249 1942 istole
262 1899 303 1932 ad
319 1898 539 1933 Timotheum
551 1921 560 1936 ‚
583 1901 673 1946 prior
682 1897 842 1933 omnibus
863 1897 977 1933 seculis
989 1899 1126 1933 donatio
1138 1899 1307 1934 statuitur:
1329 1906 1363 1936 δε
1375 1903 1419 1936 ita
1433 1902 1652 1940 subaudienda
1661 1908 1704 1941 est
1723 1921 1805 1944 nota
1817 1914 1893 1945 vni-

55 1958 115 1986 uer
130 1948 201 1983 alis.
235 1946 301 1982 Hic
310 1947 387 1982 verb
399 1945 486 1981 nihil
497 1945 587 1980 aliud
608 1945 768 1994 fignificat
780 1948 882 1993 quam
894 1946 1146 1994 promiffionem
1157 1950 1194 1981 in
1213 1946 1320 1996 longo
1331 1948 1516 1986 seculorum
1530 1955 1646 1988 ordine
1663 1959 1890 2003 antiquiorem

56 1995 118 2033 effe
129 1999 227 2044 :quia
237 1996 344 2030 statim
356 1995 374 2030 ὲ
386 1996 525 2030 condito
540 1996 668 2029 mundo
678 1997 792 2043 coepit.
822 1996 946 2029 Eodem
960 1993 1048 2030 sensu
1062 1996 1101 2028 ad
1120 1997 1224 2029 Rom.
1246 2000 1353 2044 capite
1363 2010 1385 2032 1.
1397 2012 1424 2033 a.
1435 2010 1451 2032 2
1460 2023 1469 2038 ‚
1481 2003 1701 2048 Euangelium
1714 2008 1805 2050 quod
1825 2007 1892 2042 sus*

28 2072 31 2077 s
54 2049 158 2081 citato
175 2046 311 2079 demum
322 2057 359 2078 ex
370 2045 511 2078 mortuis
523 2044 657 2077 Christo
671 2043 832 2091 publicari
842 2044 955 2077 debuit
969 2067 979 2081 ‚
1000 2042 1196 2090 promissum
1218 2046 1252 2078 in
1262 2046 1438 2093 Scripturis
1450 2061 1506 2095 per
1525 2046 1705 2096 Prophetas
1716 2053 1808 2088 fuiffe
1827 2057 1890 2090 do-

55 2105 118 2129 cet.
147 2092 336 2128 Plurimum
363 2094 453 2126 enim
467 2092 484 2125 ὲ
497 2090 643 2139 ptaesenti
656 2094 766 2138 gratiae
775 2091 981 2125 exhibitione
991 2089 1098 2125 differt
1110 2091 1258 2127 Patribus
1277 2092 1362 2128 facita
1373 2094 1454 2129 olim
1467 2096 1650 2144 proiiiissio.
1702 2101 1770 2151 Q
1780 2108 1890 2137 mentia

52 2146 84 2177 ri
91 2140 256 2192 nonpotest.
308 2140 499 2187 Epitherum
511 2139 643 2179 α’ψενῶιὶς
652 2153 722 2174 non
735 2151 802 2173 tam
813 2141 964 2174 ornando
973 2141 1049 2173 Deo
1061 2162 1072 2176 ,
1093 2141 1195 2186 quam
1206 2139 1282 2175 fidei
1293 2143 1409 2178 nostrae
1428 2144 1661 2181 confirmandae
1673 2150 1819 2185 additum
1832 2154 1887 2186 esta

51 2192 93 2225 Et
102 2190 189 2225 certe
200 2190 331 2235 quoties
341 2189 379 2222 de
390 2187 489 2221 salute
498 2189 606 2232 nostra
617 2190 736 2235 agitur,
747 2187 845 2222 nobis
856 2190 892 2223 in
904 2199 1052 2222 mentem
1064 2190 1176 2222 venire
1186 2188 1294 2226 debet,
1309 2186 1488 2227 eius'verbo
1501 2193 1669 2230 fundatam
1681 2197 1814 2245 eise-,qui
1825 2213 1886 2236 nec

51 2238 163 2274 fallere
172 2238 290 2286 potest,
302 2249 362 2271 nec
372 2238 517 2270 mentiri.
528 2236 599 2270 imo
615 2236 682 2271 haee
692 2238 790 2270 vnica
800 2237 843 2271 est
853 2239 957 2271 totius
967 2235 1142 2284 religionis
1152 2237 1400 2285 comprobatio,
1412 2242 1632 2278 immutabilis
1643 2245 1711 2279 Dei
1720 2250 1847 2283 veritas.

102 2284 117 2331 ς’
168 2283 383 2329 Mamfistauit
398 2289 526 2323 autem.)
565 2286 643 2319 Erat
653 2285 787 2331 quidem
799 2287 866 2319 iam
878 2286 945 2319 haec
955 2284 1065 2331 aliqua
1077 2284 1308 2325 manifestatio,
1320 2300 1423 2334 quum
1436 2289 1519 2324 olim
1532 2293 1622 2326 Deus
1634 2305 1691 2340 per
1703 2296 1883 2343 Prophetas

51 2334 127 2370 suos
138 2334 297 2381 loquutus
308 2334 368 2368 est:
379 2332 429 2368 sed
442 2335 520 2379 quia
530 2332 639 2381 palam
663 2333 808 2367 aduentu
818 2330 876 2367 suo
889 2332 1039 2367 exhibuit
1051 2333 1201 2368 Christus
1212 2347 1284 2380 quae
1295 2335 1344 2369 illi
1356 2336 1492 2372 obscur&
1510 2341 1740 2386 praedixerant:
1762 2346 1882 2380 deinde

52 2385 177 2418 Gentes
193 2385 227 2416 in
237 2381 366 2416 foederis
377 2381 564 2416 societatem
576 2380 672 2424 ascite
681 2380 892 2415 fuerunt:hoc
903 2379 993 2416 sensu
1005 2394 1096 2416 nunc
1108 2381 1352 2418 manifestatum
1365 2384 1424 2419 effe
1436 2387 1517 2421 dicit
1529 2388 1647 2423 Paulus
1665 2417 1674 2431 ,
1687 2393 1777 2438 quod
1789 2395 1880 2440 prins

51 2441 165 2465 tamen
177 2429 287 2477 aliqua
296 2443 334 2464 ex
344 2441 432 2477 parte
442 2429 606 2464 ostensum
616 2429 732 2464 fuerat.
771 2428 927 2478 Tempora
934 2433 1060 2478 propria
1079 2430 1166 2465 idem
1177 2429 1233 2464 hic
1242 2429 1415 2478 fignificat,
1425 2436 1515 2481 quod
1526 2436 1565 2470 ad
1578 2437 1682 2472 Galat.
1693 2452 1797 2486 4.a.4‚
1806 2441 1881 2477 Ple-

49 2480 171 2515 nitudo
183 2490 385 2526 temporum.
398 2479 569 2512 Admonet
581 2481 669 2513 enim
681 2479 747 2512 hoc
756 2480 900 2513 maxime
910 2490 1142 2526 opportunum
1152 2479 1273 2526 agendi
1283 2479 1376 2516 fuiffe
1386 2494 1518 2531 tempus
1527 2511 1538 2524 ,
1561 2498 1667 2531 quum
1678 2488 1835 2524 Domino
1845 2503 1879 2524 a·

49 2539 125 2575 gere
138 2527 273 2575 placuit:
286 2537 321 2560 vt
338 2526 518 2560 hominum
534 2529 710 2561 temeritati
720 2537 881 2564 occurrat,
894 2529 952 2573 qui
963 2525 1088 2575 semper
1114 2529 1281 2574 inquirere
1291 2530 1412 2564 audent
1423 2543 1480 2565 cur
1490 2546 1562 2567 non
1572 2535 1687 2576 citius,
1700 2539 1879 2585 curpotissis

48 2577 150 2611 hodie
159 2577 261 2621 quam
271 2587 349 2609 cras.
401 2576 487 2622 Ergo
498 2588 540 2609 ne
552 2587 665 2622 praeter
677 2575 816 2609 modum
832 2574 931 2609 simus
941 2574 1060 2609 curiosi
1070 2600 1081 2614 ,
1091 2586 1244 2623 tempora
1254 2578 1290 2611 in
1309 2591 1410 2613 manu
1420 2579 1623 2628 arbitrioque
1634 2584 1698 2618 Dei
1707 2584 1750 2619 fic
1772 2586 1878 2633 posita

49 2622 109 2659 eise
120 2624 218 2658 docet
229 2650 239 2663 ,
260 2635 295 2657 vt
308 2622 395 2657 nihil
405 2636 474 2657 non
486 2625 602 2657 ordine
622 2635 658 2658 ac
668 2623 862 2670 tempestiue
873 2635 967 2671 agere
978 2622 1156 2658 censendus
1170 2624 1218 2658 sit.
1267 2629 1537 2672 Sermonemsuum.
1588 2631 1648 2665 Vel
1657 2631 1879 2670 subaudienda

49 2672 93 2707 est
103 2667 289 2720 praepositio
299 2673 358 2705 Per
369 2672 474 2718 (quod
485 2674 606 2705 Graecis
620 2685 691 2706 non
702 2672 745 2705 est
753 2670 911 2712 insolens)
922 2671 975 2706 vel
986 2674 1179 2707 Sermonem
1192 2685 1289 2709 vocat
1299 2675 1487 2710 Christum:
1499 2677 1559 2712 nisi
1568 2677 1653 2714 forte
1665 2681 1791 2728 aliquid
1802 2683 1877 2719 sub-

47 2721 158 2758 audire
168 2720 292 2768 placeat
302 2744 311 2758 ‚
322 2718 486 2754 sententiae
498 2719 675 2767 implendae
684 2718 786 2754 causa.
796 2720 884 2754 Mihi
895 2718 1036 2755 secunda
1045 2720 1218 2768 expositio,
1229 2721 1291 2757 nifi
1305 2724 1396 2769 quod
1405 2724 1579 2772 paululum
1591 2740 1648 2762 coa
1654 2732 1706 2764 &a
1718 2732 1761 2765 est
1770 2755 1779 2769 ,
1792 2732 1876 2768 alio-

47 2771 107 2815 'qui
117 2781 187 2803 non
197 2768 389 2816 displiceret.
409 2770 462 2802 Sic
471 2767 636 2802 Iohannes
650 2770 751 2802 initio
763 2766 823 2802 suae
836 2768 991 2816 Epistolae
1001 2792 1011 2808 ‚
1026 2770 1131 2815 Qd
1141 2771 1330 2806 audiuimus
1342 2798 1352 2811 ,
1365 2774 1456 2818 quod
1469 2775 1613 2810 vidimus
1625 2777 1731 2812 oculis
1743 2782 1874 2822 nostris,

47 2818 139 2865 quod
151 2830 268 2851 manns
279 2817 395 2851 nostrae
406 2819 654 2851 contre-&arunt
666 2817 704 2850 de
714 2814 864 2851 sermone
871 2820 947 2851 vitae
955 2840 965 2854 ‚
978 2821 1011 2852 &
1021 2820 1090 2851 vita
1099 2817 1301 2853 manifestata
1310 2821 1365 2854 est.
1376 2823 1490 2867 Itaque
1500 2822 1635 2870 praefero
1648 2828 1740 2873 quod
1750 2827 1877 2876 simpli*-

46 2867 117 2899 cius
128 2866 183 2903 est,
195 2867 305 2899 Deum
318 2867 419 2899 vitam
432 2877 488 2912 per
501 2859 687 2899 sermonem
698 2863 922 2905 manifestaffe,
931 2864 985 2899 vel
998 2865 1182 2912 sermonem
1194 2867 1233 2901 de
1243 2872 1312 2901 vita
1323 2869 1535 2905 manifestasse
1543 2885 1601 2919 per
1611 2875 1783 2922 Euangelii
1792 2890 1872 2924 prae-

45 2913 259 2948 dicationem.
310 2912 483 2946 Praedicatio
503 2914 542 2947 de
557 2926 623 2959 qua
634 2913 785 2960 loquitur
803 2937 813 2950 ‚
835 2914 879 2947 est
895 2913 1118 2961 Euangelium
1138 2915 1389 2962 promulgatum
1403 2929 1411 2949 z
1430 2929 1465 2952 vt
1475 2921 1560 2954 certe
1582 2921 1647 2956 hoc
1670 2927 1873 2972 praecipuum

45 2962 91 2996 est
107 2962 199 3008 quod
213 2961 282 2995 illic
309 2962 462 2995 audimus
472 2987 482 3001 ,
501 2961 672 2996 Christum
685 2962 782 2996 nobis
793 2963 878 3000 dari,
901 2964 983 2996 &in
993 2975 1033 2996 eo
1044 2964 1158 2996 vitam.
1190 2965 1293 2998 Porro
1304 2967 1382 3011 quia
1403 2979 1474 3000 non
1485 2981 1602 3003 omnes
1621 2970 1809 3017 promiscue
1833 2975 1874 3008 ad

1927 724 2009 761 c010ff.
2019 728 2039 753 ι
2047 724 2096 763 21.5.j

1923 1510 2095 1553 Gemmas}

2083 2740 2089 2753 l

2088 2757 2094 2772 l

1901 2786 2027 2826 1'.Iol'›.1.d.
2038 2798 2062 2827 ὴ

46 3020 181 3044 tantum
204 3023 325 3044 munus
335 3008 408 3044 sunt
419 3009 552 3048 idonei,
573 3008 673 3044 necse
683 3009 858 3057 quisquam
886 3010 1154 3057 ingeretedebet:
1173 3014 1387 3047 vocationem
1400 3013 1491 3050 suam
1509 3029 1570 3063 pro
1582 3030 1674 3052 more
1684 3018 1797 3055 asserit.
1826 3024 1889 3056 V-

46 3056 82 3092 bi
104 3056 293 3091 discendum
306 3058 350 3091 est
358 3058 449 3104 quod
467 3056 546 3105 saepe
555 3057 634 3093 alifis
648 3061 846 3093 monuimus
859 3081 869 3096 ‚
880 3060 1009 3093 nemini
1028 3058 1138 3092 deberi
1147 3059 1313 3095 honorem
1325 3060 1385 3096 nisi
1397 3061 1495 3109 quise
1507 3065 1668 3100 diuinitus
1681 3069 1871 3105 institutum

46 3104 341 3153 probauerit.Nam
353 3109 387 3140 3<
399 3108 516 3150 Satane
527 3107 667 3140 ministri
677 3104 813 3141 Pastuose
824 3108 842 3141 ὲ
852 3108 926 3140 Deo
936 3105 965 3140 se
977 3119 1113 3141 vocatos
1124 3107 1381 3144 effe-iaetantzsed
1392 3111 1484 3145 nulla
1495 3125 1610 3147 eorum
1620 3114 1716 3149 dictis
1726 3115 1804 3152 fides
1815 3121 1873 3153 co-

46 3154 115 3188 stat.
125 3152 244 3187 Paulus
254 3164 363 3187 autem
375 3153 508 3188 nonnisi
518 3167 587 3188 rem
599 3165 714 3188 notam
729 3159 762 3189 &
774 3156 919 3189 testatam
932 3153 1056 3202 profert
1065 3182 1075 3196 ‚
1085 3159 1217 3202 quoties
1229 3156 1284 3201 sue
1295 3161 1482 3193 vocationis
1494 3164 1657 3196 meminit.
1677 3165 1824 3206 Preterea
1835 3176 1872 3201 ex

47 3200 202 3236 hocloco
213 3201 363 3235 elicimus
375 3200 532 3248 quorsum
545 3202 696 3250 Apostoli
708 3206 806 3236 creati
817 3201 1026 3250 {unt‚nempe
1034 3204 1206 3251 Euangelii
1216 3205 1453 3253 promulgandi
1466 3208 1605 3242 causa2vt
1615 3209 1712 3249 alibi,
1729 3215 1778 3256 Ve
1788 3215 1872 3249 mihi

45 3249 107 3284 nifi
119 3248 555 3297 euangelizemtdispensatio
567 3253 658 3284 enim
669 3250 752 3285 mihi
761 3253 880 3286 credita
894 3250 947 3284 est.
964 3253 1077 3298 Quare
1088 3255 1147 3298 qui
1162 3263 1268 3287 mutas
1285 3254 1436 3301 personas
1447 3257 1481 3289 in
1494 3259 1565 3290 orio
1577 3261 1609 3291 δε
1622 3259 1748 3294 deliciis
1758 3274 1874 3309 agunt,

46 3296 222 3346 plusquam
250 3298 459 3344 impudenter
468 3297 498 3332 se
510 3301 632 3333 iactant
652 3298 789 3333 illorum
801 3298 1003 3334 successores.
1050 3301 1324 3345 Seruatorisnostn'.
1349 3304 1438 3336 Idem
1450 3305 1536 3338 Patri
1555 3308 1587 3340 &
1601 3307 1736 3343 Christo
1747 3312 1876 3358 epithe-

45 3356 121 3380 tum
141 3346 392 3380 accommodat:
412 3357 447 3380 vt
465 3347 554 3381 certe
561 3358 699 3394 vterque
718 3346 862 3382 seruator
871 3349 933 3385 est,
953 3347 1005 3382 sed
1014 3348 1141 3383 diuersa
1151 3352 1289 3384 ratione.
1316 3351 1390 3384 ideo
1401 3353 1492 3385 enim
1506 3351 1648 3389 seruator
1665 3357 1760 3392 Pater
1768 3383 1778 3396 ‚
1796 3363 1875 3406 quia

46 3393 122 3429 Filii
139 3391 188 3429 sui
207 3404 314 3429 morte
324 3406 388 3432 nos
406 3394 564 3434 redemit,
593 3403 630 3431 vt
639 3397 713 3432 vitae
731 3406 857 3433 aetetnae
876 3395 1018 3437 heredes
1035 3395 1189 3442 efficeret.
1216 3396 1316 3442 Filius
1331 3409 1440 3434 autem
1451 3425 1463 3441 ,
1479 3403 1558 3448 quia
1567 3402 1761 3451 sanguinem
1779 3406 1877 3444 suum

1563 3451 1606 3496 Υ.
1644 3455 1703 3500 iiij.

1972 3079 1993 3110 ’ἴ
2045 3107 2048 3110 .

2001 3113 2025 3128 .,,
2045 3119 2049 3124 ,

2027 3154 2039 3161 ῃ
2046 3145 2060 3154 e

2044 3162 2061 3175 Ο

1897 3229 1918 3247 1-
1929 3224 1985 3249 Cor.
1994 3217 2043 3254 9}-
2054 3227 2095 3253 26⁴
