2268 3705
278 106 346 152 ’392'
528 100 533 103 ’
664 141 665 144 ,
756 82 1552 138 'I-NEPIST·PAVLI

280 176 358 209 dere
368 168 526 206 debemus
536 193 546 209 ,
570 168 637 201 iam
648 168 683 202 in
692 162 833 214 persona
840 162 978 198 fratrum
997 163 1120 208 pignus
1130 157 1279 192 vietoriae
1289 155 1406 189 nostrae
1427 152 1597 188 habentes.
1613 151 1727 189 Huius
1737 152 1868 199 agnitio
1878 153 2037 188 timorem
2063 168 2126 190 no·

190 224 268 286 «θ’
285 222 388 257 strum
400 217 496 253 debet
507 220 652 252 vincere,
663 226 697 249 vt
713 217 748 249 in
760 214 876 248 mediis
887 211 1042 258 periculis
1053 206 1217 253 intrepide
1228 204 1417 250 loquamur.

245 245 271 317 ὲ
336 279 366 312 15
418 266 574 300 Nonnulli
584 263 729 311 quidem.)
782 260 877 296 Alius
888 259 1014 294 fructus
1026 253 1240 290 vinculorum
1250 251 1357 292 Pauli,
1369 251 1460 297 quod
1470 263 1542 284 non
1554 247 1617 292 soli
1627 245 1982 285 fratres'animabantut
1996 252 2035 286 ad
2047 251 2133 288 fidu-

261 319 264 322 .
287 320 391 356 ciam,
403 318 472 350 eius
483 312 647 360 exemplo:
660 316 692 346 &
706 310 842 357 quidem
856 307 911 340 alii
922 317 957 338 vr
973 306 1090 338 starent
1100 305 1134 335 in
1146 301 1259 348 gradu,
1268 300 1325 333 alii
1335 311 1371 333 vt
1380 300 1419 332 ad
1430 298 1619 332 docendum
1630 296 1805 336 alacriores
1816 297 1930 334 fierent
1943 312 1950 333 :
1962 297 2013 334 scd
2031 304 2134 336 etiam

285 367 351 413 qui
365 367 395 398 ei
405 362 488 398 male
501 362 670 400 volebant,
679 358 747 393 alio
755 355 905 391 concilio
916 350 1139 387 incitabantur
1153 349 1192 384 ad
1202 347 1443 397 publicandum
1454 345 1691 394 Euangeliurn.

344 414 379 453 16
428 414 502 446 Alai
511 415 648 456 mquam,
657 420 701 440 ex
711 404 921 445 contentione.)
957 397 1148 447 Epexegefis
1168 410 1234 444 qua
1244 396 1374 445 plenius
1386 394 1588 443 superiorem
1597 393 1794 430 sententiam
1804 395 1952 430 declarat.
1964 401 2080 445 repetit
2101 412 2136 433 e-

157 491 166 503 «,
187 496 196 513 Ι
207 495 225 511 n
234 491 251 504 ,,
288 463 368 496 nim
379 461 447 495 duo
460 457 520 494 effe
532 456 840 506 gene-rahhominum
855 463 914 496 qur
925 448 988 486 fiiis
999 448 1142 482 vinculis
1153 453 1193 480 ad
1203 447 1374 481 Christum
1385 438 1657 477 annuntiandum
1669 446 1859 479 incitentur.
1886 444 1983 480 Alios
1993 458 2136 481 conten-

165 503 171 508 .
225 506 252 539 ..i
295 513 391 543 tione
403 508 614 556 impelli‚h0⁴²
626 495 784 549 effffffuo
795 497 936 533 affeetu:
967 495 1050 531 alios
1062 499 1121 544 pio
1132 495 1250 534 studio,
1263 496 1341 540 quia
1352 491 1458 535 velint
1469 493 1533 525 vna
1543 489 1702 538 suscipere
1711 493 1885 540 Euangelii
1894 493 2133 530 defenfionem.

295 558 378 592 Illos
389 559 468 591 dicit
484 568 553 589 non
565 566 608 600 pu
615 553 646 584 [ἐ
669 550 867 584 annuntiare
878 545 1068 581 Christum:
1091 546 1170 590 quia
1180 556 1252 576 non
1263 552 1329 575 erat
1339 543 1446 576 rectus
1455 539 1557 574 zelus.
1569 552 1678 586 neque
1687 542 1778 574 enim
1789 536 1855 576 hoc
1865 546 2009 589 pertinet
2019 544 2057 577 ad
2076 545 2138 578 do-

297 608 440 641 &tinam
457 618 465 637 ;
480 605 558 649 quia
569 600 637 634 tien
649 598 755 646 potest
765 608 799 631 vt
810 597 868 642 qni
881 592 1051 643 puriffime
1061 594 1158 627 docet
1169 615 1179 629 ‚
1191 603 1262 625 non
1273 589 1309 623 sit
1320 601 1432 624 tamen
1443 588 1567 623 lincero
1578 588 1819 633 animo..Qif0d
1831 602 1940 624 autem
1963 594 2139 640 impuritas

297 655 386 691 haec,
399 655 504 687 animi
514 649 623 685 fuerit,
637 653 671 681 δε
684 659 755 681 non
765 645 953 693 apparuerit
964 645 1000 677 in
1016 642 1179 677 doctrina,
1189 638 1347 685 colligere
1357 637 1433 672 licet
1450 650 1488 671 ex
1502 647 1670 671 contextu.
1684 637 1806 671 Paulu's
1815 639 1980 674 certenon
1999 640 2140 675 libenter

299 699 426 736 vidiffct
436 695 856 744 Euangeliumadulterari.
868 693 963 738 atqui
974 690 1001 724 se
1016 689 1155 737 gaudere
1165 688 1296 723 testatur
1307 687 1539 733 praedicatione
1551 683 1690 719 istorum
1700 698 1771 719 110ss
1785 684 1841 719 slm
1847 685 1926 734 plici
1936 700 1997 722 nec
2008 688 2140 725 [inccta.

300 750 363 784 Sed
374 749 529 794 quaeritur
539 744 714 793 quomodo
725 754 844 777 nocere
855 739 905 774 illi
913 741 1061 787 potuerit
1072 737 1145 772 talis
1158 735 1358 784 praedicatio.
1369 732 1580 782 Respondeos
1592 733 1753 781 plurimas
1769 734 1956 770 occationes
1968 737 2066 771 nobis
2080 737 2141 774 effe

300 799 504 843 incognitas,
523 796 582 841 qui
594 804 786 841 temporum
796 789 1044 824 circunstantias
1055 799 1126 821 non
1139 796 1302 821 tenemus.
1327 785 1496 829 Qaeritur
1507 781 1634 817 rursum
1651 795 1779 828 ,quum
1790 783 1983 818 annuntiari
1999 798 2142 832 nequeat

298 844 526 892 Euangelium
538 841 598 878 nili
609 842 649 876 ab
660 837 926 886 intelligentibus
936 862 947 876 ‚
972 848 1044 882 quae
1054 832 1148 869 causa
1160 833 1239 868 istos
1258 831 1429 880 impulerit
1440 833 1480 865 ad
1498 828 1754 880 persequendam
1765 843 1875 878 quam·
1885 831 2071 879 probabant
2081 835 2143 869 do-

304 895 459 929 emnam.
472 889 684 940 Respondeo,
699 900 817 924 caecam
830 884 889 921 effe
899 883 1135 924 ambitionem,
1145 882 1216 917 imb
1227 878 1386 916 rabiosam
1398 879 1543 915 belluam
1557 893 1564 913 z
1584 879 1662 913 ideo
1671 892 1743 913 non
1753 878 1813 913 effe
1824 882 1948 914 mirum
1968 880 1990 915 si
2000 880 2067 916 falsi
2077 882 2145 917 fra÷

305 952 371 976 tres
390 941 496 976 telum
516 953 553 975 ex
572 936 754 986 Euangelio
773 938 932 982 arripiant
949 934 990 968 ad
1003 933 1167 967 vexandos
1187 930 1300 965 bonos
1311 932 1345 965 E<
1365 930 1439 976 pios
1449 930 1602 963 Pastores.
1631 925 1730 961 Nihil
1747 929 1832 962 certe
1846 928 1901 963 hic
1923 920 2007 964 *dicit
2023 930 2144 968 Paulus

303 991 400 1038 quod
422 1003 485 1037 ego
496 1002 567 1024 non
578 987 636 1022 fim
648 996 810 1033 expertus.
829 986 950 1018 viuunt
962 983 1054 1016 enim
1065 981 1172 1015 adhuc
1186 979 1286 1014 hodie
1304 979 1365 1024 qui
1373 976 1592 1025 Euangelium
1603 988 1674 1010 non
1685 975 1752 1010 alio
1763 979 1883 1011 animo
1899 979 2138 1026 praedicarunt,

304 1040 410 1086 quam
422 1050 457 1072 vt
468 1036 691 1086 persequendo
701 1036 776 1082 pios
786 1032 931 1067 pastores
941 1055 950 1068 ‚
959 1032 1144 1078 imp-iorum
1163 1027 1268 1062 furori
1278 1024 1475 1071 obsequium
1488 1024 1679 1073 praeberent.
1689 1025 1793 1071 Qod
1804 1026 1842 1059 ad
1852 1027 1944 1061 Pauli
1955 1027 2062 1062 hostes
2074 1020 2146 1076 spess

306 1089 376 1122 <stat
385 1110 394 1124 ,
415 1087 671 1134 operaepretium
683 1087 725 1116 cst
742 1080 913 1115 obst-:tuate
923 1104 933 1119 ‚
956 1077 979 1112 fi
988 1078 1086 1112 ludaei
1097 1076 1221 1112 fuerint
1232 1101 1241 1115 ‚
1252 1074 1354 1120 quam
1376 1071 1527 1108 insanum
1538 1072 1634 1108 fuerit
1649 1085 1765 1108 eorum
1776 1074 1892 1109 odium
1906 1089 1913 1109 :
1927 1087 1960 1109 vt
1970 1078 2070 1111 etiam
2079 1075 2148 1111 ob-

307 1134 541 1170 liuiscetentut
563 1145 664 1179 qnam
674 1131 719 1166 ob
734 1127 863 1164 causam
882 1126 992 1175 ipsum
1000 1124 1150 1160 odiiient.
1178 1124 1270 1159 Nam
1289 1122 1369 1156 dum
1381 1119 1567 1156 ferebantur
1579 1122 1618 1155 ad
1629 1120 1735 1168 ipsum
1755 1123 1960 1169 perdendum
1979 1148 1988 1162 ‚
2006 1137 2148 1173 promo-

312 1184 427 1218 uendo
446 1185 534 1217 Euan
540 1180 629 1229 gelio
641 1204 651 1219 ‚
667 1181 763 1214 cuius
779 1175 951 1212 occasione
971 1173 1022 1208 illi
1031 1185 1122 1208 etant
1142 1170 1270 1209 infesti,
1289 1168 1457 1205 nauabant
1484 1181 1619 1218 operam
1631 1195 1639 1203 .
1657 1168 1708 1204 sed
1720 1170 1880 1217 putabant
1901 1171 2024 1207 scilieet
2043 1174 2148 1208 Chri-

309 1231 350 1266 sti
359 1229 488 1266 causam
500 1233 535 1264 in
548 1232 646 1264 vnius
657 1228 808 1263 hominis
818 1227 925 1273 capite
935 1222 1016 1257 stare
1030 1221 1083 1258 vel
1093 1221 1215 1256 cadere.
1241 1221 1276 1254 Si
1286 1230 1397 1253 autem
1409 1229 1499 1254 erant
1509 1217 1620 1255 aemuli
1629 1241 1639 1255 ,
1651 1230 1736 1264 quos
1745 1218 1886 1260 ambitio
1897 1223 1941 1255 ita
1952 1221 2150 1258 transueribs
2171 1203 2179 1213 ι

306 1290 445 1327 raperet,
457 1276 663 1326 agnoscenda
675 1274 719 1312 est
732 1278 815 1310 mira
822 1275 888 1309 Dei
897 1273 1043 1309 bonitas,
1054 1273 1113 1317 qui
1122 1280 1190 1304 tam
1202 1266 1358 1317 peruerfis
1368 1279 1484 1303 eorum
1494 1267 1606 1305 studiis
1617 1265 1716 1303 talem
1729 1267 1852 1302 dederit
1866 1267 2054 1305 successum,

358 1339 394 1367 17
442 1323 540 1376 de
548 1330 580 1360 in
591 1324 823 1371 defensionem.)
873 1323 946 1367 Qi
958 1321 1031 1359 vere
1043 1319 1214 1356 Christum
1227 1315 1395 1355 amabant,
1404 1315 1499 1365 turpe
1509 1313 1568 1361 fibi
1577 1313 1740 1350 ducebant
1749 1313 1821 1352 fore
1830 1316 1892 1351 nifi
1900 1321 2043 1353 comites
2054 1316 2084 1353 se
2093 1320 2152 1354 ad-

309 1378 488 1425 iungerent
498 1374 600 1410 Paulo
610 1371 739 1410 causam
750 1371 840 1406 illius
849 1371 1075 1417 agenti.atque
1085 1370 1129 1405 ita
1139 1365 1238 1405 nobis
1247 1365 1414 1413 agendum
1424 1364 1519 1404 est,vt
1529 1362 1756 1402 laborantibus
1767 1364 1892 1402 Christi
1903 1365 2002 1401 seruis
2015 1380 2133 1404 manus

304 1436 472 1472 quantum
491 1426 524 1458 in
536 1424 634 1458 nobis
645 1422 690 1456 est
707 1444 717 1459 ,
729 1423 950 1469 porrigamus,
970 1415 1121 1458 Qbserua
1130 1417 1251 1453 iterum
1263 1414 1348 1452 hanc
1358 1412 1596 1459 loquutionetn
1607 1412 1646 1450 de
1665 1412 1839 1458 Euangelii
1852 1413 2051 1451 defensione.
2070 1395 2150 1453 narr:

271 1485 412 1617 {quum
425 1485 519 1506 tanto
543 1473 673 1506 honore
684 1482 746 1504 nos
777 1468 928 1503 Christus
939 1466 1094 1513 dignetur
1104 1491 1114 1505 ‚
1133 1476 1205 1511 quae
1217 1461 1379 1498 excusatio
1391 1460 1411 1494 si
1423 1459 1522 1503 causae
1541 1464 1611 1494 eius
1621 1459 1780 1495 fuerimus
1792 1466 2078 1507 praeuaricatores?
2095 1477 2153 1501 aut

306 1523 388 1571 quid
402 1521 500 1557 nobis
512 1519 754 1569 expectandum
765 1516 891 1552 stillam
904 1515 1016 1559 nostro
1030 1513 1159 1548 silentio
1195 1511 1426 1550 rodiderimus2
1439 1508 1499 1546 nist
1510 1521 1543 1545 vt
1555 1510 1701 1547 nostram
1712 1507 1851 1547 vviciffim
1861 1509 1983 1549 deierat-
1992 1514 2051 1562 qui
2062 1511 2156 1552 solus

307 1570 398 1618 apud
409 1571 536 1605 Patrem
548 1569 730 1604 aduocatus
740 1565 792 1600 vel
802 1574 963 1614 patronus
974 1558 1019 1597 est'
1027 1562 1159 1597 noster?
1704 1592 1707 1593 ⁷
1953 1560 1961 1571 ·

314 1680 319 1685 .
374 1653 412 1691 18
465 1651 572 1705 Qid
576 1651 668 1691 enim
677 1651 695 1688 ?
702 1643 854 1687 caetericm
865 1644 986 1700 quouis
996 1643 1096 1683 modo
1099 1641 1178 1698 ‚fiae
1180 1630 1524 1700 peroccafionemfiite
1525 1653 1589 1699 per
1597 1643 1793 1687 veritatem,
1799 1639 1952 1696 Chrfstus
1961 1647 2152 1684 annuntia-

314 1717 382 1748 tur.
393 1719 496 1763 atque
505 1713 544 1747 in
551 1704 958 1760 hocgaudeo.quineti1m
963 1699 1130 1755 gaudebO.

367 1778 405 1809 19
463 1767 561 1804 Noui
577 1766 670 1802 em‘m
682 1756 776 1815 qubd
781 1757 841 1798 hoc
859 1754 950 1798 mihi
961 1754 1056 1796 cedet
1063 1759 1103 1797 in
1101 1753 1251 1812 fhlutem
1253 1767 1318 1814 per
1338 1753 1486 1808 vestram
1484 1756 1717 1810 precationem
1726 1783 1738 1800 ‚
1764 1752 2160 1810 &subministrationem

308 1824 458 1877 Spiritus
470 1819 541 1875 Ιςβι
552 1817 697 1863 chrifti,
1832 1818 1835 1821 ⁴

371 1894 415 1916 20
488 1875 673 1916 secundum
699 1873 972 1929 expedationem
986 1867 1125 1925 &spem
1133 1883 1247 1909 meam
1258 1899 1268 1914 ,
1286 1864 1383 1922 qubd
1386 1870 1426 1907 in
1433 1866 1528 1907 nuda
1537 1880 1573 1905 re
1577 1866 1668 1922 pade
1694 1881 1751 1906 am
1761 1897 1773 1914 ,
1789 1864 1940 1921 filicum
1949 1873 2046 1910 amm·
2059 1868 2152 1922 fida-

311 1939 365 1977 κὶα
380 1965 391 1982 ,
404 1930 692 1989 quemadmodum
697 1927 848 1984 semper,
859 1930 910 1967 ita
921 1928 961 1974 ἀ·
971 1939 1063 1966 mmc
1070 1922 1342 1983 magnificabatur
1353 1922 1504 1978 Chrtstus
1511 1925 1552 1963 in
1560 1934 1690 1978 corpore
1696 1936 1772 1968 meo
1781 1954 1792 1972 ‚
1791 1924 1904 1981 fiae)
1905 1936 1970 1981 per
1976 1927 2104 1972 vitam,
2106 1926 2135 1988 (i

316 2007 359 2032 ue
360 2003 425 2048 per
431 1999 586 2030 mortem.
1119 2021 1121 2023 Ι
1313 2028 1315 2030 q
2132 1969 2154 2004 j

373 2062 395 2085 2
401 2060 413 2084 1
471 2041 593 2088 mihi
602 2044 696 2082 enim
704 2039 860 2081 viuendo
869 2036 1024 2098 christus
1033 2037 1138 2086 effi&
1149 2036 1326 2076 moriendo
1340 2036 1485 2080 lucrum.
2108 2076 2112 2078 .

362 2104 398 2137 18
448 2104 591 2134 Ceterum
604 2100 710 2143 quouis
720 2095 830 2139 modo.)
879 2097 1058 2140 Qoniam
1075 2093 1251 2141 improbus
1270 2105 1385 2128 eorum
1395 2093 1434 2126 de
1444 2089 1566 2138 quibus
1575 2089 1736 2138 loquutus
1751 2092 1805 2130 est,
1815 2095 1948 2128 animus
1959 2105 2088 2142 poterat
2096 2096 2155 2130 de-

316 2151 445 2187 trahere
456 2151 592 2198 gratiam
602 2147 780 2181 doetrinae:
799 2145 879 2178 dicit
889 2144 953 2178 hoc
964 2141 1024 2178 effe
1037 2145 1150 2189 magni
1162 2142 1389 2177 aestimandum
1398 2163 1408 2178 ,
1432 2140 1525 2186 quod
1535 2139 1755 2187 Euangelium
1767 2151 1878 2175 tamen
1888 2142 2150 2189 promouebant,

317 2197 560 2248 qualiscunque
572 2193 646 2230 effer
658 2196 800 2229 animus.
813 2193 909 2226 Deus
918 2194 1009 2226 enirn
1020 2190 1116 2225 malis
1129 2195 1164 2225 ὃς
1174 2188 1301 2225 vitiosis
1313 2190 1480 2224 interdurn
1493 2188 1720 2224 instrumentis
1729 2188 1920 2236 praeclarum
1941 2202 2027 2238 opus
2036 2190 2151 2228 efficit.

318 2261 400 2296 ergo
412 2247 452 2281 de
464 2245 628 2281 eiusmodi
640 2239 782 2277 succeffu
794 2242 933 2288 gaudere
944 2238 973 2273 se
983 2240 1063 2274 dicit
1079 2253 1087 2273 :
1098 2241 1176 2286 quia
1186 2238 1252 2272 hoc
1262 2249 1331 2272 vno
1339 2248 1518 2282 contentus
1531 2234 1633 2274 cranii
1642 2238 1765 2271 videret
1775 2238 1899 2271 Christi
1908 2249 2049 2285 regnum
2070 2239 2155 2275 cres-

319 2309 402 2333 cere.
417 2292 702 2341 quemadmodum
716 2302 821 2337 quum
834 2287 1064 2325 audiebamus,
1077 2290 1248 2336 impurum
1258 2299 1375 2320 canem
1385 2285 1548 2320 Carolum
1558 2286 1735 2320 Auenione
1746 2289 1780 2319 δε
1790 2284 1868 2319 alibi
1879 2276 2003 2321 semina
2032 2300 2154 2335 putto-2

275 2373 280 2377 .
319 2348 364 2380 ris
380 2344 540 2378 doetrinae
559 2340 706 2389 spargere
716 2341 751 2372 in
764 2337 951 2372 multotum
962 2335 1119 2372 cordibus
1131 2360 1140 2373 ‚
1159 2337 1277 2383 gratias
1288 2334 1466 2382 agebamus
1479 2335 1554 2368 Deo
1563 2353 1589 2370 ,-
1603 2336 1662 2381 qui
1670 2330 1870 2379 nequiffimo
1882 2339 1916 2368 ὃς
1933 2334 2153 2382 perditiffimo

322 2392 492 2429 nebulone
501 2415 513 2430 ,
525 2390 563 2425 ad
573 2388 714 2438 gloriam
726 2385 816 2421 suam
826 2397 979 2420 vteretur.
989 2387 1104 2432 Atque
1115 2384 1214 2420 hodie
1223 2384 1405 2431 gaudemus
1413 2406 1424 2420 ,
1438 2380 1610 2427 Euangelii
1623 2379 1752 2418 cursum
1768 2393 1824 2432 per
1836 2378 1960 2417 multos
1971 2396 2156 2431 promoue-

322 2444 363 2479 ri,
376 2439 498 2488 quibus
509 2450 622 2473 tamen
631 2436 723 2471 aliud
733 2436 777 2470 est
786 2433 1004 2483 propositum.
1015 2445 1206 2480 quanquam
1219 2442 1329 2466 autem
1346 2429 1508 2478 gaudebat
1517 2427 1639 2466 Paulus
1645 2428 1818 2477 Euangelii
1828 2432 2052 2467 incrementis:
2063 2447 2155 2469 nun-

323 2502 425 2537 quam
447 2499 558 2522 tamen
569 2485 590 2521 fi
601 2482 707 2520 fuisset
722 2486 759 2518 in
768 2486 837 2517 eius
856 2495 957 2526 manu
966 2505 976 2519 ,
995 2482 1074 2516 tales
1084 2480 1260 2515 ordinass'et
1271 2480 1447 2514 ministros.
1457 2477 1674 2515 Gaudendum
1687 2490 1766 2525 ergo
1781 2477 1803 2515 fi
1812 2491 1870 2526 per
1879 2481 2006 2527 impios
2024 2480 2155 2528 aliquid

322 2537 408 2574 boni
426 2538 517 2570 Deus
527 2532 664 2570 efficiat:
694 2532 746 2568 sed
756 2544 827 2567 non
837 2531 912 2566 ideo
922 2541 980 2565 aut
996 2527 1185 2572 collocandi
1193 2529 1296 2564 sunta
1316 2527 1415 2562 nobis
1425 2529 1460 2561 in
1471 2525 1675 2566 ministerio,
1690 2538 1747 2561 aut
1755 2526 1902 2562 habendi
1911 2539 1975 2575 pro
1991 2527 2154 2565 levitimis

325 2586 451 2620 christi
463 2583 630 2618 ministris.
1564 2606 1567 2607 γ
2023 2557 2045 2576 ⁰

373 2645 409 2676 19
462 2633 502 2667 N
503 2645 549 2665 ouz
559 2635 639 2664 em'm
647 2627 762 2674 quod.)
810 2629 903 2674 Qa
911 2627 950 2662 ad
964 2625 1175 2662 conflandam
1183 2623 1289 2660 Paulo
1298 2624 1461 2660 inuidiam
1471 2623 1606 2671 quidam
1614 2622 2071 2671 Euangelium'pnblicabant,
2080 2626 2152 2673 qub

326 2684 433 2731 magis
443 2684 478 2716 in
489 2694 564 2715 eum
577 2679 790 2714 accenderent
799 2676 946 2711 hostiurn
957 2674 1265 2720 segnitiammccupat
1277 2671 1335 2707 fibi
1345 2686 1416 2707 non
1427 2675 1600 2707 nocituros
1610 2684 1725 2706 eorum
1736 2672 1910 2720 improbos
1920 2677 2156 2721 conatus,quia

324 2733 497 2767 Dominus
509 2731 543 2763 in
556 2728 760 2774 contrarium
773 2723 874 2759 finem
885 2721 971 2772 ipsos
982 2721 1164 2760 vertet‚acfi
1173 2720 1416 2759 dicat,Tamets1
1428 2733 1536 2757 meam
1546 2722 1726 2768 perniciem
1740 2719 1790 2755 illi
1801 2711 2157 2757 machi'nantutzconfi-

118 2773 279 2805 R⁰m·⁸·‘·²⁸·
327 2781 372 2815 do
381 2790 493 2814 tamen
505 2775 591 2812 nihil
602 2772 773 2810 effecturos
784 2772 873 2808 aliud
882 2785 1000 2808 omnes
1011 2783 1127 2806 eorum
1138 2781 1289 2809 conatus,
1299 2768 1359 2803 nifi
1372 2781 1405 2803 vt
1416 2770 1565 2806 Christus
1576 2771 1612 2803 in
1624 2781 1677 2803 me
1686 2766 1899 2815 glorificetur:
1910 2770 2001 2815 quod
2013 2770 2096 2805 mihi
2107 2771 2154 2807 est

328 2827 474 2865 salutare.
491 2824 581 2860 Nam
592 2825 631 2857 de
640 2821 739 2856 salure
749 2823 899 2870 corporis
917 2833 994 2855 eum
1006 2833 1076 2854 non
1087 2819 1196 2866 loqui,
1209 2830 1247 2852 ex
1255 2815 1467 2864 sequentibus
1477 2827 1575 2865 patet.
1590 2817 1676 2850 vnde
1691 2828 1802 2853 autem
1812 2815 1881 2851 haec
1894 2816 1995 2852 Paulo
2007 2816 2150 2854 fiducia?

330 2889 454 2925 nempe
465 2887 502 2909 cx
515 2886 554 2908 eo
566 2871 656 2919 quod
662 2870 744 2921 alibi
754 2871 862 2909 docet,
871 2872 953 2904 veris
963 2869 1030 2903 Dei
1042 2866 1226 2904 cultoribus
1236 2868 1350 2900 omnia
1360 2863 1419 2899 effe
1427 2866 1622 2900 adiumento
1632 2867 1668 2898 in
1677 2864 1819 2902 bonum:
1830 2866 1929 2900 etiam
1940 2864 1964 2900 fi
1974 2877 2066 2906 totus
2077 2870 2154 2904 mu-

331 2927 391 2961 dus
404 2936 482 2960 cum
493 2922 643 2969 principe
653 2922 710 2953 luo
720 2917 868 2955 diabolo,
878 2920 914 2952 in
924 2929 1040 2953 eorum
1052 2918 1191 2951 exitium
1203 2912 1379 2961 conspiret.
1933 2935 1938 2941 .

372 2977 436 3008 ‘Per
446 2971 575 3017 vestram
579 2969 809 3018 precationem.)
847 2967 930 3010 Q
940 2978 996 3000 eos
1006 2963 1110 3000 actius
1120 2962 1264 2999 stimulet
1273 2962 1314 2996 ad
1326 2961 1526 3009 precandum
1540 2983 1551 2998 ,
1559 2959 1691 2998 testatur
1701 2959 1730 2994 se
1739 2958 1906 2995 confidere
1915 2963 2107 2999 Dominum
2118 2966 2153 3000 id

332 3025 488 3057 daturum
499 3029 614 3053 eorum
625 3014 796 3064 precibus:
814 3026 923 3059 neque
937 3025 1048 3048 tamen
1063 3011 1203 3047 fimulat.
1221 3012 1381 3058 quienim
1392 3012 1426 3043 in
1445 3008 1633 3049 sanctorum
1648 3007 1799 3056 precibus
1810 3007 1985 3045 subsidium
2002 3015 2149 3059 reponit,

332 3073 398 3107 Dei
412 3065 627 3118 promissione
647 3065 776 3098 nititur.
785 3064 912 3096 Interea
923 3060 1008 3096 nihil
1025 3062 1200 3108 derogatur
1211 3060 1360 3106 gratuita>
1367 3058 1431 3091 Dei
1439 3055 1584 3092 bonitati
1593 3079 1602 3096 ,
1615 3068 1652 3094 ex
1663 3068 1729 3102 qua
1744 3053 1818 3091 sunt
1827 3069 1936 3104 preces
1948 3062 1981 3094 δι
1992 3063 2150 3097 exoratio,

291 3140 293 3143 ⁴
334 3115 692 3162 gtfhbmmistrationem.
730 3111 784 3146 Ne
795 3120 962 3158 putemus,
973 3112 1052 3156 quia
1063 3109 1130 3146 haec
1139 3110 1208 3142 duo
1219 3109 1328 3153 iungit
1337 3119 1406 3140 vno
1415 3116 1587 3142 contextu,
1595 3104 1669 3141 ideo
1681 3106 1768 3151 paria
1778 3103 1847 3139 effe.
1859 3108 1969 3153 itaque
1980 3105 2019 3141 fic
2030 3094 2157 3144 resolui

334 3167 430 3202 debet
441 3166 560 3203 oratio,
572 3163 668 3197 Noui
679 3160 744 3194 hoc
754 3170 866 3193 totum
878 3158 962 3192 mihi
971 3156 1131 3192 cessurum
1140 3159 1175 3190 in
1185 3155 1334 3195 salutem,
1345 3166 1402 3201 per
1410 3153 1726 3189 administrationem
1737 3154 1875 3200 Spiritus
1883 3177 1893 3192 ,
1918 3156 2154 3194 adiuuantibus

335 3219 437 3250 etiam
451 3213 546 3248 vobis
559 3211 697 3246 orando.
708 3219 742 3242 vt
751 3206 1007 3242 subministratio
1017 3207 1157 3253 Spiritus
1167 3203 1203 3238 fit
1214 3202 1306 3239 causa
1315 3201 1471 3237 efficiens:
1485 3204 1592 3237 oratio
1602 3211 1711 3234 autem
1725 3223 1736 3237 ‚
1756 3201 1892 3238 inferius
1901 3204 2157 3241 adminiculum.

334 3263 494 3299 Notanda
505 3262 604 3294 etiam
615 3257 703 3292 verbi
715 3258 818 3290 Graeci
830 3256 1021 3303 proprietas.
1033 3264 1171 3287 vocatur
1183 3254 1274 3286 enim
1283 3247 1444 3294 ἔῆπχσρηγιόι
1453 3262 1558 3297 quum
1568 3249 1749 3294 suggeritur
1759 3251 1850 3296 qnod
1859 3251 1952 3286 deest.
1965 3253 2105 3298 qualiter
2114 3266 2159 3287 0..

335 3313 426 3346 mnia
435 3308 556 3356 quibus
566 3308 785 3341 destituimur,
795 3303 893 3338 nobis
904 3304 1044 3351 Spiritus
1056 3303 1119 3335 Dei
1129 3299 1273 3334 instillat.
1302 3302 1343 3332 Et
1352 3300 1498 3348 Spiritum
1506 3298 1525 3330 1
1527 3299 1574 3341 esta
1586 3295 1696 3341 Clmstz'
1707 3299 2156 3347 nominanvtfignificetmo-

332 3359 384 3398 bis
399 3356 597 3399 omnibus,f1
607 3354 787 3392 Christiani
801 3350 926 3393 sumus,
936 3349 995 3386 ess'c
1008 3361 1239 3393 communem:
1248 3350 1326 3397 quia
1334 3358 1407 3386 tota
1416 3345 1670 3397 plenitudinem
1679 3358 1756 3386 eum
1766 3344 1884 3387 effusus
1894 3346 1939 3383 est
1950 3371 1960 3387 ,
1979 3359 2014 3382 vt
2023 3346 2161 3395 singulis

1981 3393 2044 3432 suis
2056 3408 2164 3437 mern-

2254 1494 2268 1562 hun-“-
2258 1464 2268 1486 -ν-
2263 1435 2268 1457 -.
2248 1291 2268 1424 ..-fi-41⁶2„
