2268 3705
46 220 206 256 lesaii-8521.

256 109 316 142 ,τό
770 101 863 148 IN
913 90 1576 148 LEPIST-PAVLI

263 174 459 209 cruditionis
470 184 527 207 cau
533 170 570 206 saa
594 174 665 220 Ego
676 181 788 206 autem
797 170 1030 219 iimplicius‚&
1042 170 1118 203 ideo
1129 170 1237 216 aptius
1248 164 1318 200 fote
1331 163 1447 203 sentio,
1463 163 1485 196 si
1495 164 1643 197 dicamus
1653 166 1725 196 non
1738 158 1797 196 esse
1806 161 1914 195 datam
1925 158 2102 197 increduli&

261 225 321 269 qui
337 234 487 269 percunt,
500 233 645 268 quorum
656 223 753 254 Satan
764 219 863 254 corda
874 219 1059 254 excaecauit‚
1070 230 1111 251 ne
1128 216 1237 250 lucem
1249 213 1318 248 illic
1330 212 1516 259 fulgentem
1529 208 1747 257 conspiciant:
1761 208 1860 256 idque
1874 209 1992 244 melius
2002 203 2102 246 coue—

261 274 330 306 niet
343 294 352 308 ,
372 271 390 304 ii
400 271 507 305 cohaei
515 279 563 304 cat
575 270 642 303 hoec
652 267 811 303 sententia
821 280 898 301 cum
909 268 1070 300 vaticinio
1083 264 1204 298 lesaiae:
1225 264 1304 309 quia
1313 262 1479 308 Propheta
1488 259 1526 293 de
1545 258 1725 293 incredulis
1735 257 1886 305 loquitur
1896 281 1907 296 ‚
1919 260 2006 306 apud
2016 271 2102 306 quos

262 319 396 354 nullum
407 318 500 353 vsuin
522 317 572 352 vel
583 317 770 366 profectum
780 315 878 350 habet
890 315 1076 361 prophetia.

310 377 342 411 25
394 367 560 402 Frondem
571 362 900 410 infacumffldorabt'e.)
937 361 1014 395 Sola
1025 362 1117 395 enim
1130 360 1194 394 Dei
1204 359 1333 406 agnitio
1348 357 1391 392 est
1402 369 1474 403 quae
1485 353 1662 389 humiliare
1674 356 1778 402 potest
1788 357 1894 389 carnis
1905 353 2103 403 superbiam,

260 417 301 449 ad
313 429 385 449 eain
396 429 457 451 nos
470 416 601 449 adducit
616 413 802 460 prophetia.
816 412 950 458 propria
959 421 1037 456 ergo
1049 410 1098 442 vis
1108 420 1143 442 ac
1154 419 1269 442 natura
1279 409 1348 441 eius
1360 405 1571 442 est‚homines
1580 404 1717 437 deiicere
1727 403 1768 438 ab
1775 402 1960 441 altitudine,
1983 415 2017 437 vt
2027 416 2105 451 pro-

261 466 347 498 strati
361 467 471 499 Deum
485 465 634 497 adorent.
661 459 826 494 Caetercim
838 457 952 492 multis
964 461 1062 491 etiam
1073 456 1204 491 inutilis
1214 456 1257 489 est
1268 455 1442 502 prophetia
1453 465 1461 486 ε
1472 454 1657 498 quinetiam
1671 453 1845 487 deteriores
1855 453 2020 486 audiendo
2034 453 2106 485 red-

261 514 397 550 duntur,
411 511 462 547 sed
476 510 588 546 noluit
599 511 697 542 ctiam
711 506 831 541 Paulus
842 511 913 540 vim
923 506 1009 540 hanc
1018 505 1194 539 attribuere
1205 502 1493 551 prophetiae,qiiaii
1505 498 1630 547 semper
1641 511 1841 534 eam—exerat:
1852 498 1903 533 sed
1913 500 2042 535 tantum
2053 502 2109 534 in-

262 562 369 596 dicate
381 571 505 608 quanta
515 571 552 592 ex
567 570 603 591 ea
629 558 805 604 proueniat
814 554 957 592 vtilitas‚
976 558 1010 589 ὅ(
1025 553 1121 600 quale
1132 551 1170 586 iit
1180 554 1248 585 eius
1260 549 1423 585 officium.
1450 549 1591 595 Egregia
1600 549 1711 594 itaque
1721 548 1792 583 laus
1802 549 1845 582 est
1854 574 1865 588 ,
1877 549 1968 595 quod
1978 545 2109 583 confes-

262 609 391 644 sionem
406 610 499 643 istam
510 615 703 651 extorqueat
713 604 754 639 ab
766 601 956 639 infidelibus
966 628 977 643 ,
996 604 1111 637 Deum
1121 597 1223 635 adeffe
1237 597 1302 634 suis
1311 623 1322 637 ,
1336 603 1370 634 &
1383 596 1585 633 maiestatem
1597 596 1697 643 ipsius
1723 599 1759 632 in
1770 597 1881 631 medio
1892 608 2008 631 eornm
2018 606 2109 631 coetu

262 657 416 692 relucere.
1981 667 1989 671 ’

319 711 363 745 26
420 701 528 759 Qid
537 699 700 757 igiturest
716 699 868 754 ,fratres
892 703 909 738 ?
931 701 1063 754 quotics
1073 700 1265 738 conuenite
1277 727 1287 743 ,
1305 695 1540 752 vnufiyuisque
1549 693 1699 746 vcstrdm
1721 696 1888 743 canticum
1905 691 2026 738 habet,
2047 694 2111 733 da*

266 767 417 806 ci‘rinam
427 758 532 799 habet
539 789 550 807 ‚
567 758 722 814 linguam
732 754 854 803 habet,
870 756 1111 795 reuelationem
1120 752 1239 801 habet,
1265 757 1579 809 interpretationem
1587 749 1692 790 habet
1702 764 1720 803 ¹:
1734 753 1850 791 om'm‘a
1861 749 1912 788 ad
1918 748 2110 800 adificatio-

267 834 347 860 nem
371 819 455 856 ”ana

324 829 381 924 ηρ
425 873 505 912 Siue
523 871 640 928 lingua
650 872 733 927 quis
746 865 1060 923 loquiturl.-fiatper
1067 866 1153 907 duos
1163 896 1174 915 ,
1186 876 1246 906 aut
1253 862 1303 904 ad
1307 862 1486 920 stimmum
1493 874 1564 905 tres
1574 896 1584 913 ‚
1599 862 1702 919 idque
1710 862 1856 917 vicissim
1865 891 1879 909 ,
1892 859 1932 909 ἀ·
1941 873 2035 901 vnue
2057 864 2111 901 in-

266 940 464 987 terpretetur
470 958 478 966 .

320 995 367 1027 28
423 983 566 1041 Qodst
573 980 695 1038 nonsit
707 984 883 1035 interpres,
896 989 1006 1018 taceat
1014 982 1053 1019 in
1068 978 1223 1034 Ecclefia:
1235 978 1381 1018 caeterom
1388 975 1514 1033 fibiipst
1520 977 1681 1033 loquatur
1693 975 1734 1024 ἀ·
1745 983 1833 1015 Deo.

321 1056 365 1092 29
423 1038 591 1094 Prophetae
603 1049 718 1076 autem
729 1036 797 1076 duo
808 1046 872 1075 aut
878 1048 946 1075 tres
953 1035 1192 1089 loquantum&
1205 1036 1309 1072 caetm'
1319 1033 1522 1074 diiudicent.
1802 1063 1805 1064 γ

292 1091 293 1096 ’
321 1114 365 1151 30
427 1096 570 1151 Qui-Ast
581 1093 755 1145 alic'fuerit
762 1091 951 1131 reuelatum
966 1092 1228 1149 affidentt'prior
1235 1098 1355 1127 taceat.

322 1170 357 1206 31
418 1152 553 1206 Patestts
577 1148 749 1206 enimfing
754 1148 878 1189 atatim
887 1160 1004 1186 omnes
1009 1145 1210 1204 prophetare
1221 1174 1232 1192 ,
1243 1155 1291 1183 vt
1299 1158 1418 1186 omnes
1425 1145 1576 1199 discant,
1595 1146 1635 1194 ὠ·
1651 1159 1770 1187 omnes
1790 1144 2049 1200 consolationem
2060 1157 2113 1183 ac-

266 1215 401 1267 cipiunt.

325 1283 368 1319 32
430 1261 614 1319 Etspirt'tus
625 1258 865 1315 Prophetarum
877 1256 1288 1316 Prophetcssuntfichieblc':
2104 1305 2106 1307 ‚

325 1338 363 1375 33
426 1328 514 1370 Άζρη
527 1321 621 1360 enim
622 1315 807 1372 seditionis
817 1316 862 1368 est
872 1324 978 1361 Deus,
981 1314 1052 1370 sed
1049 1317 1159 1372 pacis:
1170 1313 1459 1370 quemadmodum
1470 1318 1509 1354 in
1520 1313 1676 1355 omnibus
1686 1314 2052 1371 Ecclefiisfimbi‘orum.

321 1384 362 1414 26
411 1375 501 1426 Qd
510 1377 624 1424 igitur.)
675 1374 778 1409 Nunc
803 1376 968 1407 rationem
989 1373 1168 1419 proponit,
1191 1383 1256 1416 qua
1267 1372 1459 1406 medeantur
1469 1371 1518 1405 liis
1534 1372 1630 1405 malis
1649 1383 1656 1404 z
1675 1374 1820 1418 primum
1839 1382 1875 1405 vt
1885 1371 1981 1406 locus
1997 1369 2036 1405 sit
2055 1366 2122 1404 fina-

272 1429 360 1478 gulis
379 1427 478 1462 donis
490 1451 500 1466 ‚
520 1424 572 1459 sed
582 1422 699 1457 ordine
719 1425 754 1456 &
767 1421 888 1456 modo:
907 1422 1025 1455 deinde
1034 1434 1075 1454 ne
1083 1417 1198 1454 frustra
1208 1418 1382 1453 inutilibus
1394 1423 1556 1454 exercitiis
1579 1430 1761 1465 occupetur
1770 1418 1942 1457 Ecclesia,
1962 1419 2014 1453 sed
2023 1419 2123 1464 quic·

272 1479 355 1525 quid
380 1477 489 1523 agitur
497 1499 508 1513 ‚
521 1471 659 1507 aedificet
669 1497 680 1512 ,
699 1471 738 1505 de
748 1467 965 1504 aedificatione
975 1480 1087 1503 tamen
1098 1468 1243 1516 primum
1257 1467 1409 1514 loquitur
1418 1492 1428 1506 ‚
1451 1470 1487 1502 in
1497 1469 1588 1503 hunc
1599 1469 1740 1502 modurn
1759 1480 1767 1500 :
1790 1479 1826 1502 vt
1837 1467 1977 1514 quisque
2002 1466 2122 1512 aliquo

273 1528 368 1562 dono
379 1521 558 1559 instructus
569 1521 614 1555 est
628 1543 639 1557 ‚
650 1522 695 1553 ita
705 1518 827 1553 studeat
838 1517 920 1552 illud
931 1517 1081 1553 conferre
1091 1516 1130 1550 ad
1145 1515 1319 1550 vtilitatcrn
1332 1519 1501 1552 omnium.
1529 1518 1620 1551 Nam
1633 1519 1678 1550 ita
1687 1514 1809 1550 resolui
1832 1516 1928 1550 debet
1935 1516 2004 1549 haec
2020 1515 2124 1561 parti-

273 1575 350 1611 cula
357 1569 569 1616 vnuffiuisque.
580 1570 699 1618 nequis
709 1565 934 1601 Vniuersaliter
945 1563 1158 1613 accipiat,acii
1169 1577 1288 1599 omnes
1300 1566 1340 1599 ad
1350 1577 1455 1600 vnum
1464 1564 1630 1613 pollerent
1639 1564 1752 1610 aliqua
1761 1563 1820 1598 tali
1833 1556 1947 1611 gratia.
2121 1555 2126 1561 ⁹

324 1633 365 1662 27
415 1623 487 1654 Siue
500 1621 603 1666 lingua
611 1629 679 1662 quis
687 1617 824 1662 loquitur.
837 1618 848 1658 )
875 1615 1042 1650 Ordinem
1052 1625 1143 1648 nunc
1156 1610 1320 1651 describit,
1331 1617 1365 1648 ὃς
1379 1614 1488 1648 statuit
1500 1612 1651 1647 modum:
1668 1614 1703 1646 Si
1712 1614 1820 1660 placet
1829 1613 1956 1660 linguis
1964 1612 2125 1660 loqui,t.'1-

275 1671 349 1707 tiim
359 1669 425 1704 duo
437 1668 630 1715 loquantur,
645 1663 759 1699 saltem
768 1664 807 1698 ad
814 1662 984 1698 summum
998 1676 1039 1698 nc
1051 1661 1160 1711 plures
1169 1661 1285 1700 tribus,
1299 1665 1334 1696 &
1344 1660 1441 1696 simul
1450 1660 1529 1696 adsit
1539 1664 1701 1709 interpres
1714 1687 1724 1701 ‚
1737 1660 1804 1695 fine
1813 1663 1993 1709 interprete
2008 1660 2124 1696 nullus

278 1720 323 1756 est
332 1718 525 1765 linguarum
536 1712 618 1749 vsus:
630 1725 709 1760 ergo
723 1723 805 1747 tunc
816 1709 1051 1760 supersedeant.
1063 1711 1263 1746 Notandum
1271 1720 1384 1745 autem
1395 1711 1450 1748 est,
1469 1723 1547 1747 eum
1557 1723 1630 1745 non
1641 1708 1763 1744 iubere:
1776 1708 1828 1745 sed
1837 1711 2028 1757 permittere
2037 1711 2124 1744 dun-

278 1779 377 1803 taxat:
389 1778 468 1800 nam
480 1764 605 1811 linguis
618 1760 759 1796 Ecclesia
768 1772 874 1795 carere
884 1761 991 1808 potest
1000 1759 1066 1795 fine
1076 1758 1146 1793 vllo
1157 1760 1388 1800 incommodo,
1401 1757 1635 1806 nisiquatenus
1645 1759 1836 1792 adiumenta
1848 1757 1925 1793 sunt
1933 1757 2125 1806 prophetiei

279 1827 316 1852 vt
330 1815 404 1850 sunt
414 1815 515 1849 hodie
524 1811 688 1847 Hebraica
698 1814 731 1844 ὃ(
746 1812 858 1844 Graeca
869 1822 876 1843 :
886 1807 938 1843 sed
947 1808 1067 1844 Paulus
1078 1807 1232 1842 concedit
1241 1821 1285 1841 ne
1294 1807 1445 1843 videatur
1463 1819 1570 1842 arcere
1580 1808 1599 1841 a
1609 1817 1699 1841 coetu
1709 1804 1860 1841 fidelium
1869 1806 1972 1841 vllam
1982 1808 2126 1854 Spiritus

283 1867 634 1913 gratiam‚quanquam
643 1859 709 1893 hoc
720 1871 856 1905 quoque
867 1859 989 1892 rationi
999 1859 1110 1898 minus
1121 1855 1382 1891 consentaneum
1392 1856 1496 1891 videri
1505 1854 1603 1904 poffit
1615 1881 1627 1896 ,
1637 1867 1744 1902 quum
1753 1855 1831 1890 ante
1842 1856 1960 1890 dixerit
1969 1877 1979 1892 ‚
1994 1854 2127 1902 linguas

284 1924 448 1961 quatenus
461 1913 496 1945 in
513 1908 582 1955 sign
588 1920 644 1942 um
654 1905 922 1947 sunt,incredulis
933 1906 1126 1941 conuenire.
1136 1901 1522 1952 Respondeo‚vtcunque
1532 1903 1718 1939 infidelium
1728 1902 1824 1939 causa
1835 1903 2035 1939 miraculum
2047 1915 2127 1950 pro-

282 1964 353 2010 prie
367 1961 478 1995 edatur
487 1981 499 1996 ‚
509 1966 580 1992 non
594 1967 706 1990 tamen
718 1953 809 2001 sequi
819 1957 903 2002 quin
913 1953 1122 2001 aliquatenus
1135 1956 1296 2000 pertineat
1308 1956 1406 1987 etiam
1417 1954 1456 1987 ad
1467 1952 1588 1988 fideles.
1606 1954 1638 1986 Si
1650 1952 1818 1999 intelligas
1830 1950 1890 1987 effe
1899 1951 2079 1987 incredulis
2089 1954 2128 1986 in

282 2010 415 2059 lignum
427 2007 580 2055 linguam
591 2005 799 2051 incognitam
811 2025 822 2040 ,
832 2013 932 2051 prout
943 2001 1061 2036 sonant
1070 1998 1173 2035 lesaiae
1182 2000 1280 2035 verba
1291 2004 1393 2035 :ratio
1404 2010 1505 2048 quam
1515 2001 1570 2036 hic
1581 1999 1758 2049 praescribit
1770 2001 1890 2035 Paulus
1899 2024 1910 2039 ‚
1938 1997 2064 2035 diuersa
2074 2000 2130 2034 est.

283 2061 339 2093 Sic
351 2060 443 2092 enim
454 2055 586 2102 linguas
595 2052 741 2087 admittit
751 2074 761 2089 ‚
775 2062 810 2085 vt
820 2052 1003 2086 coniuncta
1014 2052 1242 2098 interpretatio
1254 2048 1340 2085 nihil
1350 2049 1516 2096 relinquat
1527 2049 1716 2084 obscurum.
1737 2052 1873 2097 optimo
1883 2051 1987 2096 igitur
1997 2060 2131 2096 tempe-

284 2117 436 2142 ramento
451 2105 572 2138 vitium
586 2100 848 2136 Corinthiorum
860 2101 1016 2146 corrigit,
1037 2099 1118 2132 duni
1131 2098 1272 2133 minime
1283 2100 1389 2132 reiicit
1398 2098 1630 2146 qualecunque
1641 2099 1705 2132 Dei
1715 2098 1845 2132 donum
1857 2121 1867 2136 ‚
1888 2109 1922 2132 vt
1930 2099 2048 2133 omnia
2059 2099 2131 2131 eius

281 2152 445 2191 beneficia
461 2153 546 2186 inter
556 2148 666 2186 fideles
676 2158 872 2197 appareant:
893 2146 944 2182 sed
956 2148 1097 2182 modum
1108 2147 1218 2182 statuit
1227 2171 1238 2185 ‚
1258 2160 1300 2181 ne
1313 2149 1348 2181 in
1360 2145 1474 2182 locum
1491 2146 1604 2194 gloriae
1616 2148 1682 2181 Dei
1693 2146 1832 2194 obrepat
1842 2145 1984 2182 ambitio
1994 2170 2005 2184 ‚
2016 2158 2058 2179 ne
2068 2145 2131 2179 do-

282 2216 366 2241 num
382 2203 523 2237 minoris
535 2200 700 2234 momenti
712 2210 784 2245 quae
794 2199 958 2246 praecipua
967 2193 1042 2232 sunt
1052 2196 1228 2244 impediat:
1243 2199 1278 2231 δε
1289 2196 1378 2231 addit
1386 2196 1642 2232 condimentum
1652 2221 1664 2236 ,
1674 2208 1716 2229 ne
1727 2194 1764 2229 sit
1775 2207 1864 2229 mera
1873 2195 2052 2230 ostentatio
2062 2192 2133 2240 stu·-

285 2255 341 2289 ἃιι
356 2263 468 2286 vacua.

334 2302 372 2335 28
410 2296 477 2332 Sibi
487 2297 627 2342 loquatur
635 2298 674 2336 &⁴
684 2298 778 2339 Deo.)
828 2291 1105 2341 Fruatur,inquit‚
1119 2291 1177 2328 suo
1186 2293 1279 2328 dono
1290 2296 1327 2327 in
1338 2291 1357 2327 s
1352 2304 1392 2327 ua
1400 2291 1653 2330 conscientia‚&
1662 2293 1738 2326 Deo
1748 2294 1868 2340 gratias
1876 2301 1963 2339 agat.
1972 2292 2024 2326 sic
2037 2293 2132 2327 enirn

285 2353 484 2396 interpretor
494 2347 606 2392 Loqui
617 2343 676 2380 sibi
687 2348 721 2379 δε
731 2346 817 2380 Deo,
828 2355 890 2392 pro
899 2342 1153 2390 Recognoscere
1163 2343 1251 2390 apud
1261 2340 1290 2376 se
1299 2354 1377 2377 cum
1387 2344 1567 2388 gratiarum
1581 2339 1889 2381 afflone‚collatam
1904 2339 1963 2375 sibi
1974 2343 2128 2387 gratiam,

288 2403 322 2432 &z
337 2396 393 2431 illa
403 2407 564 2442 tanquam
576 2396 703 2443 priuata
713 2391 790 2430 frui,
801 2405 908 2438 quum
920 2390 1123 2440 proferendae
1133 2404 1206 2426 non
1216 2391 1260 2425 est
1269 2389 1374 2425 locus.
1384 2390 1476 2425 Nam
1485 2390 1674 2424 sermonem
1684 2401 1785 2435 quem
1796 2388 1931 2441 publice
1945 2391 1982 2424 in
1990 2387 2132 2424 Ecclesia

286 2445 402 2482 haberi
413 2443 593 2481 vetanhuic
604 2440 726 2477 secreto
739 2442 895 2488 opponit.

337 2501 376 2536 29
427 2492 576 2540 Propheta
587 2489 644 2524 duo
654 2500 707 2524 ant
714 2493 797 2534 tres.)
847 2491 885 2523 In
897 2488 1072 2536 prophetia
1080 2501 1217 2536 quoque
1225 2486 1358 2523 adhibet
1370 2487 1509 2527 modum
1522 2499 1530 2521 :
1551 2488 1630 2534 quia
1640 2485 1826 2522 multitudo
1838 2487 1889 2529 (vt
1898 2484 2004 2533 vulgo
2022 2488 2131 2531 aiunt)

289 2545 375 2591 parit
385 2538 726 2585 confusioiiein‚quod
736 2550 850 2572 verum
859 2538 994 2572 esttnam
1008 2538 1042 2570 id
1056 2538 1251 2583 quotidiana
1259 2538 1484 2584 experimenta
1494 2535 1714 2571 docent.Non
1724 2546 1836 2570 tamen
1845 2534 1927 2569 adeo
1935 2535 2067 2582 praecise
2079 2547 2133 2570 re·-

291 2591 421 2637 stringit
435 2600 626 2626 numerum,
639 2588 731 2622 licuti
767 2599 848 2621 uum
860 2587 898 2619 de
908 2585 1034 2632 linguis
1042 2585 1176 2633 agebat:
1188 2588 1300 2620 minus
1311 2587 1402 2619 enim
1413 2583 1553 2632 periculi
1564 2583 1625 2624 est,
1638 2582 1661 2618 fi
1670 2584 1795 2618 diutius
1804 2594 1921 2618 vacent
1930 2583 2130 2631 prophetiis:

291 2639 477 2686 quinctiani
488 2638 618 2684 optima
628 2632 703 2670 essct
712 2599 939 2670 aliliduitasss‘cd
949 2632 1165 2669 considerauit
1176 2633 1295 2668 Paulus
1304 2633 1385 2681 quid
1395 2632 1477 2668 ferre
1487 2629 1589 2680 posset
1597 2631 1780 2667 hominum
1789 2630 2133 2667 imbecillitas.Manet

291 2699 405 2722 tamen
415 2685 520 2721 adhuc
532 2685 680 2731 quaestio,
689 2696 749 2718 cur
757 2694 938 2718 numerum
950 2695 1060 2730 parem
1070 2681 1204 2717 definiat
1215 2681 1400 2730 prophetiis
1410 2685 1444 2716 δι
1455 2679 1656 2728 linguis,uifi
1664 2679 1759 2727 quod
1768 2682 1804 2714 in
1813 2679 1865 2714 his
1875 2681 2080 2714 nominatim
2090 2680 2134 2716 ad

294 2737 356 2773 dit,
366 2732 576 2777 adfiammumz
589 2746 666 2768 nam
679 2731 823 2766 siminus
835 2730 930 2765 vtiles
943 2731 1017 2765 sunt
1028 2729 1165 2778 linguat,
1182 2733 1366 2777 parciorem
1378 2729 1465 2765 certe
1475 2731 1568 2765 decet
1578 2726 1720 2776 ipsarum
1732 2726 1792 2767 effe
1800 2728 1906 2763 vsum.
1917 2726 2134 2776 Respondeo,

296 2787 334 2819 in
343 2783 469 2829 linguis
478 2783 576 2816 etiam
588 2807 598 2821 ‚
610 2780 750 2827 qualiter
760 2792 810 2814 eas
820 2781 950 2827 recipit,
964 2781 1130 2814 contineri
1141 2779 1352 2826 prophetiam
1364 2791 1372 2812 ε
1383 2790 1461 2815 nam
1470 2789 1526 2813 aut
1535 2779 1574 2812 ad
1583 2775 1805 2812 ,differendum
1815 2775 2056 2811 adhibebantur
2066 2775 2136 2812 lin—

299 2845 383 2881 guae,
392 2842 448 2865 aut
459 2831 499 2864 ad
511 2829 771 2878 precandiiin.1n
783 2830 887 2876 priori
897 2840 1016 2874 genere
1026 2830 1186 2876 interpres
1196 2827 1274 2862 loco
1284 2826 1455 2874 Prophetae
1468 2837 1545 2861 erat:
1555 2825 1597 2860 sic
1607 2835 1674 2860 erat
1685 2823 1890 2873 praecipu'um
1902 2828 1937 2861 ὃ(
1948 2823 2134 2871 frequetius

300 2881 507 2915 exercitium.
516 2878 659 2912 Modum
671 2888 802 2911 tantum
813 2875 987 2914 definitme
998 2875 1126 2910 fastidio
1135 2874 1265 2911 vilescat
1279 2888 1287 2909 ι
1300 2878 1333 2910 8(
1345 2887 1388 2912 ne
1400 2877 1512 2909 minus
1519 2876 1616 2921 periti
1626 2873 1741 2907 locum
1755 2876 1789 2907 &
1799 2871 1988 2909 facultatem
1998 2874 2134 2909 dicendi

301 2926 497 2964 melioribus
511 2927 711 2973 praeripiant:
724 2924 785 2959 hos
797 2927 887 2958 enim
898 2924 1020 2971 quibus
1031 2924 1195 2971 loquendi
1204 2936 1327 2959 munus
1341 2920 1497 2971 a'ffignat,
1519 2921 1590 2957 vult
1600 2920 1752 2969 proferiti>
1762 2934 1800 2955 ex
1812 2920 2037 2957 selectioribus
2058 2920 2132 2960 effe,

302 2982 336 3012 ἃ
347 2973 588 3012 communibus
597 2971 756 3020 luffragiis
766 2973 947 3007 ordinatos:
958 2973 1042 3009 nulli
1052 2985 1163 3006 autem
1197 2974 1397 3020 remptiores
1411 2969 1484 3007 sunt
1492 2971 1532 3006 ad
1542 2969 1570 3004 se
1582 2970 1800 3017 ingerendum
1809 2992 1820 3006 ,
1832 2971 1935 3016 quam
1946 2972 2004 3016 qui
2014 2970 2132 3006 leuiter

303 3025 433 3060 tantum
445 3023 604 3058 mediocri
615 3022 766 3056 doetrina
777 3019 889 3068 aspersi
900 3019 1022 3056 siint:vt
1033 3033 1146 3055 verum
1167 3042 1170 3046 ·
1182 3032 1214 3055 at
1226 3018 1455 3069 prouerbium,
1470 3019 1584 3055 Audax
1595 3017 1732 3053 inscitia.
1742 3017 1822 3051 huic
1832 3017 1923 3061 malo
1931 3017 2041 3053 voluit
2050 3020 2136 3054 Pau-

301 3073 353 3109 'iu's
365 3082 535 3107 occurrere
548 3095 559 3111 ‚
583 3083 689 3117 quum
700 3068 831 3103 duobus
841 3080 896 3102 aut
905 3069 1010 3103 tribus
1020 3069 1170 3104 attribuit
1178 3069 1341 3122 loquendi
1352 3080 1486 3102 munus.
1536 3069 1641 3101 Caeteri
1651 3064 1824 3099 diiudicent.
1887 3067 1942 3101 Ne
1950 3066 2022 3101 aliis
2033 3080 2136 3116 expo-

303 3121 443 3156 stulandi
453 3117 660 3154 occasionem
671 3115 862 3163 daret‚quali
872 3116 969 3151 vellet
978 3115 1179 3166 suppressum
1189 3117 1249 3153 esse
1258 3117 1344 3164 apud
1355 3129 1410 3151 eos
1422 3119 1456 3151 δε
1465 3113 1630 3163 sepultum
1643 3115 1707 3149 Dei
1717 3114 1855 3149 donum:
1866 3114 2043 3151 demostrat
2053 3129 2136 3162 qua·
2176 3128 2177 3131 ¹

307 3173 379 3204 liter
388 3184 427 3204 co
437 3170 486 3203 vti
496 3168 592 3203 liceat
601 3169 637 3201 in
647 3165 791 3201 Ecclesiae
802 3165 944 3204 bonum,
956 3168 1054 3200 etiam
1065 3167 1224 3201 tacendo:
1245 3177 1366 3212 nempe
1375 3164 1398 3198 si
1408 3165 1592 3212 expendant
1602 3163 1693 3210 quod
1704 3161 1744 3197 ab
1754 3162 1826 3197 aliis
1837 3163 1966 3198 dicitur.
1977 3164 2032 3198 Est
2041 3167 2134 3198 enim

252 3230 255 3233 ‘
307 3220 376 3252 haec
386 3230 457 3251 non
467 3215 611 3263 vulgaris
626 3214 751 3250 vtilitas
761 3238 771 3253 ‚
783 3211 843 3249 effe
851 3212 981 3259 aliquos
992 3215 1161 3249 iudicandi
1172 3216 1295 3262 petitos
1305 3236 1315 3250 ‚
1327 3216 1470 3259 quinon
1480 3214 1646 3261 patiantur
1656 3212 1847 3259 imposturis
1858 3214 1982 3247 Sarauae
1991 3215 2134 3260 peruerti

306 3267 414 3299 sanam
427 3265 626 3302 doctrinam,
636 3275 692 3298 aut
702 3262 830 3309 alioqui
840 3259 993 3298 futilibus
1003 3264 1138 3310 ineptiis
1148 3265 1268 3298 vitiari.
1281 3261 1456 3296 Admonet
1465 3271 1566 3307 igitur
1574 3258 1856 3307 Paulus,reliquos
1866 3260 2057 3308 Prophetas,
2071 3262 2135 3296 etiz‘i

307 3313 447 3346 tacendo
458 3311 525 3346 fore
536 3312 631 3346 Vtiles
641 3310 796 3347 Ecclefiae.
814 3312 921 3356 Atqui
929 3309 1104 3346 absurdum
1115 3308 1176 3345 effe
1185 3311 1314 3346 videtur
1325 3333 1336 3349 ‚
1347 3309 1509 3344 iudicium
1519 3310 1667 3356 permitti
1677 3308 1873 3344 hominibus
1886 3311 1922 3343 in
1932 3310 1997 3345 Dei
2009 3309 2135 3344 doctri-

305 3373 397 3398 nam,
407 3371 478 3406 qua·
492 3371 578 3395 extra
589 3357 848 3396 controuersiam
860 3359 1041 3396 constituta
1052 3357 1111 3394 eise
1123 3357 1229 3395 debet.
1241 3356 1454 3407 Respondeo,
1467 3370 1539 3393 non
1550 3354 1666 3395 subiici
1678 3358 1746 3395 Dei
1755 3358 1944 3395 doctrinam
1953 3357 2135 3393 hominum

680 3414 685 3418 ⁴
1244 3406 1248 3410 ’
1884 3405 1886 3409 ’
1983 3405 2064 3442 cens
2062 3420 2134 3445 urse:
