2268 3705
602 90 713 141 AD
763 89 1424 140 ROM-CAP-VIII-
1912 102 1947 145 ες

95 160 346 209 ififdlicitetres
355 165 616 203 cadunnmmm·
626 167 757 200 animos
768 177 1088 212 occupans,omnem
1100 163 1253 198 fiduciam
1266 169 1300 199 ὃς
1314 162 1580 209 consolationem
1600 170 1730 202 excutit.
1754 166 1929 203 Reclamat

95 231 206 254 autem
216 214 344 252 Paulus,
354 217 520 262 principii'i
530 213 626 248 altius
640 214 820 261 petendum
831 212 890 247 else
900 227 908 247 ς
920 212 1261 260 ideoque-praepostere
1272 214 1461 246 ratiocinari
1470 215 1527 258 qui
1540 216 1574 246 in
1585 217 1664 248 tristi
1677 216 1802 252 inilitiae
1812 215 1930 252 nostrae

96 264 282 314 specstaculo
292 261 472 298 subiistunt.
484 264 598 296 Fateor
609 263 744 308 quidem
756 263 819 295 Dei
833 260 962 308 flagella
972 273 1030 309 per
1041 259 1069 294 se
1080 263 1133 295 irae
1142 262 1206 294 Dei
1216 260 1305 308 signa
1316 261 1434 294 merito
1447 259 1588 294 censeri:
1600 260 1650 294 scd
1660 267 1737 308 quia
1746 267 1779 298 in
1791 265 1926 300 Christo

97 315 346 349 benedicuntur,
358 311 449 346 iubet
458 310 576 344 Paulus
588 322 662 344 anre
673 311 788 344 omnia
799 320 971 357 paternum
983 311 1045 343 Dei
1054 321 1202 343 amorem
1213 311 1230 343 a
1240 309 1358 343 sanCtis
1368 308 1580 356 apprehendi:
1591 321 1625 343 vr
1637 309 1702 343 hoc
1712 311 1825 358 clypeo
1839 313 1924 351 freti,

99 362 207 399 secure
218 360 311 397 malis
322 357 482 394 omnibus
493 357 660 392 insultent.
678 359 744 391 Hic
755 360 846 390 enim
858 370 970 391 murus
991 356 1089 392 nobis
1105 356 1148 391 cst
1162 357 1305 391 aheneus
1316 384 1325 397 ‚
1344 358 1418 391 Deo
1442 359 1589 404 propitio
1611 370 1673 391 nos
1683 369 1797 392 contra
1814 365 1929 395 omnia

100 409 242 459 pericula
252 407 377 442 securos
388 406 468 441 fore.
492 407 612 452 Neque
622 418 732 440 tamen
744 405 913 452 intelligit,
924 405 1008 439 nihil
1019 404 1118 439 nobis
1128 404 1197 440 fore
1208 403 1396 439 aduersum:
1410 404 1461 439 sed
1478 417 1593 440 contra
1605 417 1707 440 omne
1716 406 1859 442 hostium
1872 422 1929 456 ge—

100 471 162 494 nus
173 458 346 492 νίἐὶοῐὶαιιι
357 457 533 503 promittit.
562 457 595 488 St
609 457 692 487 Deus
699 465 751 500 pro
763 452 855 486 nobis.
884 454 959 487 Hoc
970 454 1012 487 est
1024 456 1242 500 praecipuum,
1257 454 1404 500 adeoque
1415 457 1551 488 vnicum
1563 452 1705 488 fulcrum
1719 457 1809 501 quod
1821 470 1881 490 nos
1894 460 1929 491 in

99 508 194 540 omni
206 506 389 539 tentatione
401 501 561 537 sustineat.
571 501 644 536 Nili
654 505 742 536 enim
752 500 911 536 habemus
922 503 1036 535 Deum
1047 504 1232 548 propitium
1244 526 1253 539 ‚
1264 501 1388 536 etiamsi
1397 503 1557 536 arrideant
1567 505 1699 536 omnia:
1715 514 1825 537 tamen
1838 504 1929 537 nulla

98 565 186 588 certa
199 551 316 586 fiducia
325 553 459 598 concipi
471 551 586 598 potest.
613 551 742 584 Contra
751 562 874 587 autem,
890 562 975 584 vnus
987 548 1075 583 illius
1088 548 1183 584 fauor
1194 549 1292 584 nobis
1304 548 1377 584 satis
1397 563 1558 597 magnum
1578 549 1732 585 solatium
1755 563 1816 598 pro
1836 555 1931 587 omni

99 602 238 640 tristitia,
248 596 323 634 'satis
335 598 480 633 validum
493 598 673 643 praesidiuin
683 596 833 632 aduersus
844 610 961 633 omnes
983 597 1148 632 malorum
1162 598 1379 645 tempestates.
1405 600 1515 645 Atque
1533 598 1598 633 huc
1609 601 1775 646 pertinent
1787 611 1835 633 tot
1845 601 1932 634 Scri-

100 662 202 697 ptura:
213 649 408 686 testimonia,
419 648 473 682 vbi
484 646 583 681 sanasti
598 644 663 679 sola
676 648 739 679 Dei
751 648 871 679 virtute
883 644 1187 682 freti,contemnere
1197 647 1319 680 audent
1331 647 1491 692 quicquid
1505 649 1538 681 in
1552 648 1678 681 mundo
1691 646 1750 682 sibi
1759 647 1929 682 aduersum

98 699 155 732 est.
165 700 197 731 Si
207 695 420 730 ambulaueto
429 697 464 729 in
477 696 587 728 medio
598 693 718 728 vmbrae
729 696 933 734 mortis,non
943 693 1070 729 timebo
1082 693 1178 732 mala,
1189 695 1314 741 quonia
1325 704 1362 727 tu
1375 706 1506 728 mecum
1517 708 1560 733 es,
1570 698 1607 730 In
1617 697 1768 730 Domino
1779 695 1925 733 confido,
1949 707 2081 741 pfiAJ-ffl,
2090 712 2115 735 ,χ

93 745 181 793 'quid
192 744 286 779 faciet
297 744 381 778 mihi
390 750 486 778 caro?
500 743 581 776 Non
594 741 722 776 timebo
734 741 837 775 millia
849 741 967 789 populi
977 743 1199 777 circundantis
1211 755 1275 779 ine,
1290 745 1354 776 Sce-
1365 741 1470 776 Nulla
1480 746 1569 777 enim
1583 744 1632 777 vel
1645 741 1703 778 sub
1715 744 1808 782 caelo,
1819 744 1869 778 vel
1881 742 1930 778 su-
1950 738 2100 781 Pfizl-HAJJ

100 806 158 842 pra
169 792 284 828 caelum
296 794 444 840 potentia
454 792 508 828 est,
520 803 591 837 qua:
602 790 739 824 brachio
751 791 817 824 Dei
828 789 967 823 resistere
975 801 1083 836 queat.
1106 793 1192 838 Ergo
1203 790 1263 825 illo
1275 787 1443 824 defensore
1453 813 1462 827 ‚
1479 791 1570 824 nulla
1584 790 1712 839 prorsus
1730 794 1878 827 timenda
1889 794 1932 827 est
1951 785 2093 821 Pfi¹l·3·‘³-7⁴

100 854 199 877 noxa.
217 841 360 876 Proinde
378 838 436 874 ille
446 839 577 873 demum
588 850 696 872 veram
709 840 744 872 in
763 840 875 872 Deum
888 836 1041 872 fiduciam
1052 840 1163 890 prodit
1178 865 1188 879 ,
1211 841 1268 885 qui
1281 840 1491 886 proteffihone
1501 841 1570 872 cius
1581 851 1758 875 contentus
1774 865 1782 878 ,
1796 841 1880 876 nihil
1890 852 1935 875 ita

101 889 256 925 formidat
265 900 299 922 vt
307 890 460 922 animum
470 885 675 934 despondeat.
687 887 939 921 Concutiuutur
949 887 1034 920 certe
1047 887 1156 921 hdeles
1166 884 1394 934 sepenumero:
1407 886 1457 920 sed
1470 900 1644 933 nunquam
1659 901 1719 934 pen
1727 891 1790 923 itus
1801 891 1936 923 deiiciu-

100 948 165 972 tur.
175 938 251 972 Huc
263 940 297 971 in
307 934 435 970 summa
445 934 600 983 Apostoli
610 933 785 969 consilium
797 933 919 982 spectat
930 960 941 975 ‚
953 936 1047 981 pium
1059 938 1212 969 animum
1223 936 1301 970 stare
1310 937 1462 969 interiori
1472 937 1613 982 Spiritus
1625 934 1726 970 sanisti
1740 937 1935 973 testimonio

102 985 230 1023 debere,
242 996 311 1019 non
323 995 434 1019 autern
445 982 585 1031 pendere
595 984 612 1016 a
623 981 717 1017 rebus
730 985 880 1017 externis.

147 1044 182 1078 32
227 1033 295 1081 Q
301 1035 420 1080 proprio
421 1033 488 1077 filio
495 1044 554 1065 non
561 1033 702 1080 pepercit.
705 1033 727 1072 )
754 1033 845 1077 Qa
854 1031 963 1065 nostra
973 1031 1116 1066 maxime
1128 1029 1406 1078 interest2penitus
1418 1032 1456 1065 de
1467 1041 1604 1079 paterno
1618 1033 1684 1066 Dei
1695 1042 1807 1066 amore
1819 1046 1879 1067 nos
1891 1036 1937 1068 ira

101 1078 160 1116 else
169 1078 380 1129 persuasos,vt
393 1082 432 1114 in
438 1079 498 1114 hac
508 1078 708 1126 gloriatione
719 1080 881 1126 intrepide
894 1080 1102 1114 stemuszideo
1114 1081 1258 1127 pretium
1269 1081 1384 1114 nostrae
1394 1080 1678 1115 reconciliationis
1688 1081 1808 1115 Paulus
1820 1084 1854 1114 in
1866 1095 1936 1116 me-

99 1130 194 1165 dium
206 1129 419 1176 adducit‚quo
430 1127 605 1162 confirmet
615 1129 727 1161 Deum
739 1127 836 1162 nobis
848 1127 965 1161 fauere.
985 1129 1024 1162 Et
1035 1125 1109 1162 sane
1120 1127 1185 1162 hoc
1194 1127 1430 1163 inaestimabilis
1440 1131 1562 1163 amoris
1572 1130 1814 1169 documentum
1827 1130 1869 1163 est
1883 1133 1936 1164 in—

47 1211 50 1214 ,
98 1177 189 1227 figne
200 1189 236 1212 ac
246 1176 570 1222 luculentum5qubd
580 1177 671 1209 Pater
680 1174 798 1210 Filium
811 1176 1001 1223 impendere
1011 1178 1045 1209 in
1058 1175 1194 1210 salutem
1206 1177 1351 1210 nostram
1361 1189 1432 1210 non
1444 1175 1619 1212 dubitauit.
1652 1179 1700 1212 Ex
1710 1191 1750 1212 eo
1762 1180 1873 1223 itaque
1885 1191 1936 1211 ar-

96 1230 258 1274 guments:
268 1226 286 1260 a
296 1227 414 1259 maiori
424 1225 463 1258 ad
476 1226 588 1259 minus
597 1224 690 1259 ducit
702 1223 942 1270 Paulus‚quum
953 1223 1038 1257 nihil
1048 1223 1200 1258 habuerit
1212 1223 1281 1271 ipso
1293 1224 1345 1258 vel
1356 1225 1553 1265 charius,vel
1563 1225 1736 1273 pretiosius
1745 1250 1754 1265 ‚
1765 1225 1817 1260 vel
1830 1226 1937 1261 excel-

98 1276 232 1309 lentius:
243 1272 432 1320 nihiiquod
441 1271 521 1306 vtile
534 1271 632 1307 nobis
643 1271 712 1306 fore
722 1270 1110 1319 proriideat,‚riegle6tiitu
1116 1283 1159 1306 nr.
1177 1274 1242 1305 Hic
1256 1271 1349 1306 locus
1368 1273 1546 1307 admonere
1557 1286 1619 1307 nos
1629 1274 1724 1308 debet
1733 1287 1770 1308 ac
1781 1286 1936 1322 experge—

98 1322 214 1361 facere,
228 1322 310 1369 quid
317 1320 426 1356 secum
440 1319 539 1356 nobis
547 1319 659 1357 afferat
678 1319 826 1354 Christus
837 1319 876 1354 ad
890 1319 1162 1366 contemplandas
1180 1321 1249 1353 eius
1259 1320 1402 1354 diuitias.
1423 1333 1500 1354 nain
1517 1333 1552 1355 vt
1570 1323 1613 1355 est
1629 1325 1750 1369 pignus
1768 1322 1936 1357 immensae·

47 1410 51 1412 ,
64 1387 65 1390 “
99 1383 178 1420 erga
186 1383 249 1406 nos
258 1368 424 1405 charitatis
436 1371 512 1406 Dei,
525 1371 570 1402 ita
577 1364 652 1407 non'
659 1368 777 1406 nudus,
789 1379 844 1402 aut
856 1369 964 1402 inanis
975 1367 1013 1401 ad
1023 1380 1084 1401 nos
1097 1365 1208 1401 missus
1219 1368 1262 1401 est
1272 1380 1279 1400 :
1294 1365 1346 1401 sed
1358 1366 1536 1402 caelestibus
1548 1370 1706 1404 omnibus
1717 1368 1872 1405 thesauris
1883 1384 1935 1405 rc-

48 1438 50 1440 *
96 1417 338 1466 fertusmequid
346 1430 423 1453 eum
434 1415 672 1466 possidentibus
681 1416 720 1450 ad
731 1415 864 1464 plenam
874 1414 1080 1450 foelicitatem
1091 1415 1169 1450 desit
1179 1441 1186 1449 .
1231 1416 1372 1450 Tradere
1381 1427 1491 1450 autem
1501 1416 1556 1451 hic
1571 1416 1730 1464 significat
1740 1421 1778 1452 In
1791 1430 1935 1454 mortem

99 1479 275 1516 exponere.
957 1513 961 1514 ⁷

146 1526 178 1562 33
227 1515 310 1565 Qis
318 1512 484 1550 intentabit
493 1516 633 1547 crimina.
646 1515 668 1553 J
687 1514 797 1547 Prima
807 1517 840 1548 δε
851 1510 979 1547 summa
1013 1515 1124 1547 iorum
1137 1515 1172 1547 in
1184 1512 1279 1547 rebus
1292 1512 1429 1547 aduerfis
1439 1510 1624 1549 consolatio
1635 1513 1689 1551 est,
1700 1515 1787 1548 certo
1803 1514 1934 1563 persua-

99 1561 151 1598 sos
165 1562 226 1598 effie
235 1564 275 1597 de
285 1573 420 1611 paterna
427 1564 490 1596 Dei
499 1560 743 1596 beneuolentia:
754 1563 832 1607 quia
841 1560 921 1596 hinc
933 1565 965 1596 δε
989 1561 1087 1596 alutis
1101 1562 1276 1599 certitudo,
1289 1565 1321 1595 &
1335 1560 1514 1608 tranquilla
1523 1563 1641 1596 animae
1651 1560 1812 1601 securitas,
1822 1577 1886 1610 qua
1898 1564 1934 1599 fit

97 1622 134 1647 vt
142 1609 327 1646 dulcescant
337 1623 385 1645 res
394 1608 543 1647 aduersae,
556 1609 608 1643 vel
617 1607 729 1644 saltem
741 1611 913 1657 mitigetur
923 1609 1048 1644 doloris
1060 1609 1226 1644 acerbitas.
1245 1607 1334 1657 ‘Ergo
1348 1611 1387 1644 ad
1395 1612 1589 1657 patientiam
1600 1613 1654 1643 vix
1665 1615 1772 1658 aptior
1784 1613 1935 1647 exhorta·

96 1662 148 1695 tio
159 1657 276 1694 affitrri.
303 1656 502 1705 otest,quam
513 1656 567 1693 vbi
579 1656 800 1705 intelligimus
811 1660 922 1692 Deum
934 1657 1032 1692 nobis
1045 1656 1105 1692 effe
1117 1660 1312 1706 propitium.
1333 1658 1477 1705 Ideoque
1496 1657 1582 1692 hanc
1592 1643 1710 1693 fiducia
1719 1659 1838 1695 Paulus
1852 1673 1935 1695 con-

96 1704 268 1743 solationis
309 1708 354 1741 cit
364 1708 582 1754 principium,
594 1718 660 1752 qua
670 1704 778 1740 fideles
788 1706 880 1740 decet
888 1704 1038 1741 aduersus
1051 1705 1137 1740 mala
1145 1709 1262 1741 omnia
1281 1705 1440 1741 roborari.
1471 1708 1646 1753 Qoniam
1658 1719 1769 1741 autem
1781 1707 1862 1743 salus
1872 1710 1937 1743 ho-

95 1753 419 1797 minis,accusatione
429 1753 576 1803 primum
594 1756 767 1803 impetitur
776 1780 786 1795 ‚
800 1755 918 1789 deinde
928 1757 1087 1789 euerritur
1096 1755 1309 1790 damnatione
1321 1769 1329 1788 ε
1341 1754 1557 1790 accusationis
1568 1755 1754 1803 pericnlum
1767 1759 1875 1804 priore
1885 1757 1936 1791 lo-

95 1816 138 1839 co
147 1805 275 1839 auertit.
290 1805 385 1838 Vnus
395 1805 487 1838 enim
499 1803 543 1838 cst
551 1803 697 1843 Deus‚ad
708 1805 801 1838 cuius
811 1802 955 1838 tribunal
966 1802 1027 1837 sisti
1037 1816 1100 1838 nos
1109 1814 1249 1851 oportet.
1287 1803 1346 1838 Ille
1360 1817 1439 1851 ergo
1451 1816 1557 1851 quum
1567 1817 1630 1838 nos
1639 1803 1791 1839 iustificet
1802 1829 1812 1842 ‚
1823 1805 1935 1840 nullus

93 1849 192 1888 restat
202 1850 516 1887 accusationilocus.
537 1851 620 1887 Non
629 1852 784 1886 videntur
795 1852 931 1898 quidem
952 1853 1062 1887 exacte*
1082 1854 1117 1886 in
1129 1852 1198 1886 suas
1209 1863 1317 1900 partes
1329 1852 1458 1900 digestae
1468 1850 1641 1887 antitheses
1654 1866 1661 1886 :
1680 1853 1833 1888 debuerat
1845 1857 1935 1888 enim

94 1902 208 1950 potius
216 1900 286 1936 haec
294 1902 363 1935 duo
374 1899 523 1935 membra
536 1901 621 1934 inter
631 1897 661 1933 se
670 1902 944 1948 opponere,Qs
955 1899 1136 1935 accusabit?
1148 1899 1300 1935 Christus
1318 1902 1361 1934 est
1371 1904 1429 1947 qui
1442 1901 1624 1935 intercedit.
1641 1901 1771 1936 Deinde
1779 1901 1935 1937 subiicere

93 1948 236 1984 alterum
245 1948 467 1996 iugum‚Qs
476 1947 732 1983 condemnabit?
743 1950 835 1982 Deus
846 1950 890 1983 est
899 1951 958 1995 qui
969 1947 1132 1983 iustificat.
1145 1950 1208 1982 Dei
1219 1951 1310 1984 enim
1321 1947 1749 1987 :iblolutio‚c6demnationi
1763 1964 1769 1984 :
1784 1954 1817 1984 ὃς
1835 1951 1936 1985 Chri-

93 1998 134 2032 sti
143 1995 582 2045 patrocinium,accusationi
592 1995 778 2044 respondet.
787 1997 848 2031 Sed
858 1995 978 2031 Paulus
988 2010 1059 2031 non
1069 2009 1190 2031 temere
1199 1996 1265 2031 alio
1277 1999 1378 2031 modo
1390 1998 1565 2038 transtulit,
1587 1997 1703 2032 volens
1715 2000 1733 2031 a
1744 1998 1774 2031 su
1782 2012 1874 2032 mmo
1886 1997 1935 2032 vs-

53 2081 56 2083 ,
95 2058 163 2093 que
173 2046 214 2080 ad
225 2044 381 2081 infimum
393 2043 790 2092 (vtlloquunturlmunire
800 2043 918 2082 fiducia
927 2047 991 2079 Dei
1004 2044 1178 2092 filios,quae
1189 2040 1353 2093 logissime‘⁴
1364 2049 1540 2080 anxietates
1552 2050 1585 2079 St
1598 2057 1703 2080 merus
1714 2058 1846 2081 arceret.
1856 2048 1935 2081 Ma-

93 2096 146 2142 gis
159 2106 238 2141 ergo
247 2093 434 2141 emphatice
444 2092 575 2141 colligit
586 2091 672 2128 filios
682 2095 746 2128 Dei
756 2107 827 2128 non
838 2092 898 2128 effe
907 2093 1074 2128 obnoxios
1084 2092 1283 2128 accusationi
1295 2097 1374 2140 quia
1388 2096 1478 2128 Deus
1491 2092 1655 2133 iustificat,
1667 2096 1766 2140 quam
1778 2094 1799 2129 li
1811 2093 1935 2129 dixisset

93 2138 265 2177 Christum
277 2139 337 2177 else
346 2153 536 2191 patronum:
557 2144 635 2189 quia
648 2141 766 2177 melius
777 2144 931 2192 exprimit
939 2145 1028 2178 viam
1038 2143 1163 2177 iudicio
1174 2145 1304 2177 eminus
1317 2140 1503 2190 praeclusam
1516 2140 1576 2176 effe
1585 2169 1594 2183 ‚
1611 2142 1663 2176 vbi
1675 2146 1871 2190 pronuntiat
1882 2146 1936 2176 iu-

71 2193 74 2195 ’
93 2190 155 2224 dex
164 2188 194 2225 se
206 2191 225 2225 ὲ
233 2202 324 2225 reatu
335 2189 463 2237 prorsus
475 2192 729 2237 eximere,quem
739 2191 777 2225 ad
787 2195 923 2240 poenam
934 2190 1066 2226 volebat
1076 2192 1203 2226 trahere
1215 2196 1394 2225 acciilator.
1419 2191 1574 2225 Secunda:
1585 2203 1720 2237 quoque
1737 2190 1935 2225 antithescos

93 2239 208 2274 eadem
219 2240 263 2274 est
273 2241 370 2273 ratio.
380 2239 482 2285 longe
493 2241 583 2274 enim
594 2238 696 2274 abelle
707 2240 850 2275 ostendit
861 2238 970 2275 fideles
979 2240 997 2274 ἐι
1007 2238 1152 2274 subeudae
1162 2241 1386 2273 damnationis
1399 2239 1560 2287 periculo,
1575 2252 1680 2286 quum
1694 2240 1843 2274 Christus
1858 2252 1936 2287 pec-
1954 2263 1969 2269 -ι

95 2297 166 2321 cata
175 2288 336 2335 expiando
347 2290 541 2335 praeuenerit
550 2289 614 2321 Dei
626 2287 798 2327 iudicium,
812 2284 932 2335 suaque
943 2286 1170 2322 interceffionc
1179 2301 1249 2322 non
1262 2299 1403 2322 mortem
1416 2286 1519 2322 solum
1534 2286 1663 2324 aboleat
1676 2311 1686 2325 ‚
1697 2285 1748 2322 sed
1759 2287 1936 2322 obliuione

95 2336 229 2370 inducat
238 2347 369 2383 peccata
384 2336 504 2374 nostra,
511 2340 553 2370 ne
563 2338 598 2370 in
610 2338 774 2370 rationem
786 2339 932 2371 veniant.
942 2337 1080 2371 Summa
1090 2337 1217 2374 est‚non
1232 2334 1339 2370 solum
1350 2334 1560 2383 praesentibus
1570 2337 1722 2370 remediis
1733 2362 1742 2376 ‚
1754 2335 1811 2370 vbi
1822 2337 1860 2369 ad
1871 2337 1936 2370 Dei

94 2383 241 2418 tribunal
250 2395 386 2419 ventum
398 2384 519 2424 est‚nos
532 2385 549 2417 ὲ
560 2394 681 2418 terrore
691 2384 822 2419 liberari
834 2398 841 2418 :
851 2382 903 2419 sed
911 2386 1022 2419 Deum
1033 2383 1170 2432 longius
1181 2396 1362 2422 occurrere,
1378 2397 1447 2430 quo
1459 2385 1577 2419 melius
1589 2383 1714 2418 fiduciae
1724 2385 1839 2418 nostrae
1848 2396 1934 2418 con-

94 2429 186 2466 sulat.
201 2432 365 2467 Caeterum
375 2431 431 2466 hic
440 2433 772 2468 animaduertendum
783 2433 826 2466 est
841 2457 850 2471 ‚
861 2434 952 2479 quod
962 2433 1088 2480 semper
1096 2432 1233 2468 antehac
1245 2435 1440 2467 monuimus
1453 2459 1462 2472 ‚
1474 2432 1577 2466 Paulo
1587 2432 1672 2466 nihil
1684 2430 1742 2466 effe
1752 2430 1934 2468 iustificari.
2017 2454 2027 2476 ‘³

93 2481 194 2527 quam
207 2482 271 2515 Dei
285 2477 442 2515 sententia
451 2477 617 2516 absolutos
629 2493 690 2529 pro
701 2481 792 2515 iustis
803 2480 927 2516 haberi.
949 2483 1070 2528 Neque
1077 2481 1157 2515 vero
1167 2479 1304 2516 difficile
1314 2482 1356 2515 est
1367 2484 1400 2515 in
1412 2478 1558 2528 praesenti
1571 2480 1647 2515 loco
1661 2482 1692 2514 id
1703 2483 1865 2517 euincere,
1875 2479 1932 2513 vbi

92 2539 342 2576 argumentatur
352 2530 370 2563 a
380 2526 544 2577 positione
554 2531 651 2564 vuius
662 2531 816 2576 contrarij
828 2530 868 2563 ad
879 2529 1011 2564 alterius
1021 2530 1296 2573 destructionem:
1314 2528 1474 2576 siquidem
1483 2527 1663 2569 absoluere,
1676 2533 1708 2563 ξ(
1721 2533 1755 2563 in
1767 2541 1840 2562 teos
1851 2531 1934 2562 reci*

118 2579 348 2614 ere‚contraria
360 2576 442 2611 sunt.
455 2579 566 2623 iraque
575 2576 704 2612 nullam
715 2575 885 2612 aduersum
897 2590 958 2612 nos
969 2575 1212 2615 accusationem
1223 2578 1373 2612 admittet
1383 2579 1486 2614 Deus,
1498 2579 1577 2624 quia
1588 2579 1683 2611 omni
1696 2577 1793 2624 culpa
1803 2590 1864 2610 nos
1876 2576 1933 2610 ab-

104 2624 203 2659 oluit.
215 2626 305 2661 Nam
317 2624 469 2660 diabolus
478 2624 564 2659 certe
575 2623 742 2661 accusator
753 2626 796 2660 est
805 2627 940 2673 piorum
953 2628 1120 2660 omnium:
1131 2626 1197 2660 Lex
1207 2624 1275 2673 ipsa
1285 2628 1397 2664 Dei,&
1410 2628 1542 2673 propria
1554 2628 1652 2659 etiam
1663 2624 1866 2660 conscientia
1877 2637 1932 2658 eos

92 2674 268 2722 redarguit:
282 2669 334 2708 sed
344 2673 431 2722 apud
440 2686 516 2708 eum
527 2675 671 2708 iudicem
682 2674 741 2720 qui
754 2687 811 2708 eos
822 2676 854 2708 iu
860 2672 985 2711 stfficar,
996 2674 1082 2709 nihil
1092 2673 1160 2708 haec
1171 2675 1288 2710 Omnia
1298 2672 1488 2721 proficiunt.
1510 2673 1633 2708 Nullus
1644 2686 1722 2720 ergo
1734 2673 1931 2707 aduersarius

93 2720 231 2756 salutem
242 2723 387 2757 nostram
397 2720 612 2768 quatefacete‚
625 2722 749 2756 nedum
759 2720 952 2758 labefactare
962 2724 1078 2770 potest.
1095 2723 1198 2761 Porro
1208 2721 1330 2758 electos
1344 2721 1386 2756 sic
1396 2724 1570 2760 nominat,
1582 2733 1616 2755 vt
1627 2721 1714 2756 nihil
1725 2721 1891 2756 addubitet
1902 2720 1931 2754 ie

92 2771 130 2804 in
141 2768 290 2817 ipsorum
299 2768 360 2805 else
369 2770 654 2817 numero..Neque
665 2770 697 2804 id
707 2783 743 2804 ex
755 2768 887 2818 speciali
901 2770 1118 2808 reuelatione‚
1129 2771 1429 2817 (quemadmodum
1440 2770 1598 2817 Sophistae
1610 2770 1745 2816 quidam
1757 2771 1929 2804 mentiun—

92 2821 158 2863 tur)
170 2816 220 2852 sed
229 2831 266 2853 ex
276 2820 453 2853 communi
463 2821 598 2865 piorum
607 2819 725 2853 omniu
735 2816 788 2853 sen
795 2817 840 2853 su.
859 2819 963 2864 Qod
974 2831 1053 2866 ergo
1065 2818 1120 2853 hic
1130 2820 1170 2853 de
1179 2818 1290 2854 elestis
1301 2816 1656 2865 dicitur‚vnusquisque
1666 2822 1812 2865 piorum,
1821 2829 1928 2851 exem·

93 2865 152 2914 plo
160 2865 310 2904 Pauli,ad
319 2864 350 2901 se
358 2867 475 2901 trahat.
486 2865 614 2913 alioqui
624 2879 695 2901 non
709 2867 811 2901 modo
821 2865 940 2914 frigida
952 2865 1026 2901 effer
1035 2868 1198 2905 doctrina,
1216 2866 1268 2901 sed
1275 2870 1406 2915 penitus
1419 2878 1551 2900 mortua
1561 2869 1689 2904 iaceret,
1697 2865 1719 2900 fi
1729 2866 1927 2900 electionem

93 2914 241 2962 sepeliret
251 2917 287 2949 in
297 2927 417 2950 arcano
427 2916 493 2949 Dei
503 2914 655 2949 consilio.
675 2915 736 2948 Sed
747 2927 853 2961 quum
870 2913 1008 2949 sciamus
1018 2938 1028 2952 ,
1041 2916 1114 2950 dara
1124 2928 1223 2963 opera
1233 2915 1288 2950 hic
1307 2914 1443 2963 proferri
1456 2916 1547 2961 quod
1563 2917 1696 2962 piorum
1708 2911 1928 2958 vnusquisque

92 2963 132 2996 ad
143 2960 173 2997 se
181 2964 435 2997 accommodare
443 2961 645 3004 debeat,non
657 2962 798 2998 dubium
809 2962 853 2998 est
862 2976 925 2998 nos
933 2977 1052 2998 omncs
1062 2964 1295 2999 advocationis
1306 2964 1415 3007 nostre
1427 2975 1562 2998 examen
1572 2963 1699 3000 adduci,
1709 2973 1742 2995 vt
1752 2963 1929 2995 statuamus

95 3023 157 3045 nos
168 3008 228 3045 eise
238 3013 303 3045 Dei
317 3010 416 3046 filios.

122 3096 127 3101 ,
141 3069 184 3104 34
231 3060 312 3112 Quis
326 3060 380 3092 ille
388 3062 440 3105 qui
453 3058 651 3094 condemnet?
656 3061 675 3100 )
696 3060 993 3107 Qemadmodum
1006 3058 1118 3094 nullus
1134 3058 1317 3094 accusando
1329 3057 1487 3106 proficere
1498 3060 1675 3104 quicquam
1688 3056 1803 3103 potest,
1813 3054 1866 3089 vbi
1878 3058 1931 3090 ἰυ-Δ

96 3105 156 3144 dex
163 3106 323 3142 absoluit:
338 3109 382 3141 ita
391 3107 483 3142 nulla
492 3109 586 3142 restat
595 3109 832 3144 condemnatio
846 3130 856 3147 ,
865 3108 923 3143 vbi
934 3105 1136 3142 satisfaetum
1146 3109 1190 3142 est
1199 3107 1340 3155 legibus,
1352 3111 1384 3141 ὅ(
1398 3109 1464 3140 iarn
1476 3107 1517 3140 cst
1531 3118 1628 3156 poena
1639 3103 1809 3151 persoluta.
1828 3105 1932 3137 Chri*

96 3151 162 3186 stus
174 3165 283 3193 aurem
295 3158 321 3190 is
335 3156 388 3193 est,
397 3159 456 3202 qui
469 3155 634 3204 supplicio
642 3155 741 3190 nobis
753 3155 866 3191 debito
878 3154 977 3191 semel
987 3155 1216 3194 defun&iis,eo
1227 3155 1299 3204 ipso
1309 3154 1465 3202 profelsus
1475 3155 1517 3188 est
1529 3157 1558 3188 le
1573 3152 1678 3186 subire
1696 3152 1818 3184 nostras
1830 3154 1931 3189 vices,

94 3211 133 3234 vt
146 3212 207 3234 nos
223 3201 388 3241 liberaret:
401 3207 460 3250 qui
472 3217 550 3252 ergo
562 3205 696 3251 posthac
708 3205 862 3239 damnare
872 3218 935 3239 nos
945 3203 1054 3243 volet,
1065 3203 1236 3239 Christum
1254 3201 1362 3251 ipsum
1373 3214 1505 3237 reuocet
1518 3204 1550 3235 in
1563 3211 1703 3233 mortem
1715 3210 1855 3246 oportet.
1873 3200 1931 3233 Ille

94 3247 174 3282 verb
186 3261 256 3283 non
267 3262 417 3286 mortuus
429 3252 472 3287 est
482 3252 628 3286 tantum:
653 3250 703 3285 sed
713 3265 770 3300 pet
785 3250 1059 3288 resurrectionem
1068 3255 1185 3286 mortis
1195 3254 1304 3287 vietor
1316 3249 1461 3286 emersit,
1471 3261 1506 3283 ac
1516 3250 1633 3298 deeius
1644 3249 1793 3294 potentia
1811 3251 1932 3282 trium-

93 3296 223 3343 phauit.
241 3297 280 3330 Et
288 3297 362 3344 plus
372 3302 471 3334 etiam
481 3300 582 3338 addit,
592 3313 714 3348 nempe
725 3299 831 3348 ipsum
845 3313 936 3348 nunc
945 3298 1052 3335 sedere
1068 3302 1102 3333 in
1112 3302 1213 3334 Patris
1223 3301 1367 3333 dextera:
1381 3310 1450 3344 quo
1464 3295 1661 3342 lignihcarur
1671 3320 1680 3334 ‚
1696 3293 1803 3342 ipsum
1815 3294 1881 3329 cxli
1895 3307 1930 3328 ac

92 3353 183 3379 terrae
195 3344 347 3381 dominii]
356 3347 726 3397 obtiiiere,pleiiuinqiie
736 3361 844 3385 rerum
856 3351 1014 3385 omnium
1025 3347 1159 3384 arbitria
1170 3360 1207 3384 ae
1220 3342 1541 3382 moderationedicut
1551 3341 1690 3423 habetifir
1700 3341 1929 3397 Ephesidaa.

1670 3417 1677 3424 .
1716 3403 1748 3436 2)-
