2268 3705
526 75 642 134 An
692 74 1408 138 citarem-iii.
1772 51 1780 59 ’
1866 100 1928 148 322.

71 157 230 195 restirisse:
240 162 358 194 omnes
368 156 460 191 enim
469 154 588 190 leuiter
599 164 806 203 praetereunt,
818 151 906 199 quasi
915 164 975 199 per
983 152 1158 200 regionem
1169 163 1330 200 pacatam.
1340 156 1446 202 Atqui
1457 155 1601 193 multum
1612 158 1712 195 habet
1720 149 1843 197 coloris
1855 177 1914 198 eo-

72 221 149 244 rum
159 207 318 242 obiectio.
329 216 410 240 narn
421 215 527 251 quum
540 202 659 246 vainei
670 200 923 242 ienieiff‚noineu
933 200 970 235 fit
980 200 1213 238 colledunum:
1223 203 1353 238 videtur
1361 203 1474 252 inepte
1483 205 1586 240 facere
1594 206 1786 256 Paulus‚qui
1798 223 1911 258 vrgeat

70 269 177 291 vnum
190 256 363 290 hominem
374 252 514 288 indicari
525 252 587 287 hac
597 263 680 287 voce
691 273 701 288 ‚
721 249 778 285 sub
790 262 855 297 qua
864 260 935 284 tota
944 248 1084 285 Abrahae
1094 252 1270 298 progenies
1280 255 1576 301 comprehenditur
1587 253 1664 290 loco
1675 269 1780 309 nuper
1789 262 1906 298 citato,

69 305 143 339 Erit
155 302 263 338 semen
273 313 368 336 tuum
379 299 459 335 ficut
477 312 573 334 arena
585 302 683 333 maris
697 301 732 333 &
747 297 843 333 stellae
854 296 935 332 caeli'.
951 300 1062 351 itaque
1073 297 1161 346 quasi
1171 302 1330 336 conuista
1339 299 1485 342 falsitate,
1501 302 1599 338 nobis
1609 303 1745 339 fastuoic·
1759 305 1903 343 insultat.

71 355 119 388 Eo
130 355 237 400 magis
244 350 372 385 nostros
384 351 486 383 miror
496 347 551 384 hic
561 345 692 382 tacuiise
705 359 828 393 :quum
839 359 910 381 non
919 345 996 381 defit
1009 349 1100 382 firma
1110 345 1254 382 defensio
1263 349 1302 383 ad
1311 348 1517 385 refutandam
1527 349 1676 399 ipsorum
1687 352 1902 391 calumniam.

69 414 149 436 nam
160 403 196 434 in
206 397 280 446 ipsis
291 395 370 432 filiis
378 396 518 431 Abrahae
526 399 592 431 iarn
603 397 705 443 coepit
717 394 790 430 talis
799 393 917 429 diuifio
929 414 940 432 ,
950 405 985 428 vt
995 394 1075 429 alter
1085 407 1123 430 ex
1134 393 1210 431 filiis
1220 395 1361 434 rese&us
1370 397 1407 433 lit
1419 411 1458 434 ex
1469 398 1605 434 familia.
1621 402 1659 435 In
1672 399 1753 445 isaac
1766 403 1900 437 vocabi-

69 460 123 483 tur
134 447 194 483 tibi
204 446 324 482 semen:
336 457 415 494 ergo
424 443 538 479 lsmael
550 457 621 479 non
631 443 788 478 censetur.
798 445 980 478 Veniamus
989 444 1029 479 ad
1036 442 1216 479 secundum
1226 446 1376 491 gradum.
1391 460 1431 482 an
1444 449 1628 483 concedent
1639 449 1900 497 Iudaei‚postcros

66 495 149 533 Esau
159 491 217 530 effe
225 493 441 529 benedictum
452 492 562 528 semen
576 499 585 526 Ξ
609 490 681 526 imo
690 491 895 527 contendent
906 502 1033 538 patrem
1043 490 1192 540 ipsorum
1204 497 1409 542 expunctum
1421 494 1512 530 fuisse
1524 508 1735 544 :quanquam
1747 496 1821 532 effer
1831 503 1900 546 pri-

69 546 261 592 mogenitus
273 546 306 577 &
317 553 401 589 quot
411 541 531 590 populi
543 553 580 574 cx
590 538 687 587 stirpe
698 539 834 575 Abrahae
845 540 1039 588 prodierunt
1049 563 1062 578 ‚
1078 542 1136 588 qui
1146 539 1261 575 locum
1272 544 1308 577 in
1318 546 1495 580 vocatione
1504 544 1566 580 hac
1575 544 1708 582 nullum
1720 545 1896 582 obtinent}

67 591 256 627 Duodecim
274 592 409 625 tandem
424 589 634 629 Parriarchae,
649 589 790 622 totidem
802 587 935 623 fuerunt
953 591 1079 636 capita:
1099 601 1171 624 non
1185 592 1264 636 quia
1283 602 1320 625 ex
1330 595 1490 639 progenie
1508 592 1646 628 Abrahae
1656 592 1899 635 descenderant,

65 639 119 677 sed
129 642 206 687 quia
216 638 347 687 speciali
356 640 421 673 Dei
442 638 605 673 electione
614 648 706 671 erant
717 637 871 671 ordinati.
891 648 969 672 nam
980 649 1018 671 ex
1027 649 1097 685 quo
1106 636 1253 673 abductae
1265 637 1393 674 fuerant
1403 641 1517 676 decem
1527 642 1632 677 tribus
1644 662 1655 684 ,-
1673 645 1776 689 quani
1792 644 1898 680 multa

64 688 170 725 millia
180 688 220 724 fic
231 689 511 735 degenerauetunr
519 713 529 727 ‚
540 696 573 720 vt
582 699 710 721 nomen
720 688 754 720 in
766 683 888 722 semine
897 684 1036 720 Abrahae
1046 685 1180 723 nullum
1188 686 1386 726 obtineant?
1403 689 1573 724 Postremo
1582 693 1680 725 etiam
1690 691 1796 729 tribus
1814 694 1898 729 Iuda

65 735 249 786 periclitata
258 738 310 771 ess:
321 748 356 770 vt
368 738 402 770 in
415 737 535 783 exiguo
544 746 590 782 po
617 733 675 768 ulo
688 747 761 768 vera
771 733 1014 769 benedictionis
1023 731 1177 769 succeffio
1188 746 1344 770 maneret.
1356 739 1468 783 Atque
1480 740 1526 772 ita
1559 740 1731 775 raedickum
1741 740 1846 778 fuerat
1855 742 1896 777 ab

61 784 171 825 lesaia,
181 785 344 832 Reliquiae
354 784 482 820 tantum
492 781 586 817 salua:
618 794 685 817 ent.
695 783 866 817 Hactenus
878 781 965 817 nihil
981 783 1050 817 dixi
1062 783 1154 833 quod
1162 784 1261 819 ludaei
1269 797 1341 819 non
1352 783 1526 820 fateantur.
1574 785 1776 833 espondeant
1791 792 1895 838 igitur

64 834 161 872 mihi,
173 833 231 882 qui
244 832 279 868 fit
291 845 324 867 vt
333 835 446 880 potius
456 831 612 866 tredecim
621 829 726 865 tribus
737 841 815 864 οἴκεε
825 842 863 864 ex
874 831 1052 865 duodecim
1061 832 1256 868 patriarchis
1265 831 1375 868 semen
1386 833 1524 869 Abrahae
1536 833 1669 876 fuerint,
1682 839 1782 883 quam
1794 839 1895 875 lsmae

66 882 133 921 lita:
145 883 195 916 vel
206 883 354 916 ldumaei?
365 893 422 916 cur
432 893 522 916 nunc
532 880 597 914 hoc
608 881 748 915 nomine
759 876 820 912 soli
830 878 1029 926 glorientur,
1037 879 1120 914 alios
1131 891 1290 931 tanquam
1301 881 1524 917 adulterinum
1538 882 1647 918 semen
1658 887 1809 921 reficiant
1821 889 1833 920 ?
1843 890 1894 921 Ia-

65 930 203 968 &abunt
214 930 348 978 quidem
360 930 393 964 id
403 927 432 963 se
442 926 666 977 consequutos
678 926 737 961 effe
747 925 805 963 suo
817 929 936 961 metito
949 940 957 961 ε
968 927 1081 962 verum
1093 930 1259 979 Scriptura
1266 929 1438 965 exaduetso
1457 930 1613 970 reclamat
1625 956 1636 972 ‚
1656 944 1768 968 totum
1783 948 1819 969 ex
1830 937 1896 970 Dei

20 992 25 997 ·
63 973 241 1015 vocatione
252 979 401 1026 pendere.
413 990 492 1012 nam
502 976 626 1025 semper
635 976 674 1009 ad
684 975 777 1009 illam
789 977 1040 1028 praerogatiuam
1052 977 1255 1012 redeundum
1266 1004 1276 1018 ‚
1287 981 1324 1012 ln
1335 977 1418 1014 Isaac
1430 980 1603 1015 vocabitur
1613 979 1674 1015 tibi
1684 980 1805 1017 lemen.
1819 985 1896 1018 Hu—

63 1030 117 1063 ius
127 1029 347 1076 praerogatiua:
357 1028 519 1062 continua
529 1023 621 1060 series
631 1023 735 1059 valere
744 1023 858 1060 debuit
868 1026 968 1070 vique
977 1025 1016 1059 ad
1028 1025 1289 1061 Christum.nam
1306 1027 1479 1063 Dominus
1490 1027 1742 1076 promiffionem
1755 1030 1896 1068 Abrahae

61 1075 197 1116 factam,
209 1076 318 1124 postea
329 1076 364 1108 in
375 1074 518 1112 Dauide,
529 1071 617 1120 quali
628 1071 837 1121 postliminio
846 1076 1028 1108 reuocauit.
1040 1073 1160 1109 Paulus
1173 1087 1251 1122 ergo
1264 1088 1335 1112 non
1346 1074 1502 1123 singulari
1518 1090 1661 1112 numero
1677 1081 1845 1117 nititur‚vt
1856 1081 1896 1115 de'

62 1136 131 1160 vno
141 1125 279 1159 homine
288 1125 418 1158 dictum
427 1121 493 1159 hoc
501 1118 593 1157 fuiffe
602 1119 730 1169 prober:
741 1119 791 1155 sed
801 1120 931 1155 tantum
941 1132 974 1172 vr
986 1122 1132 1159 ostendat
1143 1136 1269 1158 nomen
1282 1122 1413 1158 seminis
1423 1127 1459 1159 in
1469 1124 1585 1172 aliquo
1595 1125 1741 1168 residere,
1752 1130 1811 1176 qui
1821 1138 1895 1163 non

62 1173 193 1208 tanturn
205 1183 299 1207 natus
311 1170 346 1205 fit
357 1183 395 1205 ex
405 1170 572 1206 Abraham
581 1169 762 1205 secundum
774 1181 907 1204 carnem
915 1192 926 1206 ‚
947 1170 999 1204 led
1012 1173 1111 1205 etiam
1126 1172 1190 1206 Dei
1201 1175 1380 1208 vocatione
1389 1173 1428 1207 ad
1439 1172 1505 1208 hoc
1515 1175 1697 1209 ordinatus.
1720 1176 1754 1210 id
1762 1177 1862 1211 ludaei
1871 1175 1895 1213 fi

64 1219 266 1259 inficientur,
275 1219 362 1255 nihil
377 1219 467 1253 aliud
482 1220 582 1266 quam
596 1216 624 1253 se
645 1217 804 1252 ridiculos
813 1216 866 1252 sua
921 1221 1077 1255 ettinacia
1086 1218 1218 1255 facient.
1229 1219 1394 1256 Caeterum
1407 1223 1485 1269 quia
1504 1234 1541 1256 ex
1554 1221 1668 1258 iisdem
1680 1223 1786 1259 verbis
1795 1227 1897 1260 etiam

60 1267 190 1318 colligit
208 1268 327 1303 Paulus
340 1270 475 1315 pastum
486 1271 522 1302 in
555 1266 689 1301 Christo
701 1268 824 1301 initum
836 1264 899 1300 fuis
909 1264 947 1304 c,
966 1266 1018 1302 vel
1030 1279 1105 1314 erga
1117 1268 1305 1304 Christum:
1326 1266 1536 1305 discutiamus
1549 1271 1630 1317 quid
1647 1271 1751 1306 valeat
1761 1271 1821 1307 ista
1841 1272 1897 1308 lo-·

64 1320 184 1365 quutio
198 1331 206 1352 ε
226 1320 264 1351 ln
278 1316 401 1351 semine
410 1328 470 1351 tuo
488 1315 726 1350 benedicentur
739 1327 857 1349 omnes
877 1317 1012 1350 Gentes.
1041 1316 1140 1351 Iudaei
1160 1315 1358 1353 cauillantur
1368 1341 1378 1355 ,
1397 1321 1684 1366 comparationem
1701 1319 1891 1369 significari:

8 1360 13 1363 ⁷
64 1364 151 1413 quasi
165 1363 272 1401 semen
286 1365 423 1400 Abrahae
434 1363 581 1399 infaustis
604 1363 764 1398 omnibus
775 1367 807 1397 δι’.
820 1362 1066 1410 precationibus
1077 1363 1241 1412 exemplar
1251 1363 1289 1398 sit
1300 1364 1461 1400 futurum.
1481 1364 1766 1415 quemadmodum
1792 1381 1896 1404 econ-v

60 1412 154 1449 uerso
173 1414 369 1449 maledicere
381 1416 416 1447 in
435 1414 580 1447 Sodoma
592 1413 640 1446 vel
651 1411 763 1446 israele
785 1435 795 1449 ‚
814 1409 973 1459 significat
985 1413 1020 1446 in
1033 1410 1189 1447 formulis
1202 1415 1452 1450 execrationum
1474 1414 1624 1462 vsurpare
1635 1417 1786 1452 Sodomae
1797 1417 1849 1451 vel
1860 1420 1896 1452 1-

59 1461 166 1497 sraelis
186 1475 322 1497 nomen.
349 1463 465 1496 Fateor
476 1462 541 1495 hoc
555 1460 721 1495 interdum
732 1456 791 1494 ess'e
800 1472 915 1493 verum
926 1484 936 1499 ,
955 1457 1008 1494 sed
1018 1472 1217 1508 perpetuum
1229 1459 1289 1495 effe
1298 1473 1406 1508 nego:
1423 1474 1501 1500 nam
1511 1463 1705 1499 Benedicere
1715 1464 1744 1498 se
1753 1468 1790 1499 in
1807 1466 1896 1503 Deos

61 1509 152 1544 aliud
177 1511 220 1545 est
229 1537 238 1550 ‚
262 1513 361 1544 etiam
381 1508 640 1543 concedentibus
659 1509 784 1542 iudaeis.
811 1509 930 1554 Quin
942 1520 1019 1554 ergo
1038 1507 1197 1556 loquutio
1205 1507 1242 1543 fit
1252 1509 1410 1556 ambigua
1431 1536 1444 1551 ,
1463 1514 1497 1546 &
1509 1524 1600 1546 nunc
1617 1511 1746 1547 causam
1764 1536 1774 1550 ‚
1803 1518 1897 1550 nunc

57 1570 348 1605 comparationem
368 1556 546 1604 significet:
568 1558 699 1602 quoties
710 1558 853 1590 occurrit
864 1579 874 1592 ‚
893 1568 930 1589 ex
942 1558 1178 1600 circunstantia
1194 1557 1261 1592 loci
1273 1559 1470 1608 exponenda
1481 1559 1534 1593 est.
1561 1560 1665 1599 Porro
1687 1561 1814 1596 constat
1830 1574 1895 1596 nos

58 1606 254 1642 maledictos
272 1605 332 1640 eise
350 1617 467 1640 omnes
477 1617 602 1639 natura.
624 1604 814 1639 benedictio
833 1606 963 1639 cunetis
977 1605 1133 1652 gentibus
1149 1603 1306 1655 promiffi
1315 1606 1360 1641 est
1389 1609 1426 1641 in
1439 1620 1539 1643 manu
1550 1607 1700 1644 Abrahae.
1721 1622 1762 1644 an
1775 1621 1897 1645 omnes

59 1653 249 1702 promiscue
266 1656 305 1689 ad
315 1666 385 1688 eam
406 1656 607 1700 perueniunt
624 1655 636 1685 Ρ
657 1653 800 1686 minime
811 1652 916 1686 certe:
935 1651 987 1687 sed
997 1656 1022 1687 ii
1048 1653 1155 1689 solum
1165 1656 1224 1703 qui
1235 1666 1454 1704 aggregantur
1475 1656 1513 1690 ad
1522 1655 1685 1692 Meffiam.
1710 1669 1789 1692 nam
1813 1669 1896 1692 tunc

57 1702 145 1738 fiunt
164 1715 249 1738 vnus
283 1701 435 1750 opuluS„
447 1713 554 1747 quum
568 1703 604 1735 in
621 1711 727 1736 vnum
739 1713 860 1748 corpus
872 1723 883 1739 2
905 1698 1028 1737 Meffiae
1037 1700 1191 1750 auspiciis
1211 1706 1246 1738 δι’
1259 1701 1317 1737 sub
1328 1706 1396 1738 eius
1408 1704 1509 1739 ductu
1540 1705 1759 1753 colliguntur.
1791 1705 1897 1752 Qs-

40 1747 133 1799 'quis
142 1753 244 1800 igitur
252 1714 385 1800 sgposita
396 1751 616 1784 contentione
631 1761 746 1785 verum
766 1751 932 1796 inquiret,
951 1747 1046 1785 facile
1061 1749 1216 1798 agnoscet
1225 1749 1352 1786 causam
1363 1751 1418 1786 hic
1428 1755 1537 1787 notari
1549 1776 1561 1793 ,
1572 1766 1643 1788 non
1653 1756 1778 1789 nudam
1798 1766 1896 1789 com-

55 1802 276 1848 parationem.
299 1798 384 1835 vnde
395 1796 560 1845 sequitur,
579 1797 721 1833 Paulum
730 1810 802 1833 non
813 1798 982 1833 immerito
1006 1799 1134 1838 dicere,
1151 1801 1290 1836 Pactum
1314 1798 1405 1836 fuisse
1416 1803 1541 1836 initum
1550 1804 1589 1838 in
1598 1801 1752 1840 Christo,
1775 1802 1828 1840 vel
1844 1815 1895 1838 rea

56 1845 171 1899 spectu
185 1847 319 1883 Christi.
1085 1879 1087 1881 ,
1837 1892 1839 1895 ¹

102 1907 143 1942 17
189 1899 265 1931 Lex
272 1891 402 1945 quapost
409 1906 506 1929 annos
517 1892 777 1941 quadringentos.)
828 1897 862 1930 Si
874 1895 1059 1943 origenem
1071 1899 1104 1933 &
1115 1896 1365 1941 Hieronymum
1376 1898 1601 1937 audiamus&
1613 1910 1731 1939 omnes
1739 1901 1893 1949 Papistas:

53 1943 144 1981 nihil
153 1946 282 1992 negotii
293 1947 356 1978 erit
366 1944 403 1978 in
417 1940 596 1978 refellenda
605 1943 666 1977 hac
675 1944 816 1977 ratione.
837 1946 895 1978 Sic
903 1947 996 1979 enim
1008 1942 1150 1992 disputat
1160 1944 1291 1980 Paulus.
1312 1944 1489 1982 Promiffio
1504 1949 1577 1983 data
1587 1949 1630 1983 est
1642 1947 1781 1986 Abrahae
1806 1962 1890 1996 qua-

53 1994 239 2040 dringentis
252 1996 286 2030 δ(
297 1993 436 2040 triginta
444 1993 540 2029 annis
549 2002 624 2025 ante
636 1990 738 2027 latam
747 1992 881 2038 Legem.
893 2005 971 2040 ergo
981 1994 1048 2027 Lex
1057 2005 1130 2039 qua:
1138 1990 1412 2041 superuenit‚non
1424 1997 1536 2042 potuit
1546 1993 1800 2044 promiffionem
1809 1997 1895 2034 abo-

53 2040 130 2076 lere.
143 2042 223 2076 hinc
231 2039 402 2076 concludit
412 2042 622 2074 caetemonias
632 2053 704 2074 non
717 2039 776 2074 esse
786 2039 984 2077 necessarias.
1001 2042 1106 2088 Atqui
1117 2040 1216 2087 siquis
1228 2045 1402 2090 exciperet,
1415 2041 1475 2079 elle
1484 2044 1694 2082 Sacramenta
1702 2048 1739 2079 in
1749 2044 1824 2079 fidei
1834 2047 1896 2080 cf>-

52 2087 275 2124 seruationem
283 2090 356 2123 data
374 2101 382 2122 ι
398 2100 456 2122 cur
465 2100 516 2122 eas
527 2089 545 2122 a
555 2085 773 2135 promiffione
781 2088 979 2136 disiungeret
988 2089 1131 2126 Paulus?
1146 2089 1188 2124 iic
1197 2101 1308 2125 autem
1319 2089 1478 2137 difiungit
1487 2102 1522 2126 vt
1533 2094 1568 2129 in
1579 2103 1746 2129 certamen
1764 2096 1891 2128 comit-

51 2148 112 2171 tat.
123 2138 265 2172 Proinde
274 2136 370 2171 altius
382 2136 538 2183 quiddam
548 2138 584 2170 in
596 2138 802 2171 caeremoniis
813 2138 1003 2173 conliderat:
1016 2145 1138 2186 nempe
1148 2136 1301 2173 effectum
1312 2137 1673 2188 iustificationis,quem
1685 2141 1751 2176 illis
1762 2142 1890 2177 tribac-

52 2184 134 2221 bant
142 2183 404 2233 pseudoapostoli
414 2209 425 2222 ‚
443 2188 476 2219 ὅτ.
487 2182 764 2219 conscientiarum
783 2184 1039 2232 obligationem.
1062 2187 1134 2220 imo
1144 2185 1316 2223 occafione
1335 2190 1606 2223 caeremoniarum
1617 2215 1628 2230 ,
1638 2190 1677 2224 de
1691 2189 1753 2224 fide
1764 2194 1798 2225 &
1810 2203 1892 2239 ope-⁷

54 2233 145 2268 ribus
156 2236 191 2268 in
203 2233 389 2268 vniuersum
405 2230 536 2267 dillerit.
548 2231 620 2267 Nisi
633 2235 723 2267 enim
733 2245 883 2280 ageretur
893 2235 931 2268 de
940 2236 1138 2280 acquirenda
1149 2235 1283 2273 iustitia,
1296 2236 1335 2270 de
1347 2248 1488 2286 operum
1501 2239 1636 2276 merito,
1657 2238 1696 2272 de
1705 2238 1892 2285 illaquean-

53 2283 104 2316 dis
113 2280 335 2317 conscientiis:
350 2281 435 2316 bene
444 2282 562 2316 starent
572 2284 776 2315 eaerernoniae
784 2293 863 2318 cum
874 2281 1102 2329 promissione.
1113 2283 1208 2331 Qd
1219 2296 1298 2330 ergo
1309 2283 1367 2318 sibi
1380 2284 1451 2318 vult
1460 2284 1528 2320 haec
1538 2284 1767 2333 promiffionis
1781 2287 1891 2322 aboli-

51 2333 115 2367 tio,
126 2330 274 2365 aduersus
284 2343 384 2377 quam
395 2340 521 2377 pugnat
531 2328 712 2377 Apostolus
722 2337 732 2362 ἓ
743 2342 863 2377 nempe
874 2334 952 2377 quia
961 2329 1126 2378 negabant
1140 2333 1336 2381 impostores
1347 2359 1357 2373 ,
1367 2335 1466 2381 gratis
1479 2332 1671 2381 promiffim
1681 2335 1740 2369 effe
1751 2333 1891 2371 salutem

52 2377 253 2414 hominibus
263 2402 272 2417 ,
284 2383 317 2413 δι
329 2376 556 2413 obtineri'fide.
567 2376 620 2411 sed
632 2380 843 2412 caeremonias
857 2378 1015 2425 vrgebant
1024 2402 1033 2417 ‚
1045 2388 1204 2426 tanquam
1214 2380 1402 2417 necessarias
1412 2382 1451 2416 ad
1461 2383 1553 2416 illam
1565 2383 1819 2430 promerendam
1831 2398 1839 2418 :
1853 2395 1890 2420 vt

52 2439 135 2462 mox
145 2426 320 2461 videbitur.
341 2427 455 2461 Redeo
470 2427 508 2460 ad
517 2425 614 2463 verba
624 2425 735 2462 Pauli:
747 2427 831 2463 Lex‚'
851 2429 962 2473 inquit
973 2450 983 2464 ,
994 2425 1212 2476 promissione
1222 2430 1265 2463 est
1274 2428 1447 2477 posteriori
1462 2442 1541 2479 ergo
1555 2430 1647 2466 illam
1659 2444 1730 2467 non
1743 2430 1892 2480 abrogat·-

53 2488 132 2510 nam
166 2478 278 2510 acrum
290 2473 388 2509 semel
397 2473 575 2515 sancitum,
600 2473 799 2509 inuiolabile
814 2487 945 2509 manere
955 2476 1193 2511 debet.1rerum
1204 2489 1318 2526 repeto
1327 2497 1336 2515 s
1357 2476 1429 2512 Nifi
1439 2477 1693 2526 promissionem
1707 2483 1890 2527 gratuitam

52 2523 134 2558 intel
151 2526 237 2572 igas,
253 2522 452 2571 superuacua
470 2524 531 2557 erit
541 2521 711 2557 sententia.
729 2535 809 2557 nam
822 2524 890 2557 Lex
909 2527 942 2558 &
952 2522 1125 2572 promiffio
1136 2538 1207 2561 non
1219 2536 1391 2574 pugnant,
1410 2526 1470 2562 nisi
1481 2529 1517 2561 in
1528 2527 1620 2569 causa
1631 2528 1887 2565 iustificationis:

52 2572 145 2619 quod
155 2572 212 2606 illa
221 2571 398 2606 hominem
422 2569 576 2606 iustificat
587 2583 728 2618 operum
738 2574 876 2609 merito,
892 2571 960 2606 haec
973 2572 1119 2619 gratuito
1130 2575 1288 2611 iustitiam
1299 2575 1412 2612 donat.
1434 2578 1467 2609 δι
1479 2574 1563 2611 clare
1577 2578 1676 2613 etiam
1687 2577 1717 2611 se
1736 2576 1889 2625 exponit,

51 2629 158 2667 quum
175 2621 303 2656 Pallam
315 2630 413 2654 vocat
423 2622 458 2654 in
470 2618 603 2653 Christo
615 2617 802 2654 fundatum.
829 2619 952 2655 Verum
966 2621 1022 2655 hic
1032 2620 1202 2669 insurgent
1213 2623 1340 2672 Papiste
1352 2636 1360 2657 :
1379 2635 1457 2661 nam
1469 2635 1666 2672 promptum
1676 2624 1744 2661 illis
1754 2629 1814 2660 erit
1824 2627 1892 2661 hoc

51 2681 86 2703 at
110 2681 286 2704 umenrum
300 2667 439 2703 eludere.
448 2668 522 2702 Nos
534 2679 605 2701 non
617 2666 772 2715 amplius,
784 2668 906 2706 dicent,
918 2680 1040 2704 veteres
1051 2673 1256 2713 ceremonias
1267 2673 1486 2719 requirimus:
1510 2671 1660 2710 faceffimt
1671 2673 1688 2711 ὲ
1699 2675 1820 2709 medio.
1833 2677 1889 2709 ni-

52 2681 238 2754 hifominus
250 2716 442 2752 iustificatur
455 2716 562 2750 homo
571 2715 643 2762 lege
656 2715 785 2750 morali.
796 2728 873 2750 nam
883 2716 952 2752 haec
964 2716 1071 2752 foedus
1082 2719 1145 2753 Dei
1155 2731 1233 2754 cum
1243 2719 1412 2756 Abraham
1421 2718 1578 2771 precessit:
1595 2733 1701 2756 creata
1710 2719 1833 2757 scilicet
1848 2736 1889 2756 v-

55 2764 98 2798 ηὲ
107 2777 182 2807 cum
192 2766 340 2800 homine.
361 2768 406 2798 ita
414 2775 470 2801 aut
487 2763 608 2797 friuola
619 2766 679 2798 etit
689 2763 781 2798 Pauli
793 2768 1038 2811 argumentatio
1048 2789 1059 2807 ›.
1077 2778 1133 2805 aut
1143 2778 1259 2803 contra
1269 2766 1351 2802 solas
1361 2771 1574 2806 caeremonias
1586 2769 1716 2807 valebit.
1732 2769 1886 2818 Respon⁴

56 2812 120 2846 deo
130 2814 288 2854 ‚Paulum
298 2810 509 2849 considerasse
519 2813 552 2846 id
563 2812 655 2858 quod
667 2824 732 2846 erat
741 2836 751 2850 ,
763 2812 891 2848 nullam
903 2815 1088 2849 mercedem
1097 2815 1253 2863 operibus
1264 2816 1372 2850 deberi
1385 2815 1443 2851 nifi
1461 2830 1497 2851 ex
1510 2819 1573 2852 Dei
1584 2820 1694 2867 pasto.
1706 2820 1750 2853 ita
1760 2818 1884 2853 etiamsi

55 2858 213 2908 fateamur
221 2863 344 2910 Legem
361 2860 553 2899 iustificam
572 2871 683 2898 tamen
692 2872 767 2896 ante
786 2862 909 2909 Legem
921 2875 991 2898 non
1011 2874 1164 2910 poterant
1173 2864 1329 2899 homines
1349 2862 1485 2900 salutem
1500 2869 1681 2913 promereri
1707 2866 1884 2914 operjbus,

54 2910 136 2954 quia
145 2909 274 2945 nullum
285 2921 353 2946 erar
362 2912 508 2959 paderm-
527 2907 626 2944 Nihil
646 2907 777 2944 affirmo
787 2910 879 2955 quod
893 2924 963 2946 non
981 2912 1166 2946 concedant
1175 2909 1355 2948 scholastici
1368 2912 1530 2962 theologi.
1557 2927 1665 2961 neque
1675 2917 1765 2950 enim
1785 2927 1884 2961 opera

56 2956 178 2992 docent
195 2959 536 3006 intrinsecadignitate
553 2960 723 2992 meritoria
731 2955 791 2992 ess'e
813 2957 923 2993 salutis
944 2983 953 2997 ‚
973 2958 1024 2993 sed
1034 2962 1262 3007 acceptatione
1271 2962 1337 2996 Dei
1366 2961 1621 3009 (vtloquuntur)
1642 2966 1676 2997 δε
1688 2966 1814 2997 ratione
1826 2975 1884 3008 pa-

56 3007 114 3039 ἃί.
135 3005 223 3052 Ergo
233 3006 287 3041 vbi
299 3006 429 3042 nullum
443 3007 508 3042 Dei
519 3008 653 3054 pactum
664 3029 674 3043 ‚
688 3004 820 3043 nullum
831 3010 1068 3054 acceptationis
1077 3008 1306 3043 testimonium
1319 3010 1491 3046 intercedit
1510 3009 1614 3046 :null-2
1625 3023 1760 3057 quoque
1784 3022 1884 3057 opera

54 3053 96 3087 ad
125 3054 279 3089 iustitiam
290 3053 468 3090 sufficienn
481 3067 580 3101 quare
592 3053 677 3089 belle
689 3055 838 3102 procedit
851 3055 940 3089 Pauli
955 3058 1176 3092 ratiocinatio.
1197 3056 1342 3105 Duplex,
1358 3059 1470 3105 inquit
1480 3082 1489 3096 ‚
1501 3060 1635 3105 pastum
1649 3059 1711 3093 fuit
1720 3060 1785 3093 Dei
1804 3069 1883 3092 cum

53 3101 261 3137 hominibus.
283 3106 374 3151 prius
391 3101 574 3152 perculsum
588 3105 621 3139 in
643 3115 745 3137 manu
760 3102 899 3138 Abrahae
919 3102 1117 3138 :secundum
1127 3127 1136 3142 ‚
1149 3107 1185 3140 in
1195 3118 1295 3140 manu
1307 3105 1420 3140 Mosis.
1449 3106 1531 3140 illud
1541 3104 1716 3142 fundatum
1729 3109 1763 3140 in
1784 3107 1885 3140 Chri«

54 3149 104 3193 sto
114 3149 193 3187 fuit:
205 3149 344 3197 ideoque
358 3154 549 3199 gratuitum.
566 3162 644 3197 ergo
654 3151 720 3184 Lex
731 3146 964 3199 superueniens
975 3150 1101 3187 efficere
1111 3165 1182 3188 non
1193 3156 1305 3200 potuit
1314 3164 1348 3187 vr
1362 3152 1498 3188 salutern
1508 3153 1649 3195 habeant
1659 3154 1815 3188 homines
1827 3166 1885 3189 ex·

55 3208 102 3232 tra
113 3200 252 3246 gratiam
263 3212 270 3232 :
281 3201 359 3247 quia
369 3199 435 3242 hoc
446 3199 549 3235 modo
559 3201 650 3237 irrita
658 3197 750 3234 fieret
760 3197 945 3248 prorniffio.
970 3199 1088 3235 Talem
1100 3199 1160 3237 esse
1169 3200 1297 3239 sensum
1306 3202 1507 3242 demonstrat
1519 3201 1551 3237 id
1569 3202 1659 3246 quod
1669 3204 1824 3250 pro'xime
1837 3200 1887 3237 se-v

81 3258 179 3285 uitur.

53 3255 78 3293 q
104 3295 138 3331 18
148 3314 156 3318 -
187 3298 273 3335 Siex·
281 3299 362 3342 Lege
371 3292 550 3337 hareditas.)
600 3295 656 3331 Ne
663 3295 899 3332 cauillarenrur
917 3295 1110 3338 aduersarii,
1126 3298 1217 3344 quod
1227 3297 1402 3334 docebant,
1417 3295 1499 3329 mini
1505 3297 1557 3331 nir*¹
1567 3296 1606 3332 ad
1621 3295 1817 3332 soluendum
1829 3309 1885 3333 aut

53 3341 282 3393 abrogandum
291 3345 356 3380 Dei
363 3340 468 3382 fadus
480 3341 631 3393 speciata
642 3347 803 3393 anticipat
813 3357 930 3382 ornnes
939 3345 1236 3395 tergiuersationcs2
1251 3344 1387 3383 afferens
1400 3343 1467 3379 inec
1478 3343 1537 3379 effe
1548 3348 1713 3384 contraria
1732 3368 1741 3383 ,
1751 3344 1888 3390 [alutem

84 3398 86 3402 ⁸
376 3400 395 3419 ‘i

1916 429 2082 478 Gmaxssnx'ae

1914 673 2082 715 lesinessiag,
