2268 3705
314 130 382 176 '²84
793 124 883 173 IN
933 125 954 171 I
984 127 1015 172 I·
1064 117 1358 172 EIP·1.S-·T0⁴‘:
1385 119 1489 170 ΡΑ
1513 122 1559 170 V
1587 123 1619 168 L
1645 120 1670 168 I>

317 195 448 243 pliciter
457 188 487 229 se
496 193 630 238 munire
639 192 740 230 soleat
748 197 896 231 mundus
907 196 947 230 ad
957 193 1085 229 bellum
1097 194 1232 228 Christo
1244 190 1466 230 inferendum,
1477 190 1656 229 astuumhs
1666 191 1804 233 artibus,
1815 190 1960 234 vafricia·
1972 191 2088 228 &aliis
2099 205 2171 230 maae

318 242 572 287 chinatipnibus
582 243 723 279 occultis
736 245 874 280 :deinde
884 243 1006 278 ferocia
1017 247 1049 278 &
1060 242 1199 277 brachio
1211 256 1218 275 :
1231 252 1394 287 vtranque
1405 238 1547 288 speciem
1560 240 1758 288 perstringit.
1769 242 1828 275 Per
1839 242 1956 287 confilta
1969 244 2060 276 enim
2072 242 2171 276 intel-

317 291 394 339 ligit
404 293 567 339 quicquid
575 293 614 326 ad
624 292 790 327 carnalem
800 291 994 340 sapientiam
1007 290 1161 338 pertinet.
1174 287 1324 335 Celsitud«
1337 287 1500 336 significat
1510 288 1697 334 quamlibet
1718 290 1836 338 mundi
1846 288 1986 336 gloriam
2001 293 2033 324 ὃ(
2049 302 2171 337 poten-

316 343 412 375 tiam.
430 341 514 375 Non
525 342 568 376 est
579 343 682 388 igitur
695 353 753 376 cur
774 336 975 374 exhorfescat
986 337 1096 373 seruus
1108 338 1232 372 Christi
1254 339 1416 384 quiequid
1427 336 1636 374 formidabile
1649 335 1710 371 sese
1720 340 1911 386 oppoluerit
1927 336 1987 372 suae
2001 339 2172 373 doctrinm.

320 385 434 437 pergat
441 389 723 425 nihilominus‚&
734 391 851 423 omnia
861 385 1089 433 cuiuscunque
1100 388 1230 434 generis
1240 384 1690 433 machiiiainenta*d{iffipabit.
1701 386 1776 419 lmb
1787 386 1880 419 aliter
1890 388 1970 432 erigi
1983 389 2099 432 nequit
2111 400 2171 421 ne-

322 441 390 483 que
399 438 560 472 constitui
570 437 693 472 Christi
705 434 922 484 regnum‚nifi
933 435 1096 469 diruendo
1107 435 1269 482 quicquid
1281 437 1318 468 in
1328 434 1458 469 mundo
1468 432 1695 470 estexezlffim.
1710 435 1801 468 Nam
1813 433 1974 486 spirituali
1985 436 2048 468 Dei
2060 432 2173 482 sapien

318 488 373 519 tiae
394 485 482 519 nihil
493 485 536 519 est
549 487 652 532 magis
671 487 849 518 inimicum
862 485 961 530 quani
973 485 1080 517 carnis
1092 485 1284 531 prudentia:
1305 484 1369 517 Dei
1381 483 1491 529 gratim
1503 478 1705 529 nihilmagis
1719 483 1888 516 aduersum
1900 485 2000 528 quam
2014 482 2172 518 naturalis

319 534 471 568 hominis
484 532 630 567 facultas:
645 544 744 579 atque
755 536 800 566 ita
809 533 847 566 de
857 534 990 566 caeteris.
1004 534 1151 566 Vnicum
1163 533 1266 578 igitur
1276 534 1369 578 regni
1382 530 1505 565 chtisti
1515 530 1771 571 fundamentum
1783 532 1827 565 est
1837 555 1848 568 ,
1864 531 2006 565 hominu
2013 544 2045 564 m
2057 531 2173 565 humi-

320 581 427 615 liatio:
442 583 550 627 Atque
564 581 630 614 huc
641 583 808 628 pertinent
820 581 1023 628 prophetica:
1031 579 1098 614 illa’.
1111 579 1344 627 loquutiones,
1353 578 1632 614 ErubeicerLu'na
1644 583 1676 613 ὃς
1690 578 1833 626 pudefiet
1842 578 1899 613 Sol
1911 592 2016 625 quum
2035 591 2171 626 regnare

320 632 458 677 coeperit
468 631 640 663 Dominus
652 632 687 663 in
698 630 750 665 die
762 628 829 663 illa.
842 628 1171 666 Item,lncuruabit'ur
1182 627 1339 662 celsitudo
1351 627 1513 666 hominis,
1526 626 1752 662 &sublimitas
1765 626 1958 661 mortalium
1979 627 2173 663 humiliabi-

321 687 386 715 tur,
399 682 432 711 &
443 676 639 711 exaltabitur
650 676 738 712 solus
751 679 924 712 Dominus
933 680 968 711 in
980 678 1034 711 die
1046 676 1114 715 illa,
1127 675 1232 711 lesaiae
1241 677 1331 721 242d.
1352 677 1534 724 23,cap.z..d.
1554 686 1601 720 17.
1618 679 1696 722 quia
1706 687 1739 709 vt
1751 677 1842 710 Deus
1852 674 1938 710 solus
1950 680 2172 722 emineatnto«

322 727 388 759 tius
401 725 671 772 mnndi'gloriam
684 727 873 761 euanescere
885 723 1007 760 neceffe
1017 726 1071 760 est.
1114 747 1115 750 =
1355 747 1357 750 -
1649 741 1653 744 ²
1883 755 1886 758 ,
1989 763 1991 766 ⁴
2161 726 2164 728 ’

369 781 384 816 5
414 790 417 792 -
436 774 640 820 Iit-captiuam
650 773 812 818 ducimus.)
864 776 1020 822 Superius
1033 773 1166 821 proprie
1178 773 1217 807 de
1228 773 1392 809 conflictu
1404 771 1820 820 spiritualiunmtmorum,
1831 784 1908 810 cum
1921 774 2173 820 impedimentis

322 833 395 867 quae
405 821 556 856 aduersus
565 822 689 857 Christi
699 821 920 870 Euangelium
933 821 1049 856 infesta
1066 821 1259 869 insurgunt,
1276 822 1458 868 loquutum
1474 819 1564 854 fuisse
1577 821 1746 856 existimo:
1761 833 1851 867 nunc
1862 820 1942 855 veto
1957 823 1994 856 de
2008 823 2173 856 ordinaria

323 872 571 916 praeparatione,
581 884 645 917 qua
656 872 811 906 homines
821 872 860 905 ad
872 871 1097 905 obedientiam
1108 871 1290 906 adducendi
1301 869 1385 905 sunt.
1403 870 1564 915 andiu
1575 871 1666 904 enim
1677 867 1916 917 acquiescimus
1928 872 1964 909 in
1974 874 2113 918 proptio
2124 869 2172 906 se-

322 917 409 955 fib&
422 918 521 953 nobis
531 918 686 967 sapimus,
699 919 816 967 procul
825 917 978 954 absumus
990 919 1029 953 ab
1040 921 1136 953 omni
1147 918 1269 954 acceffu
1281 919 1438 954 doctrina:
1451 918 1584 951 Christi.
1594 919 1706 963 Qre
1723 916 1802 965 hincv
1812 917 2174 957 faciedumexordiuffi,

323 976 359 999 vt
368 968 427 1012 qui
437 965 563 1015 sapiens
576 968 630 1005 est,
648 969 762 1002 stultus
774 966 839 1002 fiat:
854 968 920 1002 hoc
934 968 989 1005 est,
999 969 1132 1015 propria
1143 966 1365 1015 intelligentia
1377 980 1437 1001 nos
1449 966 1883 1007 abdicemris,rc11·.1ntiemus
1893 969 1999 1002 carnis
2011 967 2172 1014 prodetie:

322 1025 423 1061 atque
433 1017 478 1049 ita
490 1028 604 1050 vacuas
615 1028 741 1050 mentes
752 1015 928 1050 offeramus
940 1016 1087 1053 Christo,
1099 1026 1134 1049 vt
1143 1028 1194 1050 eas
1209 1015 1355 1063 impleat.
1368 1016 1524 1049 Notanda
1536 1027 1645 1048 autem
1658 1013 1739 1060 loqu
1745 1017 1830 1052 utio,
1843 1015 1935 1062 quod
1945 1016 2044 1061 dixit,
2053 1016 2172 1064 Capti-

322 1074 401 1096 uam
415 1061 445 1097 se
455 1065 572 1098 ducere
586 1077 723 1098 ornnem
734 1066 986 1112 cogitationem:
999 1064 1135 1112 perinde
1146 1066 1237 1098 enim
1252 1064 1337 1098 valet
1347 1062 1408 1097 acsi
1420 1061 1543 1097 dixill'et
1555 1085 1564 1100 ,
1587 1063 1838 1097 Contine-udam
1852 1062 1912 1097 else
1925 1067 1958 1098 &
1972 1062 2173 1099 frae'nandam

323 1109 511 1148 libertatem
522 1113 662 1147 humani
673 1114 815 1160 ingenii,
826 1112 951 1159 nequid
960 1111 1183 1160 extraChristi
1193 1112 1382 1147 doctrinam
1396 1109 1496 1157 sapiat
1507 1124 1515 1144 z
1525 1112 1642 1146 deinde
1653 1124 1722 1145 non
1733 1110 1826 1146 aliter
1848 1115 1992 1146 coerceri
2005 1112 2092 1160 poffe
2103 1115 2174 1150 eius

323 1159 570 1196 audaciam‚nifi
582 1160 686 1194 veluti
695 1164 869 1210 captiuum
879 1171 1039 1196 teneatur.
1053 1161 1130 1195 Hoc
1137 1171 1249 1195 autem
1261 1159 1298 1195 fit
1307 1162 1408 1196 ductu
1419 1161 1572 1208 Spiritus,
1581 1171 1619 1194 .th
1630 1157 1659 1194 se
1671 1162 1706 1194 in
1717 1161 1868 1196 ordinem
1880 1161 1983 1209 redigi
2007 1160 2172 1200 sustinear,

323 1211 361 1242 &
372 1219 502 1242 maneat
516 1210 552 1243 in
562 1211 755 1257 captiuitate
767 1209 965 1244 voluntaria.
1917 1220 1921 1222 ’

374 1258 395 1291 6
444 1257 463 1289 I
463 1269 484 1289 n
492 1268 632 1305 promptu
647 1257 795 1292 habemus
802 1257 1000 1302 vindistam.)
1047 1259 1125 1294 Hoc
1135 1258 1261 1292 addidit
1271 1281 1280 1295 ‚
1292 1271 1333 1292 ne
1345 1256 1375 1291 se
1384 1257 1518 1292 audacia
1530 1255 1678 1292 efferrent
1689 1256 1845 1291 homines
1859 1257 2046 1304 petulantes
2057 1258 2173 1294 adiret-⁷

325 1301 376 1338 sus
388 1306 458 1339 eius
471 1305 794 1353 ministerium‚quafi
807 1307 988 1354 impuneid
997 1305 1117 1342 facturi
1128 1304 1238 1341 essent:
1252 1308 1332 1341 dicit
1341 1319 1503 1353 ergomon
1518 1307 1619 1340 mod'o
1633 1304 1690 1340 sibi
1702 1305 1810 1339 datam
1823 1305 1980 1342 virtutem
1993 1308 2033 1341 ad
2045 1320 2172 1355 cogen-

326 1352 385 1386 dos
398 1354 433 1386 in
447 1352 644 1401 obsequium
654 1355 776 1389 Christi
788 1354 992 1390 voluntarios
1002 1353 1191 1402 discipulos,
1203 1354 1254 1390 sed
1265 1357 1363 1389 etiam
1375 1356 1413 1388 ad
1426 1352 1627 1390 v'lcisccndos
1640 1353 1785 1392 rebelles:
1801 1367 1909 1401 neque
1919 1354 1988 1390 suas
2001 1358 2108 1392 minas
2121 1359 2181 1397 iuf‘

324 1402 401 1434 ania
411 1398 471 1435 esse
480 1402 749 1438 terriculamenta
758 1427 767 1441 ,
781 1402 832 1437 sed
841 1403 961 1437 habere
971 1415 1116 1451 paratam
1132 1406 1392 1450 exequutionem
1405 1429 1411 1440 ‚
1424 1403 1709 1449 quemadmodum
1724 1400 1826 1449 vulgo
1837 1404 1939 1438 dicitu
1945 1416 1969 1439 r.
1981 1403 2086 1440 Porrd
2096 1407 2173 1440 vin-

114 1459 286 1491 Mamgfflg,
326 1449 413 1484 dista.
428 1449 496 1484 haec
507 1450 642 1486 fundata
652 1450 695 1486 est
709 1453 743 1486 in
755 1452 878 1486 Christi
888 1451 1001 1489 verbo,
1013 1452 1252 1499 Qdcunque
1262 1451 1442 1499 ligaueritis
1455 1449 1547 1499 super
1558 1452 1752 1488 terram,erit
1761 1449 1902 1497 ligatum
1918 1456 1950 1487 ὃ(
1963 1455 1998 1486 in
2011 1452 2176 1489 caelo-Ta-

328 1496 418 1532 metsi
430 1501 520 1532 enim
530 1513 602 1534 non
615 1501 722 1534 statim
734 1499 890 1534 fulminat
900 1502 1003 1537 Deus,
1015 1512 1119 1547 quum
1133 1501 1280 1535 minister
1290 1500 1482 1535 sententiam
1500 1499 1650 1547 protulit:
1660 1510 1768 1532 tatum
1777 1510 1888 1534 tamen
1900 1501 1944 1534 est
1954 1500 2173 1542 iudicium,&

325 1544 384 1580 suo
397 1557 547 1594 tempore
559 1550 603 1582 im
610 1547 766 1596 plebitur.
777 1547 930 1596 intellige
939 1546 1077 1596 semper,
1087 1547 1143 1582 vbi
1155 1550 1302 1583 minister
1315 1547 1538 1596 spiritualibus
1550 1552 1648 1581 armis
1660 1558 1798 1595 pugnat.
1812 1547 1931 1594 Aliqui
1942 1549 1981 1584 de
1991 1548 2175 1597 corporali-

114 1619 172 1649 ‘AH
207 1632 222 1648 a
235 1625 248 1649 8
325 1593 386 1628 bus
398 1598 506 1642 poenis
518 1599 699 1645 accipiunt,
710 1596 833 1643 quibus
843 1596 996 1644 Apostoli
1006 1600 1042 1631 in
1055 1608 1269 1632 contumaces
1281 1608 1335 1631 aut
1347 1599 1472 1644 impios
1484 1595 1995 1642 vindicabant.quemadmodum
2005 1598 2119 1633 Petrus
2128 1599 2175 1632 A·

117 1629 275 1694 misma
325 1655 461 1678 naniam
472 1647 506 1678 ἅτ
527 1645 722 1693 Sapphiram
734 1656 852 1682 morte,
863 1645 983 1680 Paulus
995 1644 1146 1691 Elymarn
1159 1658 1294 1693 magum
1310 1647 1454 1680 caecitate
1466 1642 1627 1693 perculsit.
1640 1643 1762 1678 Verum
1772 1643 1852 1678 alter
1862 1643 1970 1680 sensus
1980 1645 2100 1681 melius
2115 1648 2174 1681 cd·

325 1694 415 1739 gruir
426 1705 433 1725 t
445 1705 552 1739 neque
564 1696 654 1728 enirn
681 1692 806 1741 semper
817 1705 874 1728 aut
885 1692 1072 1741 promiscue
1082 1693 1128 1728 vsi
1138 1693 1211 1729 sunt
1222 1693 1278 1728 illa
1288 1692 1442 1728 facultate
1452 1692 1616 1740 Apostoli.
1647 1692 1768 1728 Paulus
1777 1703 1888 1728 autem
1908 1693 2102 1741 generaliter
2120 1693 2174 1729 lo-

327 1742 460 1786 quitur:
480 1742 572 1788 quod
586 1741 769 1777 vindictam
780 1745 816 1777 in
825 1754 926 1777 manu
937 1741 1055 1777 habeat
1065 1741 1217 1778 aduersus
1229 1755 1348 1778 omnes
1366 1741 1607 1777 inobedientes.
1633 1765 1636 1769 -
1655 1740 1760 1789 Qm
1779 1743 1904 1788 1mple1a
1908 1743 2017 1788 fiterit.
2058 1743 2175 1789 Qun

329 1790 507 1836 prudenter
516 1801 610 1825 canet
631 1799 760 1837 nequos
771 1790 890 1825 alienet
910 1792 1015 1825 nimia
1024 1788 1202 1838 asperitate.
1227 1793 1305 1838 quia
1315 1792 1406 1824 enim
1418 1792 1562 1825 minatus
1585 1789 1689 1824 fuerat
1701 1801 1836 1836 poenam
1849 1789 2027 1826 rebellibus
2036 1817 2047 1832 ‚
2067 1804 2109 1825 ne
2118 1791 2172 1826 vi·

115 1866 179 1888 Rom
190 1871 210 1890 L
219 1872 235 1890 a
271 1866 298 1890 ¹6
326 1838 440 1872 deatur
451 1840 506 1873 eos
519 1837 666 1873 lacessere
677 1861 687 1876 ‚
696 1842 699 1844 ’
709 1839 843 1874 testatur
850 1837 939 1873 aliud
949 1838 1007 1874 sibi
1017 1851 1140 1874 munus
1151 1841 1346 1875 iniunetum
1360 1838 1420 1877 else
1431 1850 1505 1885 erga
1516 1851 1571 1873 eos
1586 1852 1592 1871 :
1617 1850 1737 1885 nempe
1750 1849 1782 1870 vt
1799 1841 2036 1882 tantummodo
2062 1839 2172 1885 reddat

116 1883 188 1929 dass
237 1870 266 1899 ’ς’
302 1883 308 1891 ’
332 1885 466 1920 Christo
483 1886 712 1934 obsequentes.
738 1890 777 1922 Et
788 1888 876 1922 certe
885 1887 941 1922 hic
952 1889 1106 1936 proprius
1117 1886 1162 1922 est
1175 1886 1349 1935 Euangelii
1361 1885 1435 1922 finis
1446 1909 1455 1923 ‚
1468 1887 1750 1933 quemadmodum
1771 1888 1872 1920 initio
1899 1891 1934 1922 δι
1946 1890 1981 1922 in
2000 1885 2065 1923 fine
2092 1888 2173 1937 Epi·

328 1933 417 1969 stolae
427 1934 466 1968 ad
486 1937 663 1970 Romanos
676 1936 783 1970 docet.
810 1938 925 1982 Qre
938 1935 1029 1971 hunc
1046 1937 1198 1971 ordinem
1209 1935 1386 1983 diligenter
1408 1946 1518 1969 tenere
1531 1935 1650 1969 debent
1672 1946 1789 1968 omnes
1801 1933 1982 1970 Christiani
1993 1936 2167 1974 dostoxes.

326 1993 362 2016 vt
372 1982 461 2030 ptius
474 1982 621 2018 studeant
630 1983 758 2031 placidi:
770 1983 994 2018 obedientiam
1002 1982 1042 2018 ab
1053 1984 1261 2019 auditoribus
1271 1987 1456 2032 impetrate,
1470 1983 1612 2030 eousque
1625 1995 1657 2016 vt
1667 1985 1807 2016 comitet
1817 1985 2080 2032 inuitent‚qu‘am
2091 1995 2173 2033 pto-

327 2029 435 2066 siliant
446 2032 486 2066 ad
495 2045 630 2080 poenam
642 2031 844 2067 rebellionis:
854 2032 941 2067 vnde
952 2036 986 2067 δε
997 2030 1147 2068 soluendi
1158 2033 1353 2068 mandatum
1365 2035 1453 2079 prius
1468 2032 1557 2066 dedit
1567 2032 1833 2077 Christus‚quam
1843 2031 1979 2081 ligandi.
2089 2044 2092 2045 ’

389 2118 414 2154 7
472 2111 559 2160 Qae
564 2102 976 2161 secundumfaciemfhnt,
985 2103 1125 2145 videta:
1124 2105 1232 2162 siquis
1233 2103 1300 2162 sibi
1309 2104 1451 2158 confidit
1457 2108 1538 2160 quia
1540 2105 1590 2162 fit
1599 2103 1683 2144 Chri
1707 2107 1731 2142 i:
1738 2102 1799 2144 hoc
1811 2117 1940 2161 reputet
1945 2102 2100 2161 exftt'psp
2111 2121 2173 2147 rur

322 2159 609 2216 fiam,qubasficuti
618 2160 684 2216 ipsi·
695 2159 881 2213 Christi‚ita
893 2161 933 2208 ὠ*
943 2175 1005 2202 uos
1018 2161 1147 2217 christi.

387 2226 410 2257 8
468 2224 571 2266 Ram
581 2217 640 2271 ezfi
644 2215 853 2256 abudantius
857 2217 985 2272 glorier
991 2217 1033 2256 de
1034 2219 1192 2273 potestate
1200 2214 1321 2268 nostra,
1331 2230 1436 2271 quam
1447 2217 1546 2258 dedit
1554 2216 1650 2258 nobis
1664 2219 1833 2259 Dominus
1844 2220 1882 2256 in
1895 2219 2164 2271 aedg'fi'cationem,

331 2274 373 2323 ὠ
384 2288 455 2313 mm
465 2276 504 2312 in
515 2273 773 2325 destmffionem
783 2278 946 2312 vestram:
961 2273 1218 2329 nonpua'efiam.

389 2344 412 2375 9
473 2337 534 2369 Ne
543 2339 656 2369 autem
667 2328 795 2367 videar
801 2337 923 2367 terrere
933 2342 1000 2368 vos
1007 2340 1070 2383 per
1076 2328 1253 2386 Epg'llolas,
1976 2352 1978 2354 v

384 2401 423 2425 10
485 2384 676 2438 (Siquidem
688 2383 842 2442 Epislvlae,
852 2387 1029 2440 inquiunt,
1038 2400 1143 2442 graue
1148 2382 1298 2438 sfimtac
1305 2385 1434 2442 robusta
1444 2404 1457 2427 .·
1462 2384 1636 2442 prasentia
1650 2399 1766 2427 autem
1794 2390 1936 2442 corporis
1947 2387 2085 2440 infirma
2095 2420 2107 2436 ,
2127 2387 2169 2436 ἅ·

321 2442 435 2495 firmo
447 2444 675 2498 contemptus)

390 2513 402 2537 1
409 2513 421 2537 1
479 2502 554 2536 Hoc
560 2500 678 2554 cogitet
686 2498 748 2553 qui
754 2497 835 2537 talis
843 2493 996 2553 effiqubd
1005 2497 1123 2553 quales
1126 2495 1243 2551 fiamus
1253 2495 1406 2554 abfintes
1410 2497 1567 2554 ,firmatae
1571 2510 1636 2555 per
1645 2497 1806 2555 Epistulas
1824 2528 1835 2545 ‚
1846 2499 1932 2538 tales
1931 2498 2052 2555 siamus
2062 2502 2167 2540 etiam

331 2552 521 2609 prasentes,
532 2564 637 2608 opere.

379 2620 399 2653 7
448 2609 522 2656 Qu
537 2607 920 2653 fienndumfaciemfimt.)
968 2609 1116 2649 Primum
1129 2608 1290 2656 particula
1300 2611 1489 2646 Secundum
1503 2608 1621 2644 faciem
1633 2636 1644 2651 ,
1667 2609 1843 2659 dupliciter
1855 2610 1961 2658 potest
1972 2613 2094 2659 accipi:
2114 2612 2165 2650 vel

329 2668 391 2706 pto
403 2657 468 2704 ipsa
479 2659 678 2704 experientia
687 2656 806 2694 visibili
819 2662 852 2692 ὃς
864 2655 1032 2691 manifesta
1044 2681 1053 2695 ‚
1067 2657 1118 2691 vel
1131 2670 1190 2704 pro
1202 2669 1332 2693 externa
1340 2659 1429 2694 larua
1439 2672 1511 2706 quae
1521 2657 1615 2693 fallit:
1627 2663 1661 2693 Sc
1675 2659 1835 2693 sententia
1847 2672 1913 2694 tam
1927 2661 2165 2708 interrogatiue

329 2707 395 2752 qua
401 2719 432 2738 m
443 2703 638 2740 affirmatiue
649 2704 715 2753 legi
727 2707 1031 2753 potest.quinetiam
1043 2705 1181 2739 verbum
1190 2709 1310 2740 βλεπετε
1319 2718 1386 2741 tam
1399 2709 1587 2756 imperatiui
1600 2706 1693 2742 modi
1702 2705 1763 2750 effi}
1784 2708 1890 2755 potest
1900 2708 2000 2754 quarn
2010 2710 2168 2745 indicati-
2220 2729 2224 2732 -
2244 2700 2247 2706 ‚

331 2755 377 2788 ui.
388 2755 458 2800 Ego
469 2765 579 2788 tamen
590 2757 703 2800 potius
715 2754 986 2801 obiurgationem
1005 2752 1063 2787 effe
1073 2765 1157 2801 puto
1176 2777 1186 2791 ‚
1195 2767 1231 2788 ac
1241 2755 1440 2792 Corinthios
1452 2750 1646 2804 reprehendi
1655 2755 1747 2804 quod
1757 2756 1848 2789 inani
1859 2754 1937 2790 fuco
1955 2755 2165 2804 patiebantur

120 2813 191 2836 Joan.
203 2802 302 2840 :ud-24·
330 2800 388 2836 fibi
399 2800 515 2836 oculos
527 2802 710 2849 perstringi.
728 2801 816 2848 quasi
827 2803 958 2839 diceret,
972 2804 1087 2849 Magni
1100 2802 1204 2836 facitis
1214 2802 1295 2837 :ilios
1307 2806 1364 2849 qui
1378 2806 1505 2851 magnis
1515 2803 1672 2854 ampullis
1682 2814 1834 2850 turgent:
1849 2816 1902 2839 nie
1912 2829 1922 2844 ,
1934 2806 2012 2853 quia
2022 2806 2165 2842 ostenta-

121 2855 156 2879 &
167 2846 250 2883 8.b.15.
329 2853 423 2885 tione
433 2853 469 2884 ὃ(
480 2851 636 2884 iaetantia
643 2863 748 2888 careo,
760 2849 932 2898 despicitis:
945 2863 1022 2884 nam
1034 2859 1065 2884 ‘oc
1078 2852 1238 2884 iudicium
1251 2852 1342 2897 quod
1355 2851 1390 2885 fit
1399 2851 1578 2887 secundum
1590 2850 1926 2900 petlbnam,Christus
1938 2854 2027 2887 tecto
2038 2855 2163 2890 iudicio

302 2894 305 2897 ¹
329 2900 485 2947 opponit.
496 2898 795 2945 Perstriiigitigitur
809 2897 1024 2935 Corinthios,
1044 2900 1137 2944 quod
1149 2897 1225 2934 fuco
1237 2899 1288 2933 vel
1300 2899 1403 2947 specie
1413 2902 1582 2936 contenti,
1598 2913 1667 2935 non
1682 2908 1868 2934 excuterent
1881 2902 2013 2948 penitus
2025 2900 2161 2949 quinam

329 2947 472 2982 habendi
486 2944 584 2980 elsent
595 2959 654 2993 pro
665 2947 785 2980 Christi
798 2944 906 2980 seruis.
951 2945 1116 2993 Siquis-sibi
1125 2946 1255 2990 considit.
1309 2951 1380 2981 Vox
1393 2948 1491 2995 plena
1503 2960 1628 2994 magna*
1639 2946 1782 2981 fiduciae:
1801 2949 1832 2981 id
1845 2951 1934 2982 enim
1946 2947 2046 2986 fiimit
2071 2949 2161 2997 quast

330 3007 391 3043 pro
405 2992 564 3031 confuso,
575 3005 642 3028 tam
651 3005 776 3029 certum
787 2993 814 3028 se
825 2993 884 3028 effe
895 2996 1082 3033 ministrum
1096 2996 1267 3032 Christum
1277 2996 1331 3030 hic
1343 2996 1458 3030 titulus
1469 2997 1569 3030 adimi
1586 2994 1642 3031 libi
1653 3007 1803 3041 nequeat.
1815 2998 2159 3047 chnque‚inquit,

329 3043 403 3078 vult
414 3042 524 3077 haberi
535 3042 657 3077 Christi
669 3041 826 3078 minister,
838 3041 960 3076 neceise
970 3044 1013 3076 est
1023 3054 1055 3076 vt
1069 3056 1120 3078 me
1132 3043 1187 3077 sibi
1199 3056 1404 3078 annumeret.
1417 3057 1516 3091 quare
1526 3052 1535 3076 ?
1566 3044 1851 3091 Exftipfiiunquit,
1869 3056 2078 3093 reputetmarn
2089 3059 2162 3094 qux

330 3094 367 3126 in
379 3091 407 3126 se
417 3090 549 3125 habebit
560 3092 660 3136 digna
672 3089 830 3125 eiusmodi
843 3091 971 3124 honore
990 3117 999 3130 ‚
1017 3092 1125 3124 eadem
1139 3094 1172 3127 in
1186 3105 1237 3126 me
1247 3095 1394 3139 reperiet.
1419 3094 1499 3127 hinc
1511 3090 1734 3127 subindicabat
1744 3115 1753 3129 2
1767 3106 1836 3128 non
1847 3091 1906 3127 else
1916 3093 2086 3129 habendos
2094 3107 2159 3144 pro

331 3140 456 3174 Christi
468 3137 564 3173 seruis
576 3141 768 3186 quicunque
779 3138 833 3172 sibi
847 3138 1062 3173 detraherent.
1074 3141 1155 3174 Non
1167 3141 1209 3174 est
1219 3143 1373 3175 omnium
1384 3143 1426 3174 ita
1438 3139 1640 3176 confidenter
1651 3139 1744 3186 loqui
1758 3154 1765 3174 ι
1777 3155 1853 3176 nam
1865 3140 1934 3176 fieri
1946 3136 2082 3190 quidem
2091 3156 2156 3191 po·

303 3207 306 3210 -
333 3190 420 3224 terit,
436 3187 508 3222 imo
519 3188 668 3233 quotidie
678 3187 806 3224 accidit,
818 3197 850 3219 vt
862 3184 1068 3233 superciliose
1080 3189 1164 3221 idem
1177 3187 1234 3222 sibi
1247 3187 1400 3237 vsurpent
1412 3189 1565 3223 homines
1575 3186 1683 3222 nihili:
1697 3194 1728 3222 ὅ(
1741 3192 1799 3235 qui
1810 3189 1895 3224 nihil
1906 3190 1996 3225 aliud
2007 3189 2080 3226 sunt
2091 3190 2156 3239 qui

333 3235 456 3269 Christi
468 3236 634 3269 dedecora.
644 3236 704 3270 Sed
716 3234 833 3270 Paulus
845 3247 913 3268 non
924 3233 1012 3268 aliud
1023 3235 1061 3268 de
1071 3234 1099 3268 se
1114 3236 1421 3283 praedicabat‚quam
1432 3238 1522 3283 quod
1532 3236 1664 3282 liquidis
1675 3235 1840 3284 firmisque
1852 3239 2036 3274 documetis
2046 3238 2155 3287 palam

329 3283 416 3329 apud
427 3283 624 3317 Corinthios
638 3283 842 3336 probauetat.
868 3282 970 3316 Nunc
986 3281 1084 3328 siquis
1094 3296 1200 3318 return
1214 3283 1408 3319 testimonio
1426 3285 1594 3319 destitutus
1607 3283 1634 3318 se
1644 3286 1788 3319 venditet
1799 3286 1937 3322 similem
1949 3289 1984 3321 in
2004 3286 2155 3326 modum,

332 3332 413 3376 quid
425 3330 513 3365 alind
524 3332 623 3378 quam
634 3334 662 3366 le
675 3331 851 3366 ridiculum
864 3328 969 3365 saciet?
981 3330 1159 3365 Confidcre
1170 3331 1227 3366 libi
1239 3356 1248 3369 ,
1263 3334 1458 3370 tantundem
1472 3332 1555 3367 valet
1566 3332 1602 3367 iic
1614 3331 1669 3366 sibi
1682 3334 1746 3368 hoc
1758 3346 1915 3383 praetexm
1925 3337 1975 3372 ius
1990 3337 2023 3372 δέ
2033 3334 2155 3370 autho-

328 3380 462 3414 ritatem
472 3377 608 3419 sumerc,
620 3382 697 3426 quia
708 3380 841 3416 Christo
854 3376 969 3415 seruiat
980 3381 1037 3427 qui
1049 3378 1119 3414 vult
1131 3382 1164 3415 in
1175 3383 1282 3430 pretio
1294 3380 1416 3428 haberi.

1995 3430 2015 3465 8
2064 3429 2107 3467 N
2107 3445 2158 3469 am
