2268 3705
289 124 354 149 200
426 124 431 131 ⁴
766 104 858 153 IN
907 102 1642 154 LEPIST-PAVLI‘

355 192 397 227 27
447 175 558 225 ltaqtie
566 178 620 224 qui
631 173 728 211 ederit
736 187 849 226 panem
858 177 937 210 hunc
947 174 1093 225 indigne.)
1131 178 1164 211 Si
1178 177 1349 210 Dominus
1361 176 1462 221 exigit
1474 173 1710 221 gratitudinem
1721 169 1739 206 a
1748 168 1846 206 nobis
1859 172 1894 206 i'n
1915 170 2014 208 huius
2025 175 2142 221 myste-

310 234 351 266 rii
361 232 586 278 perceptione:
600 226 622 262 si
632 229 772 274 gratiam
781 223 872 260 suam
881 223 955 260 vult
965 222 1100 273 agnosci
1113 224 1260 260 corda&
1273 235 1330 257 ore
1339 226 1516 270 praedicari:
1529 221 1585 255 ille
1596 234 1667 255 non
1679 223 1817 267 impune
1826 222 1940 255 euadet
1951 225 2009 267 qui
2019 235 2142 259 contu-

310 281 410 314 melia
421 280 534 327 potius
546 276 652 325 ipsum
662 288 763 322 quam
773 280 903 309 honore
915 272 1060 307 affecerit
1070 297 1080 310 ,
1090 285 1198 319 neque
1207 274 1298 305 enim
1309 274 1451 319 patietur
1461 272 1634 304 Dominus
1644 273 1836 303 mandatum
1848 267 1942 303 suum
1954 277 2140 306 contemni.

309 328 414 363 Porro
426 339 460 361 vt
471 337 642 360 teneamus
653 325 753 358 liuius
765 321 1004 370 propositionis
1014 319 1154 357 sensum,
1167 317 1334 354 sciendum
1343 320 1386 353 est
1396 319 1479 366 quid
1489 318 1526 351 sit
1536 318 1673 364 indigne
1685 318 2028 364 manducare.quidam
2040 321 2079 354 ad
2089 321 2143 355 Co

309 376 454 411 rinthios
467 375 717 420 restringuunt&
730 370 953 418 corruptelam
963 382 1035 415 quae
1045 369 1132 416 apud
1142 380 1197 401 eos
1207 367 1390 402 inualuerat
1401 381 1408 401 ι
1421 379 1483 414 ego
1495 377 1606 400 autem
1618 366 1767 399 existimo
1780 365 1918 399 Paulum
1931 379 2023 401 more
2033 368 2090 401 suo
2102 368 2143 403 ab

310 424 369 459 illa
378 422 551 471 hypothesi
561 416 736 468 digressum
746 417 805 452 effe
816 420 851 451 in
861 420 1048 464 generalem
1058 418 1258 454 doctrinam,
1269 415 1320 450 vel
1330 415 1370 450 ab
1381 428 1446 450 vna
1454 414 1558 462 specie
1567 415 1606 448 ad
1615 426 1719 461 gentis
1729 424 1850 447 totum.
1861 415 1935 448 Erat
1945 417 2065 450 vitium
2076 419 2145 451 vnii

257 485 261 487 ’
310 474 398 521 apud
411 471 620 506 Corinthios:
633 469 693 502 hac
702 464 873 500 occasione
884 466 923 499 dc
934 464 1082 512 qualibet
1093 462 1210 498 vitiosa
1219 465 1334 499 Coenoe
1342 464 1626 498 administratione
1636 474 1691 496 aut
1700 464 1888 509 receptione
1899 462 2146 509 loquittir.De²',

312 523 437 568 inquit,
446 533 517 554 non
529 518 609 552 siner
621 514 787 564 profanari
797 516 862 548 hoc
873 514 1076 558 mysterium,
1088 515 1171 559 quin
1184 512 1291 547 seuere
1303 513 1458 547 vindicet.
1477 511 1617 558 Indigne
1629 513 1731 557 igitur
1742 518 1834 543 edere
1848 533 1857 547 ‚
1870 511 1913 544 est
1921 511 2022 547 abusu
2032 514 2147 547 nostro

312 581 497 619 peruertere
508 577 630 613 purum
641 560 837 608 tectumque
848 561 952 595 vsuin.
962 562 1106 608 Ideoque
1115 564 1192 595 varii
1205 559 1278 595 sunt
1288 562 1406 608 gradus
1416 561 1637 607 indignitatis,
1655 570 1688 591 vt
1702 561 1747 591 ita
1757 557 1884 604 loquar:
1903 564 1936 593 ὅς
1949 559 2054 606 aliqui
2066 574 2143 609 gm-

313 616 506 662 uius,aliqui
517 616 624 648 lenius
636 621 784 659 peccant.
795 614 925 657 ingeret
936 609 965 643 se
976 612 1140 657 quiipiam
1152 608 1203 643 vel
1213 608 1438 649 scortator,vel
1452 606 1668 656 periurus‚vel
1678 604 1835 643 ebriosus,
1843 607 1894 640 vel
1903 606 2078 648 fraudator,
2088 609 2148 644 ab-

314 665 392 713 sque
401 664 592 712 poenitetia:
605 672 712 707 quum
721 661 841 693 atrocis
850 662 885 692 in
895 659 1066 692 Christum
1077 657 1290 693 contumeliae
1300 658 1431 705 lignum
1440 662 1477 691 lit
1489 669 1557 690 tam
1568 655 1702 702 supinus
1715 665 1942 702 contemptus,
1963 669 2035 691 non
2044 657 2148 692 dubis,

313 717 398 761 quin
409 714 551 746 Coenam
564 711 722 758 percipiat
731 706 789 742 suo
801 709 902 741 exitio
914 704 1064 753 quisquis
1074 706 1147 741 talis
1160 707 1213 740 cst.
1222 708 1342 740 Veniet
1351 705 1434 740 alius
1445 705 1541 740 nullo
1554 706 1675 751 inligni
1687 714 1742 737 aut
1753 702 1896 737 notabili
1906 706 1989 739 vitio
1999 718 2148 754 occupa-

314 759 433 798 tus‚sed
444 772 558 793 taiiien
573 766 643 792 non
657 768 702 791 ita
711 767 923 803 comparatus
932 758 1047 789 animo
1058 765 1092 789 vt
1102 754 1246 788 decebat:
1266 767 1372 801 quum
1383 753 1535 788 securitas
1545 753 1613 787 haec
1625 764 1680 785 aut
1693 751 1898 798 negligentia
1911 751 2041 799 signum
2053 754 2092 789 fit
2103 758 2150 790 ir-

315 808 589 848 reuetentiae,Dei
603 808 700 840 etiam
710 805 923 851 castigatione
933 804 1034 850 digna
1044 804 1098 837 est.
1109 803 1406 851 Qemadmodnm
1418 815 1497 850 ergo
1509 803 1590 836 varii
1598 799 1672 835 sunt
1683 801 1801 848 gradus
1812 800 1958 848 indignae
1967 803 2150 838 manduca-

313 861 430 892 tionis:
442 860 487 890 ita
500 857 562 890 hos
573 854 678 888 leuius
689 853 821 899 castigat
830 852 1087 889 Dominiis‚aliis
1096 851 1272 899 asperior-es
1284 864 1397 899 poenas
1408 852 1617 898 infligit.Hic
1626 861 1737 883 autem
1746 849 1841 883 locus
1855 847 2062 885 occasionem
2072 863 2149 898 prq-

316 907 391 941 buit
402 905 588 952 quaestioni,
599 915 699 950 quam
712 911 821 949 ponea
831 901 969 946 quidam
980 902 1081 934 nimis
1090 900 1204 934 acerbe
1215 903 1421 948 exagitarunt
1429 926 1440 940 ,
1451 899 1561 933 vtrum
1572 899 1703 944 indigni
1714 909 1835 945 corpus
1845 898 1989 931 Domini
2002 899 2105 947 reipia
2113 915 2151 935 e-

316 957 406 989 dant.
421 955 498 988 Huc
508 965 600 987 enim
612 952 749 998 quidam
760 951 912 997 prouech
922 946 996 982 sunt
1006 952 1274 989 conteiitione‚Vt
1286 954 1303 983 a
1311 949 1410 982 bonis
1422 952 1455 990 ὃς
1469 946 1563 981 malis
1573 948 1718 981 dicerent
1727 943 1954 980 indifferenter
1963 951 2101 995 percipi,
2114 952 2151 984 δι

320 1003 421 1038 multi
434 1002 532 1036 hodie
545 1001 756 1048 pertinaciter
765 1008 865 1043 atque
873 997 955 1031 adeo
968 998 1098 1045 magnis
1107 997 1309 1031 clamoribus
1321 993 1502 1031 defendunt
1512 1022 1522 1036 ,
1532 995 1641 1030 nihilo
1652 994 1727 1042 plus
1739 991 1892 1041 recepilse
1902 996 1938 1028 in
1946 998 2056 1041 prima
2068 997 2152 1031 Coe-

318 1065 362 1087 na
376 1053 510 1086 Petrum
525 1061 627 1096 quam
637 1049 761 1081 ludam.
782 1048 911 1079 liiuirus
921 1047 1058 1092 quidem
1075 1044 1161 1080 facio
1173 1052 1206 1079 v't
1215 1045 1276 1086 hac
1285 1045 1324 1078 de
1342 1057 1375 1078 re
1386 1048 1475 1089 (meo
1487 1046 1624 1090 iudicio)
1636 1055 1754 1091 parum
1764 1041 1936 1076 neccffana
1955 1047 2061 1078 acrius
2071 1057 2153 1080 cuin

318 1112 493 1147 quoquam
505 1100 694 1144 dilceptem:
705 1095 818 1128 vetum
831 1093 911 1128 sicut
920 1095 975 1127 alii
986 1092 1044 1128 sibi
1055 1096 1253 1141 permittunt
1264 1092 1488 1140 magistraliter
1498 1091 1616 1138 absque
1630 1093 1758 1125 ratione
1769 1094 1959 1138 pronutiare
1971 1094 2063 1138 quod
2077 1093 2155 1141 ipfis

317 1149 500 1185 libuerit,&
513 1147 688 1180 fulminare
698 1142 797 1189 siquis
808 1145 843 1176 in
854 1146 1055 1177 contrariam
1067 1153 1193 1189 partem
1206 1140 1360 1179 mussitet,
1375 1144 1420 1175 ita
1429 1140 1527 1175 nobis
1537 1143 1634 1174 venia
1643 1139 1786 1180 dabitur,
1796 1139 1818 1173 si
1828 1139 1955 1187 placide
1965 1143 2154 1177 rationibus

318 1208 470 1232 tueamur
480 1195 571 1241 quod
580 1195 767 1227 iudicamus
779 1188 838 1225 esse
848 1203 975 1225 verum.
986 1192 1056 1237 Ego
1068 1191 1135 1224 hoc
1145 1193 1279 1224 axioma
1289 1201 1400 1229 teneo,
1417 1201 1524 1236 neque
1535 1188 1619 1222 mihi
1636 1199 1784 1234 vnquam
1796 1191 1904 1222 excuti
1915 1192 2040 1236 patiar,
2052 1190 2159 1225 Chri-

319 1247 405 1280 stum
417 1257 486 1278 non
497 1241 586 1290 posse
601 1244 619 1275 a
629 1242 752 1288 Spiritu
763 1238 820 1273 suo
830 1238 956 1273 diuelli.
985 1239 1078 1273 Vnde
1090 1239 1270 1275 constituo,
1281 1251 1351 1272 non
1362 1239 1465 1285 recipi
1477 1248 1648 1272 mortuum
1661 1239 1730 1270 eius
1740 1248 1873 1284 corpus,
1885 1250 1994 1283 neque
2005 1240 2105 1272 etiam
2115 1241 2158 1275 eii

321 1291 541 1329 otiosum‚aut
549 1289 750 1324 diliuncleum
762 1289 928 1336 §.Spiritus
943 1286 990 1322 sui
1002 1289 1105 1334 gratia
1115 1291 1148 1322 &
1160 1290 1290 1321 virtute.
1307 1291 1341 1320 in
1353 1287 1414 1321 hac
1428 1286 1588 1321 i'ententia
1598 1284 1766 1332 probanda
1786 1289 1831 1318 no
1842 1290 2007 1320 immoror
2019 1287 2157 1323 diutius.

318 1345 389 1376 Iam
400 1344 460 1388 qui
470 1343 547 1374 viua
558 1337 621 1372 fide
630 1343 664 1372 δε
681 1339 881 1385 poenitentia
889 1339 1034 1371 omnino
1045 1336 1087 1369 est
1098 1347 1339 1383 vacuus‚qnuni
1349 1334 1436 1369 nihil
1447 1333 1564 1369 habeat
1576 1335 1715 1380 Spiritus
1725 1332 1973 1381 Christinpsum
1984 1334 2158 1372 Christum

319 1390 497 1438 quomodo
510 1397 668 1436 reciperet
681 1389 693 1419 ?
705 1385 776 1419 imo
787 1397 892 1431 quum
904 1396 995 1419 totus
1006 1395 1187 1432 occupetur
1197 1385 1341 1419 *aSatana
1353 1388 1386 1418 &
1401 1394 1539 1432 peccato
1548 1408 1559 1422 ‚
1578 1382 1752 1428 quomodo
1764 1384 1822 1415 erit
1834 1381 1958 1416 Christi
1968 1395 2068 1430 capax
2079 1386 2159 1420 ?Si-

319 1452 377 1474 cut
388 1451 467 1486 ergo
479 1437 581 1474 fateor
592 1432 749 1482 quosdam
761 1432 821 1467 esie
832 1436 890 1480 qui
901 1433 975 1467 vere
986 1431 1083 1466 simul
1092 1445 1128 1467 iri
1137 1433 1246 1467 Coena
1259 1437 1293 1467 8(
1313 1443 1424 1466 tamen
1435 1432 1572 1479 indigne
1585 1429 1755 1464 Christum
1765 1432 1925 1477 recipiant
1933 1453 1944 1468 ,
1959 1431 2072 1477 quales
2081 1431 2159 1470 sunt

319 1488 420 1523 multi
431 1485 569 1520 infirmi:
581 1486 626 1518 ita
637 1496 707 1517 non
717 1483 931 1522 admitto‚eos
942 1483 1000 1527 qui
1012 1480 1111 1515 fidem
1122 1481 1314 1516 historicam
1323 1481 1453 1515 tantum
1464 1479 1529 1514 sine
1539 1481 1621 1513 viuo
1631 1480 1835 1525 poenitentiae
1847 1483 1880 1512 δε
1893 1478 1968 1513 fidei
1978 1478 2070 1516 sensu
2077 1479 2159 1517 affe-

319 1534 501 1573 runt‚aliud
513 1535 614 1580 quam
625 1531 756 1578 signum
765 1533 920 1578 recipere.
931 1530 1050 1576 Neque
1059 1531 1148 1564 enim
1160 1530 1332 1564 Christum
1346 1528 1498 1564 mutilare
1506 1526 1699 1567 sustu-iem&
1710 1526 1802 1560 illam
1812 1525 2043 1562 absurditatem
2053 1528 2160 1564 refor-

320 1586 425 1624 mido,
438 1579 569 1629 quodse
580 1583 694 1628 impiis
705 1578 794 1626 quasi
806 1581 993 1612 exanimem
1006 1577 1169 1612 edendum
1178 1579 1291 1612 tradat.
1302 1579 1421 1624 Neque
1432 1576 1522 1611 aliud
1532 1575 1628 1609 sentit
1641 1575 1859 1623 Augustinus,
1872 1588 1979 1622 quum
1991 1577 2097 1613 malos
2107 1579 2162 1614 di..

319 1637 366 1668 cit
383 1632 552 1666 ‘tsshriiturn
565 1640 707 1676 recipere
719 1640 756 1661 in
767 1628 876 1661 Coena
887 1628 1100 1661 sacramento
1110 1637 1216 1660 tenus.
1229 1627 1321 1672 quod
1330 1625 1411 1660 alibi
1421 1625 1538 1660 clarius
1549 1625 1716 1671 exprimit,
1726 1635 1833 1669 quum
1844 1624 1942 1658 tradit
1952 1624 2101 1672 reliquos
2110 1630 2161 1662 A-

320 1682 470 1731 postoios
484 1677 579 1714 edill'e
591 1689 712 1726 panem
721 1677 925 1712 Dominum,
936 1675 1050 1709 Iudam
1065 1675 1145 1710 veto
1156 1688 1227 1711 non
1237 1674 1298 1708 nili
1309 1687 1428 1726 panem
1438 1675 1592 1710 Domini.
1603 1673 1649 1707 At
1659 1671 1738 1706 vero
1749 1671 1805 1706 hic
1815 1670 1984 1712 obiicitur,
1992 1675 2162 1711 Sacrame-

321 1743 435 1765 torum
449 1726 630 1763 efficaciam
641 1738 713 1760 non
723 1725 864 1772 pendere
875 1736 913 1759 ex
921 1724 1082 1772 dignitate
1092 1723 1274 1758 hominum
1288 1749 1299 1763 ,
1311 1735 1420 1769 neque
1430 1722 1612 1758 hominum
1621 1719 1748 1755 malitia
1759 1720 1798 1755 de
1806 1719 2083 1767 promistionibus
2095 1725 2162 1761 Dei

322 1782 506 1826 quicquam
516 1775 642 1810 detrahi
655 1785 709 1808 aut
723 1774 880 1823 deperire.
891 1772 1058 1812 Fateor,&
1066 1772 1142 1807 ideo
1152 1769 1266 1806 diserte
1277 1771 1452 1812 addo,non
1462 1772 1574 1805 minus
1585 1767 1680 1803 malis
1690 1769 1791 1817 quam
1803 1768 1902 1803 bonis
1914 1767 2024 1804 offerri
2034 1772 2164 1810 Christi

323 1839 456 1874 corpus:
469 1825 560 1872 quod
571 1825 610 1857 ad
622 1826 690 1858 vim
713 1822 915 1856 §aeramenti
924 1824 959 1856 ὁ(
968 1822 1033 1855 Dei
1043 1819 1142 1855 fidem
1152 1819 1224 1854 satis
1237 1821 1291 1854 est.
1307 1821 1400 1855 Deus
1409 1821 1500 1854 enim
1511 1831 1582 1853 non
1592 1816 1662 1852 illic
1672 1815 1830 1853 fallaciter
1843 1815 1962 1865 figurat
1973 1819 2069 1855 malis
2084 1821 2162 1857 Filii

327 1875 375 1911 sui
387 1873 573 1922 corpus,led
585 1870 688 1920 reipsa
698 1869 838 1904 exhibet:
851 1881 912 1904 nec
923 1871 1017 1917 panis
1027 1871 1126 1903 inane
1137 1867 1203 1904 illis
1213 1867 1344 1918 signum
1355 1869 1410 1908 est,
1421 1867 1473 1901 sed
1483 1865 1588 1903 fidelis
1601 1863 1720 1901 tessera:
1738 1865 1830 1911 quod
1840 1865 2095 1914 relpuuiit‚illud
2105 1872 2162 1906 nit-

327 1924 378 1959 hil
391 1925 565 1957 imminuit
575 1921 628 1956 vel
640 1930 746 1953 mutat
755 1919 794 1952 de
803 1919 1006 1952 Sacramenti
1018 1928 1144 1953 natura.
1162 1918 1313 1965 Superest
1322 1927 1358 1950 vt
1370 1917 1410 1950 ad
1419 1915 1510 1953 hunc
1523 1913 1616 1950 Pauli
1624 1913 1741 1948 locum
1751 1911 2026 1962 respondeamus:
2037 1917 2161 1954 Paulus

326 1986 398 2008 reos
409 1971 485 2005 facit
497 1970 667 2018 indignos,
677 1969 755 2014 quia
764 1980 835 2002 non
844 1967 1027 2000 diiudicant
1038 1978 1160 2013 corpus
1169 1967 1406 2013 Dominizergo
1418 1963 1473 2000 hic
1482 1975 1604 2012 corpus
1613 1965 1791 2010 recipiunt.
1802 1964 1903 2010 Nego
1913 1962 2162 2011 consequendi.

326 2037 331 2053 i
344 2022 455 2055 imerii
465 2021 555 2053 enim
567 2016 736 2064 respuunt,
751 2018 831 2062 quia
843 2025 954 2050 tamen
965 2013 1187 2063 profanant&
1199 2015 1356 2048 dedecore
1364 2011 1514 2048 afficiunt
1526 2012 1585 2046 sibi
1595 2010 1881 2049 oblatutmmeritb
1891 2014 1937 2045 rei
1947 2010 2031 2046 sunt.
2047 2018 2164 2062 petin-

326 2078 363 2104 de
376 2072 464 2103 enini
480 2066 607 2101 faciunt
617 2064 678 2099 acsi
689 2066 723 2098 in
734 2075 853 2098 terram
862 2061 1206 2111 proiectum‚pedibus
1216 2062 1389 2097 calcarent.
1400 2075 1442 2096 an
1454 2062 1519 2096 hoc
1528 2072 1670 2108 paruum
1682 2060 1725 2094 est
1735 2057 1941 2107 sacrilegium
1953 2062 1965 2093 ἓ
1978 2063 2024 2095 ita
2033 2063 2069 2096 in
2077 2064 2163 2100 Pau—

328 2121 350 2153 li
371 2118 476 2151 verbis
497 2114 584 2150 nihil
602 2111 806 2148 difficultatis
816 2113 914 2147 video
926 2125 934 2145 :
953 2111 1055 2146 modo
1067 2109 1250 2149 consideres
1268 2111 1350 2160 quid
1357 2112 1450 2146 Deus
1470 2110 1566 2145 malis
1575 2107 1691 2144 offerat
1711 2111 1744 2144 &
1756 2110 1904 2156 porrigat
1920 2134 1932 2150 ,
1960 2122 2032 2146 non
2050 2123 2165 2148 autem

329 2169 410 2214 quid
423 2167 616 2214 percipiant.
1762 2157 1765 2159 ⁵

377 2217 412 2248 ιδ
465 2212 574 2248 Probet
583 2222 684 2246 autem
685 2210 816 2261 fiipfiam
826 2210 935 2256 homo.)
971 2210 1166 2245 Exhortatio
1176 2222 1213 2244 ex
1223 2210 1375 2257 proxima
1385 2210 1652 2244 comminatione
1662 2208 1771 2243 ducta.
1781 2204 1815 2239 Si
1825 2207 1872 2240 rei
1881 2200 1956 2242 sunt
1964 2208 2115 2255 corporis
2126 2212 2166 2244 δε

334 2263 502 2310 sanguinis
512 2264 731 2306 Domini‚qui
741 2259 878 2307 indigne
889 2261 1085 2306 eduntzetgo
1097 2271 1198 2293 nemo
1209 2256 1269 2292 nisi
1280 2257 1364 2292 bene
1371 2256 1499 2305 riteque
1512 2268 1734 2304 comparatus,
1746 2254 1886 2289 accedat.
1901 2256 2027 2290 Caueat
2035 2269 2116 2306 ergo
2123 2258 2166 2294 fi-

329 2314 363 2347 'tn
374 2310 512 2358 quisque
532 2323 574 2344 ne
586 2308 735 2344 socordia
749 2320 804 2342 aut
816 2308 985 2342 securitate
1004 2310 1040 2341 in
1052 2308 1118 2341 hoc
1127 2305 1335 2354 sacrilegium
1345 2306 1479 2341 incidat.
1490 2306 1551 2340 Sed
1561 2308 1718 2352 quaerittir
1726 2314 1817 2339 nunc
1826 2325 1838 2340 ‚
1860 2304 1969 2350 qualis
1977 2304 2092 2340 debeat
2103 2305 2166 2344 effe

329 2362 484 2409 probatio
494 2386 504 2399 ,
514 2360 563 2403 ad.
582 2371 683 2405 quam
696 2370 758 2392 nos
768 2356 888 2391 Paulus
899 2366 1005 2391 vocat.
1014 2356 1148 2403 Papistae
1160 2368 1233 2390 eam
1243 2358 1279 2389 in
1288 2353 1464 2389 auriculari
1481 2352 1686 2389 confeffione
1694 2352 1808 2387 locant
1817 2364 1828 2382 ··
1849 2351 1966 2388 iubent
1975 2366 2094 2389 omnes
2104 2359 2166 2403 qui

326 2412 472 2444 Coenam
482 2407 557 2442 sunt
567 2409 744 2454 recepturi,
755 2405 931 2452 diligenter
940 2409 974 2440 δε
986 2407 1082 2439 anxie
1092 2415 1242 2440 excutere
1252 2405 1356 2437 vitam
1369 2401 1459 2437 suam
1469 2428 1480 2443 ‚
1489 2414 1526 2437 vt
1536 2405 1572 2437 in
1584 2414 1696 2437 autern
1707 2400 1883 2435 sacerdotis
1894 2404 2011 2436 omnia
2021 2401 2076 2441 sua
2083 2416 2165 2452 pec-

331 2469 403 2492 cata
413 2467 603 2491 exonerent:
616 2455 683 2490 haec
696 2455 740 2489 est
750 2466 866 2488 eorum
880 2456 1084 2502 praeparatio.
1094 2455 1166 2501 Ego
1176 2464 1287 2487 autem
1297 2451 1447 2486 sanetum
1459 2463 1609 2487 examen,
1624 2450 1662 2484 de
1672 2462 1741 2497 quo
1752 2447 1872 2483 Paulus
1890 2449 1970 2496 loqu
1977 2452 2055 2488 itur,¹
2068 2453 2086 2486 a
2095 2463 2167 2488 tor-

331 2517 448 2541 mento
462 2505 564 2551 longe
574 2505 688 2538 distare
699 2502 846 2537 dic0.llli
856 2502 1031 2550 postquam
1041 2499 1070 2535 le
1081 2504 1310 2536 excruciarunt
1319 2511 1497 2548 paucarum
1509 2500 1667 2534 horarum
1678 2500 1935 2545 cogitatione,&
1946 2497 2167 2538 sacrificulum

332 2552 507 2588 conscium
518 2554 667 2587 fecerunt
677 2550 737 2586 suae
752 2551 982 2599 turpitudinis,
992 2547 1167 2585 defunctos
1178 2549 1207 2584 se
1218 2547 1475 2597 opinantur-alia
1485 2549 1528 2582 est
1539 2546 1692 2596 probatio
1704 2559 1804 2593 quam
1816 2545 1872 2581 hic
1885 2546 2005 2583 Paulus
2017 2550 2170 2595 requirit.-

334 2614 457 2650 nempe
469 2615 540 2647 quae
551 2601 707 2648 legitimo
726 2595 816 2634 sacrae
827 2600 942 2633 Coenae
953 2597 1023 2632 vsui
1045 2597 1247 2646 respondeat.
1278 2597 1376 2631 Vides
1397 2593 1671 2644 expeditiffimam
1691 2595 1888 2629 methodum
1897 2618 1908 2632 ,
1933 2596 1966 2629 Si
1977 2597 2038 2630 rite
2059 2599 2108 2632 vis
2118 2601 2169 2635 vti

337 2651 462 2686 Christi
482 2649 645 2684 beneficio
658 2672 668 2686 ‚
688 2647 787 2682 fidem
798 2645 910 2682 afferas
922 2650 955 2681 δε
967 2648 1219 2694 poenitentiam:
1242 2648 1277 2679 in
1288 2645 1340 2679 his
1352 2657 1431 2691 ergo
1444 2644 1574 2680 duobus
1593 2642 1736 2679 confistit
1746 2655 1882 2677 examen
1893 2666 1904 2681 ‚
1915 2653 1952 2677 vt
1962 2646 2072 2680 venias
2081 2645 2170 2683 bene

337 2709 546 2748 praeparatus.
558 2698 625 2733 Sub
634 2698 834 2746 poenitentia
842 2695 1034 2730 charitatem
1046 2694 1183 2729 includo
1195 2707 1203 2728 i
1219 2706 1298 2731 nam
1308 2696 1366 2739 qui
1377 2693 1435 2727 sibi
1448 2695 1637 2728 renuntiare
1646 2692 1759 2726 didicit
1769 2717 1780 2732 ‚
1800 2702 1835 2725 vt
1848 2689 1878 2725 se
1889 2690 2024 2727 Christo
2036 2692 2171 2742 eiusque

335 2747 502 2793 obsequio
513 2746 658 2784 addicat,
683 2745 739 2779 ille
749 2747 846 2779 etia'm
858 2737 1081 2792 proculdubio
1097 2745 1261 2777 vnitatem
1271 2743 1289 2776 a
1299 2742 1434 2775 Christo
1444 2742 1715 2777 commendatam
1724 2764 1735 2779 ,
1753 2752 1791 2774 ex
1800 2742 1917 2785 animo
1928 2739 2026 2775 colet.
2046 2742 2172 2790 Neque

336 2794 418 2830 vero
446 2792 588 2842 perfecta
598 2805 654 2828 aut
665 2793 742 2827 fides
751 2819 761 2833 ,
775 2803 831 2827 aut
840 2793 1039 2840 poenitentia
1050 2793 1228 2838 requiritur
1238 2803 1247 2824 ι
1266 2788 1347 2823 ficut
1358 2790 1493 2835 quidam
1504 2789 1744 2838 perfectionem
1755 2801 1827 2835 quae
1836 2786 2000 2834 nusquam
2021 2790 2172 2827 inueniri

336 2844 445 2894 potest
457 2866 466 2879 ,
477 2844 622 2877 nimium
633 2843 780 2889 vrgendo
790 2864 800 2879 ‚
811 2838 980 2874 vniuersos
991 2840 1144 2874 mortales
1165 2841 1200 2873 in
1214 2849 1412 2886 perpetuum
1424 2840 1442 2872 a
1451 2839 1560 2873 Coena
1575 2849 1698 2872 arcent.
1717 2836 1839 2871 Verum
1849 2835 1872 2871 si
1883 2832 1964 2870 serio
1975 2839 2080 2871 animi
2090 2837 2168 2875 affe.

339 2896 395 2928 ἂι]
409 2892 449 2925 ad
463 2893 527 2925 Dei
539 2891 696 2925 iustitiam
707 2887 834 2937 aspiras:
848 2892 883 2923 &
895 2887 1028 2922 miseriae
1039 2899 1102 2922 tuae
1112 2889 1287 2936 agnitione
1297 2884 1503 2923 humiliatus,
1516 2897 1608 2920 totus
1619 2888 1655 2919 in
1666 2885 1790 2920 Christi
1801 2886 1938 2931 gratiam
1950 2885 2116 2922 recumbis
2133 2892 2170 2924 8(

338 2938 518 2987 acquiescis
531 2952 538 2972 :
552 2937 632 2972 scito
642 2949 674 2972 tc
684 2938 787 2984 dignu
793 2950 825 2971 m
837 2935 897 2970 esse
915 2939 1099 2971 conuiuam
1109 2938 1168 2983 qui
1181 2936 1221 2969 ad
1231 2934 1316 2969 lianc
1327 2933 1470 2968 mensam
1481 2934 1622 2968 accedas.
1642 2936 1796 2980 Dignum
1811 2930 1966 2979 intelligo
1977 2946 2077 2980 quem
2095 2937 2171 2972 Do.

341 2992 455 3024 minus
465 3001 535 3022 non
546 2987 691 3021 excludit
699 3008 709 3022 ‚
722 2984 846 3020 etiamsi
855 2984 983 3032 alioqui
997 2984 1158 3021 nonnihil
1169 2986 1204 3019 in
1216 2994 1248 3017 te
1257 2981 1460 3017 desideretur.
1479 2983 1572 3017 Fides
1581 2983 1673 3017 enim
1685 2983 1785 3016 etiam
1796 2979 1964 3020 inchoata,
1974 2994 2012 3016 ex
2023 2983 2174 3033 indignis

340 3037 421 3072 facit
435 3037 566 3083 dignos.

393 3097 432 3126 29
483 3084 551 3132 Qi
562 3081 660 3116 ederit
667 3077 1027 3129 indignaiudiciumfibi.)
1076 3081 1169 3116 Prius
1179 3077 1303 3115 sceleris
1312 3081 1517 3114 atrocitatem
1528 3081 1668 3114 nomine
1676 3076 1858 3125 designauit
1869 3101 1878 3115 ,
1888 3088 1994 3126 quum
2003 3079 2174 3122 dhrim-eos

346 3133 419 3168 fore
438 3133 588 3180 corporis
602 3135 637 3165 &
649 3128 818 3177 sanguinis
840 3132 1004 3167 Domini,
1025 3133 1084 3176 qui
1096 3130 1164 3164 indi
1191 3129 1233 3163 ne
1244 3130 1388 3163 ederent.
1403 3139 1494 3162 nunc
1504 3140 1611 3175 poenae
1639 3128 1893 3162 denuntiatione
1902 3138 2008 3162 terret.
2028 3129 2128 3164 multi
2138 3143 2174 3164 e-

345 3185 419 3216 nim
430 3179 503 3215 sunt
514 3182 654 3227 quinon
676 3188 859 3213 mouentur
869 3176 940 3225 ipso
951 3187 1086 3224 peccato
1097 3201 1107 3215 ‚
1120 3180 1156 3212 ni
1171 3191 1181 3211 i
1195 3178 1262 3211 Dei
1272 3178 1397 3211 iudicio
1408 3175 1545 3224 perculsi
1554 3175 1694 3210 fuerint:
1709 3173 1774 3209 hoc
1785 3187 1864 3221 ergo
1873 3175 1949 3210 facit
1957 3199 1968 3215 ,
1977 3189 2084 3223 quum
2094 3188 2173 3226 pm.

346 3231 480 3263 nuntiat
490 3229 605 3263 cibum
617 3229 720 3267 hunc,
731 3225 857 3272 alioqui
871 3225 1042 3261 salutarem
1052 3247 1062 3263 ‚
1071 3225 1222 3260 futurum
1232 3228 1334 3260 exitio
1343 3248 1352 3263 ‚
1370 3229 1404 3259 δι
1415 3228 1450 3259 in
1461 3236 1629 3259 venenum
1639 3221 1839 3258 conuersum
1851 3226 1892 3258 iri
1906 3246 1918 3262 ,
1929 3226 2066 3272 indigne
2078 3238 2174 3261 man.

345 3277 557 3311 ducantibus.
577 3277 762 3310 Rationem
782 3275 887 3311 addit,
916 3276 1062 3321 quianon
1080 3272 1250 3316 disternum
1259 3284 1361 3323 corpus
1375 3276 1527 3309 Domini:
1545 3285 1666 3320 nempe
1676 3283 1835 3318 tanquam
1853 3270 2006 3307 sacruma
2014 3272 2168 3321 profano.

345 3324 484 3358 Perinde
503 3324 548 3359 est
558 3323 618 3358 acsi
637 3324 780 3360 diceret,
805 3322 909 3357 illotis
921 3321 1074 3356 manibus
1097 3324 1272 3358 attreQant
1283 3319 1538 3369 sacrumcorpus
1548 3321 1688 3356 Christi:
1711 3320 1782 3353 irnb
1818 3322 1929 3355 exinde
1939 3319 2000 3355 acsi
2017 3333 2066 3355 res
2075 3323 2177 3363 nihili

347 3371 450 3410 foret,
471 3385 542 3408 non
553 3375 703 3421 cogitant
724 3383 888 3418 quantum
899 3369 936 3405 sit
959 3372 1028 3406 eius
1048 3372 1205 3418 pretium.
1222 3369 1361 3406 Dabunt
1372 3372 1472 3418 igitur
1489 3381 1603 3418 poenas
1615 3380 1712 3405 tantae
1730 3333 1986 3417 profanationis.
2009 3370 2178 3410 Memoria

2053 3430 2173 3463 -aurerii
