2268 3705
459 129 575 178 AD
623 127 1302 180 CORINTH-CAP·
1354 136 1414 181 x·
1865 144 1923 202 a,

67 209 166 259 pheta
175 206 213 241 de
224 202 293 254 ipso
304 202 457 250 loquens,
465 202 550 237 Non
560 202 711 237 audietur
720 201 848 237 clamor
857 205 928 238 eius
940 205 975 238 in
990 203 1120 252 plateis,
1127 203 1293 241 calamum
1306 205 1461 242 cassatum
1471 212 1542 245 non
1552 212 1906 269 confringer',&c.Q2

65 261 169 307 igitur
193 251 442 290 mansuetudine
454 248 517 284 fuit
527 250 679 286 Christus
688 273 700 289 ,
708 263 781 286 eam
792 252 811 285 a
819 248 919 286 seruis
931 264 1067 300 quoque
1078 252 1144 289 suis
1154 257 1304 302 requirit:
1314 258 1383 290 eius
1394 261 1604 295 mentionem
1615 271 1720 308 quum
1731 265 1806 302 facit
1817 270 1904 306 Pau-

65 307 116 342 lus
127 330 137 344 ,
147 304 188 339 ab
197 316 232 337 ea
241 299 271 336 se
294 299 435 334 minime
445 296 506 332 esse
513 297 661 333 alienum
670 298 832 347 significat
841 313 850 333 t
860 299 921 334 acsi
931 301 1071 349 dicerer,
1084 301 1245 338 Obtestor
1254 315 1314 338 vos
1332 316 1375 338 ne
1383 317 1456 340 eam
1470 306 1757 347 mansuetudinem
1767 330 1778 355 3
1822 319 1901 355 uam

57 353 162 391 ‘nobis
173 355 208 387 in
219 348 272 385 sua
281 346 418 396 persona
426 346 576 381 exhibuit
586 347 738 384 Christus
747 371 758 387 ‚
771 351 806 383 &
815 348 969 395 quotidie
978 362 1035 397 per
1043 348 1153 386 seruos
1164 348 1239 387 suos
1250 351 1400 391 exhibet,
1421 354 1493 390 imo
1504 368 1604 402 quam
1617 361 1653 392 in
1669 371 1722 394 me
1732 371 1798 397 eon
1814 368 1900 412 pici-

60 406 103 439 εἰς
115 430 125 444 ‚
136 398 365 448 aspernemini,
377 393 729 442 Quisbcundumfizciem
763 395 866 444 Qasi
876 409 933 444 per
943 399 1095 434 mimefin
1105 412 1143 433 ex
1152 400 1410 436 aduersariorum
1421 403 1558 450 persona
1567 405 1752 442 hocrefert.
1784 413 1833 445 lta
1843 427 1899 448 ve.

62 452 100 487 rb
119 449 208 497 quod
218 443 477 493 exprobrabant,
493 443 602 479 verbis
620 454 716 481 tenus
729 433 867 482 fatetur,
891 456 925 480 vt
936 445 1146 482 nihilramen
1167 448 1234 483 illis
1245 452 1280 484 in
1289 460 1323 484 te
1337 449 1404 498 ipsa
1412 453 1590 487 concedat:
1611 458 1896 501 quemadmodum

60 499 258 535 videbimus.
506 508 509 510 ·

106 559 124 582 2
171 548 255 591 'Rogo
269 553 306 574 ne
312 540 436 591 presens
444 540 599 585 audeam.)
650 542 801 589 Qdam
811 544 1000 577 orationem
1011 541 1210 579 defectiuam
1221 544 1282 580 effe
1290 556 1532 597 purantzneque
1544 554 1685 600 exprimi
1695 554 1776 599 quid
1786 566 1893 603 roger:

58 607 121 644 ego
134 593 212 628 verb
224 593 336 639 potius
348 590 403 624 hic
412 589 537 624 absolui
547 589 699 624 existimo
706 591 798 636 quod
807 593 911 639 priori
922 591 1075 626 membro
1083 593 1202 627 deerat:
1211 604 1247 628 vr
1255 593 1293 628 sir
1302 597 1461 643 generalis
1474 597 1671 636 exhortatio.
1680 600 1822 637 Praebete
1833 611 1892 639 vos

59 644 145 680 mihi
155 640 279 676 dociles
291 642 325 674 &
335 641 531 687 morigeros,
542 638 707 673 nedutior
719 637 780 673 effi:
789 651 898 686 cogar.
914 641 991 674 Hoc
1000 639 1085 675 boni
1093 639 1233 677 Pastoris
1243 640 1407 685 officium,
1420 645 1549 693 placide
1562 652 1597 682 ὃ(
1609 649 1801 685 humaniter
1810 664 1892 687 oues

58 694 172 742 potius
182 689 322 725 allicere,
339 698 374 721 vt
385 685 414 721 se
423 686 774 768 gubernariffvatiantur
783 709 792 724 ‚
802 689 904 734 quam
913 688 1076 724 violenter
1085 699 1214 737 cogere.
1230 692 1409 727 Austeriras
1418 695 1565 740 quidem,
1581 695 1686 732 fateor
1694 725 1704 739 ,
1719 700 1890 736 interdum

55 738 228 776 neccssaria
237 737 290 772 est:
301 735 352 771 sed
360 735 592 783 incipiendum
613 747 726 782 emper
735 736 752 769 a
764 733 1015 772 mansuetudine
1023 761 1034 776 ,
1051 741 1085 772 &
1095 740 1132 772 in
1143 750 1179 772 ea
1187 736 1460 786 perseuerandum
1470 744 1577 778 donec
1585 743 1615 779 se
1625 746 1795 782 traCtabile
1804 759 1888 796 ptae-

52 790 110 826 ber
120 788 260 823 auditor.
280 787 472 819 Extremum
482 784 666 818 remedium
677 784 766 818 estin
776 782 954 819 seueritate.
981 786 1161 821 Tenrandae
1169 810 1179 825 ‚
1190 790 1341 834 inquam,
1356 787 1430 824 sunt
1442 803 1560 825 omnes
1571 794 1630 827 viae
1639 817 1650 830 ,
1659 806 1839 842 antequam
1849 797 1888 832 ad

54 841 200 886 rigorem
213 831 429 883 prosiliamus:
440 832 511 867 imo
521 843 695 878 nunquam
703 833 802 879 rigidi
813 831 911 868 simus
920 832 981 867 nisi
991 836 1109 870 coasti.
1119 837 1247 870 Interea
1255 837 1349 883 quod
1359 837 1569 885 pusillanima}
1579 840 1687 888 ipsum
1699 843 1889 881 iudicabant

54 899 91 921 ac
102 885 260 921 timidum
271 908 281 923 ‚
292 880 348 916 vbi
357 882 513 915 cominus
523 880 742 928 pugnandum
752 892 830 918 erar,
839 883 874 915 in
886 894 926 915 eo
936 894 1039 916 errare
1048 882 1124 917 illos
1136 881 1308 930 significat,
1321 898 1427 932 quum
1438 887 1612 922 denuntiat
1632 888 1661 924 se
1674 892 1710 925 in
1722 891 1804 926 facie
1819 893 1888 928 for·

54 938 131 970 riter
141 932 327 968 restiturum
336 928 602 964 contumacibus.
615 929 853 963 Contemnunt
861 942 926 970 me,
937 933 1060 978 inquit,
1068 942 1228 978 tanquam
1241 933 1417 969 hominem
1428 935 1548 984 pusillo
1556 940 1673 973 animo
1683 950 1692 970 ε
1701 938 1753 973 sed
1765 940 1887 977 fortio-

49 996 122 1018 tem
130 980 270 1017 sentient
278 990 315 1012 ac
327 980 430 1025 magis
440 975 630 1012 animosum
641 978 742 1023 quam
755 976 929 1015 velinr‚vbi
942 977 1023 1013 serio
1034 978 1240 1015 conserendae
1251 993 1348 1016 erunt
1360 995 1488 1019 manus.
1499 985 1578 1019 Inde
1586 997 1675 1033 parer
1686 989 1821 1034 quando
1832 993 1885 1025 re-

53 1044 116 1085 pus
127 1029 164 1065 sir
173 1027 313 1076 asperius
323 1027 460 1074 agendi:
479 1026 656 1077 postquam
665 1022 787 1059 scilicet
797 1029 920 1073 experri
930 1024 962 1061 su
968 1040 1053 1068 mus,
1062 1027 1240 1064 blanditias
1251 1029 1468 1066 &lenitatem
1477 1033 1564 1067 nihil
1599 1033 1745 1070 roficerea
1755 1038 1886 1074 Inuirus

51 1082 171 1116 faciam
180 1102 192 1117 ,
208 1076 319 1123 iuquit
326 1074 445 1108 Paulus
458 1100 467 1113 ,
479 1075 529 1108 sed
540 1086 651 1108 tamen
662 1072 765 1108 facere
776 1074 916 1109 decreui.
925 1078 1055 1123 optima
1063 1077 1268 1112 moderatio:
1280 1091 1358 1113 nam
1367 1091 1404 1114 vr
1412 1081 1554 1115 ducendi
1564 1046 1636 1117 igni
1646 1087 1760 1131 potins
1770 1085 1885 1120 homi-

52 1141 124 1168 nes,
134 1127 236 1175 quam
245 1122 408 1163 trahendi,
417 1122 528 1169 quoad
539 1125 574 1156 in
585 1122 684 1156 nobis
696 1123 750 1156 est:
763 1126 806 1156 ira
816 1135 922 1168 quum
931 1125 1019 1172 apud
1029 1125 1131 1159 duros
1144 1129 1178 1160 δι
1188 1125 1375 1174 Ρῐκῗηᾶοε
1386 1130 1516 1163 inutilis
1527 1130 1571 1164 est
1580 1130 1709 1170 lenitas,
1732 1144 1813 1169 tunc
1823 1146 1886 1169 ne—‘2

53 1173 186 1212 cessario
196 1171 374 1209 exerendus
383 1172 427 1205 est
437 1172 545 1217 rigor:
556 1169 683 1218 alioqui
693 1184 764 1205 non
774 1170 933 1205 modestia
945 1174 1018 1213 erit,
1027 1186 1136 1220 neque
1143 1175 1361 1221 aequabilitas‚
1373 1175 1426 1210 sed
1437 1176 1590 1212 dissoluta
1600 1182 1744 1227 ignauia.
1754 1181 1820 1232 Q
1829 1185 1884 1217 ηοέ

0 1234 2 1236 ’
22 1235 33 1238 ’·
52 1222 205 1268 ‘stimant-
229 1218 376 1256 Erasmus
388 1222 496 1258 vertit,
514 1220 584 1265 Q
596 1232 657 1253 nos
669 1230 787 1265 putant
809 1218 914 1253 veluti
927 1219 1107 1256 secundum
1117 1234 1248 1257 carnem
1259 1223 1439 1262 ambulare.
1451 1228 1553 1260 Vetus
1564 1229 1723 1276 interpres
1744 1234 1885 1279 propin&

58 1273 146 1316 (meo
157 1271 297 1311 iudicio)
306 1266 434 1303 accessit
442 1267 481 1301 ad
489 1270 676 1315 genuinum
688 1266 780 1301 Pauli
790 1265 930 1305 sensum,
941 1271 1014 1316 Q
1025 1282 1086 1304 nos
1096 1269 1466 1320 arbitrantur‚ranquam
1478 1273 1658 1310 secundum
1669 1288 1802 1313 carnem
1812 1282 1885 1314 am'-

51 1321 216 1358 bulemus.
234 1329 426 1365 quanquam
437 1329 545 1362 neque
560 1314 681 1362 phrasis
691 1316 735 1350 est
753 1313 825 1350 saris
837 1317 971 1351 Latina:
994 1330 1103 1364 neque
1114 1320 1248 1365 penitus
1258 1323 1412 1368 exprimit
1431 1333 1537 1357 totam
1550 1336 1696 1359 mentem
1714 1327 1881 1374 Apostoli.

51 1370 144 1407 Nam
155 1367 210 1404 hic
220 1363 395 1411 λογίζεσθαι,
407 1377 468 1412 pro
480 1363 620 1398 ueniere
631 1364 683 1398 vel
695 1364 849 1398 aestimare
860 1367 998 1412 capitur.
1007 1367 1058 1399 De
1067 1366 1167 1400 nobis
1177 1365 1334 1405 sentiunt,
1344 1371 1455 1416 inquit
1463 1371 1600 1408 Paulus,
1620 1373 1671 1406 vel
1682 1387 1744 1408 nos
1754 1387 1794 1409 eo
1805 1374 1885 1411 loco*

50 1417 174 1454 habent
183 1440 192 1455 ,
215 1414 304 1462 quasi
315 1412 560 1448 ambularemus
578 1413 756 1448 secundum
766 1425 908 1447 carnem.
957 1412 1131 1448 Ambulare
1133 1415 1301 1458 ficundum
1317 1428 1439 1452 carnem
1458 1418 1713 1464 Chrysostomus
1731 1427 1882 1470 exponis

47 1465 226 1502 infideliter
244 1462 272 1497 se
283 1474 413 1510 gerere,
433 1462 484 1495 vel
498 1460 581 1494 male
593 1459 707 1495 versari
725 1463 761 1495 in
772 1459 886 1496 officio
897 1458 975 1495 suo:
996 1465 1029 1496 &
1042 1473 1128 1496 certe
1138 1461 1252 1510 paffim
1264 1464 1329 1498 hoc
1340 1463 1430 1500 seusu
1449 1470 1610 1515 accipitur
1619 1471 1705 1516 apud
1732 1471 1882 1506 Paulum}

50 1514 164 1550 Veram
183 1513 330 1547 Carnem
348 1509 403 1544 hic
421 1511 534 1556 potius
552 1511 748 1557 interpretor
766 1521 828 1556 pto
848 1520 980 1543 externa
996 1523 1123 1558 pompa
1141 1510 1194 1545 vel
1213 1513 1434 1548 ostentatione
1453 1536 1464 1552 ,
1498 1528 1563 1562 qua
1582 1515 1650 1550 sola
1666 1519 1832 1554 venditare
1850 1520 1881 1554 se

57 1558 323 1612 pseudoapostoli
341 1557 458 1592 solent.
495 1555 614 1592 Paulus
631 1568 710 1604 ergo
729 1557 768 1591 de
779 1559 956 1604 iniquitate
972 1571 1090 1593 eorum
1103 1564 1321 1606 conqueritur
1329 1584 1340 1599 ‚
1359 1565 1419 1608 qui
1429 1562 1515 1597 nihil
1534 1566 1569 1598 in
1583 1562 1613 1597 se
1630 1564 1878 1602 considerabant

79 1622 168 1646 raeter
178 1620 309 1644 carnem
320 1630 329 1644 ‚
342 1606 406 1641 hoc
416 1605 459 1640 est
477 1603 875 1653 visibilem'apparenriam
894 1606 942 1648 (vt
952 1604 1151 1652 loquuntur)
1165 1620 1221 1642 aut
1231 1608 1360 1657 vulgari
1368 1611 1550 1646 hominum
1565 1624 1677 1651 more,
1698 1617 1757 1661 qui
1776 1616 1881 1651 studia

68 1671 109 1694 ua
118 1659 235 1693 omnia
243 1656 282 1690 ad
291 1654 510 1691 ambitioneni
518 1664 741 1701 componunt.
760 1655 881 1701 th
891 1656 983 1689 enim
994 1655 1060 1690 illis
1078 1655 1213 1692 dotibus
1225 1658 1367 1692 minime
1376 1658 1546 1695 excelleret
1559 1661 1679 1696 Paulus
1690 1685 1700 1699 ‚
1719 1675 1791 1709 quae
1807 1663 1882 1699 vul-

77 1707 97 1741 b
108 1707 196 1756 apud
207 1703 293 1738 filios
307 1703 408 1738 huius
417 1699 516 1736 seculi
536 1700 668 1735 laudem
677 1713 733 1736 aut
754 1704 899 1749 pretium
915 1702 1099 1738 conciliant
1109 1718 1117 1739 :
1127 1702 1368 1753 despiciebatur
1380 1717 1541 1755 tanquam
1551 1712 1718 1757 gregarius
1736 1711 1878 1760 aliquis}

47 1721 104 1792 {d
112 1756 131 1790 ὲ
143 1752 289 1801 quibus?
304 1762 426 1798 nempe
435 1749 476 1785 ab
485 1748 669 1785 ambitiosis
678 1774 689 1789 ,
711 1753 770 1798 qui
781 1763 858 1785 eum
868 1751 1070 1787 aestimabant
1081 1753 1100 1787 a
1109 1751 1180 1788 solo
1196 1753 1328 1802 aspectu
1336 1780 1348 1796 ‚
1368 1767 1440 1791 non
1451 1767 1564 1792 autem
1582 1757 1778 1806 reputabant
1801 1755 1884 1800 quid

51 1806 144 1840 intus
154 1802 277 1837 lateret.
1811 1801 1825 1808 ”

95 1863 112 1898 3
152 1850 191 1885 N
192 1861 242 1885 am
249 1852 283 1884 in
291 1859 382 1882 carne
391 1845 607 1890 ambulantes.)
654 1845 722 1882 Hic
731 1846 914 1883 Ambulare
922 1850 958 1883 in
968 1860 1078 1890 carne,
1086 1848 1248 1898 significat
1258 1852 1294 1886 in
1304 1852 1434 1887 mundo
1443 1851 1558 1888 versari
1571 1866 1579 1888 :
1590 1855 1682 1901 quod
1693 1855 1774 1892 alibi
1783 1858 1877 1897 dicit,

47 1898 206 1936 Habitare
215 1900 251 1933 in
262 1908 413 1945 corpore.
439 1897 517 1930 Erat
529 1899 621 1931 enim
633 1892 777 1931 inclusus
786 1898 822 1931 in
830 1895 980 1944 corporis
993 1896 1042 1932 sui
1051 1898 1232 1946 ergastulo:
1251 1898 1305 1934 sed
1314 1900 1382 1935 hoc
1391 1913 1462 1935 non
1475 1903 1677 1949 impediebar
1686 1917 1756 1952 quo
1768 1909 1883 1943 minus

44 1949 188 1997 Spiritus
198 1945 301 1982 sansti
311 1947 415 1980 virtus
426 1943 565 1979 mirifice
574 1942 603 1980 se
613 1955 754 1979 exereret
765 1947 801 1979 in
811 1947 878 1979 eius
889 1943 1095 1981 infirmitate.
1107 1948 1162 1981 Est
1172 1950 1292 1982 iterum
1304 1945 1424 1997 species
1431 1949 1669 1989 conceffionis,
1681 1966 1755 2000 quae
1766 1965 1881 1990 tamen

45 1994 247 2032 aduersarios
254 1992 340 2030 nihil
351 1995 454 2028 iuuat.
501 1992 672 2027 Secundum
680 2004 801 2027 carnem
811 1995 945 2027 militant
954 1996 1014 2041 qui
1025 1994 1111 2029 nihil
1121 1996 1358 2043 aggrediuntur
1369 1996 1429 2031 nisi
1441 1999 1617 2034 mundanis
1627 2000 1780 2047 ptaesidiis
1789 2001 1877 2041 fretis

45 2044 169 2092 quibus
181 2045 279 2078 etiam
293 2040 369 2077 solis
378 2040 588 2089 superbiunt:
609 2040 765 2076 fiduciam
779 2043 815 2076 in
826 2043 966 2091 Spiritus
975 2041 1078 2078 sancti
1097 2043 1250 2091 auspiciis
1260 2055 1297 2078 ac
1308 2045 1410 2080 dustu
1422 2045 1597 2093 repositam
1607 2061 1678 2082 non
1689 2048 1822 2084 habent.
1832 2050 1880 2085 Ex

47 2093 114 2128 hoc
124 2103 242 2141 genere
257 2091 287 2125 se
299 2088 358 2125 esse
365 2101 463 2137 negat
473 2090 592 2125 Paulus
602 2114 612 2128 ‚
630 2092 708 2137 quia
717 2089 790 2125 aliis
800 2092 899 2125 armis
917 2091 1020 2137 quam
1029 2095 1136 2127 carnis
1148 2096 1182 2127 ὃ(
1205 2093 1322 2126 mundi
1331 2091 1368 2126 sit
1383 2094 1573 2130 instructus.
1583 2096 1686 2129 Porro
1697 2099 1788 2144 quod
1800 2100 1838 2138 de
1850 2098 1870 2133 s
1865 2113 1881 2134 e

46 2140 201 2179 affirmat,
210 2141 370 2187 competit
379 2143 478 2172 etiam
488 2140 523 2172 in
535 2151 652 2173 omnes
661 2150 755 2173 veros
764 2138 887 2173 Christi
898 2139 1074 2174 ministros.
1083 2138 1289 2176 Thesaurum
1299 2143 1390 2175 enirn
1402 2142 1699 2191 incomparabilem
1714 2153 1833 2193 gerunt
1844 2149 1880 2182 in

45 2189 126 2224 vasis
136 2188 292 2225 testaceis,
303 2186 585 2233 quemadmodum
597 2189 688 2234 prius
699 2187 776 2221 dixi.
790 2189 877 2234 Ergo
888 2198 1057 2234 vtcunque
1067 2190 1173 2224 carnis
1186 2187 1437 2224 infirmitatibus
1450 2190 1512 2225 sint
1520 2192 1715 2231 circundari,
1727 2192 1878 2241 spiritua·

47 2237 88 2273 lis
99 2236 322 2272 nihilominus
332 2237 395 2269 Dei
407 2237 557 2282 porentia
565 2237 601 2270 in
612 2233 687 2283 ipsis
700 2234 876 2282 magnifice
885 2235 1021 2271 relucet.

168 2287 269 2321 Arma
278 2286 357 2318 enim
365 2285 474 2317 militie
483 2283 602 2327 nostra.)
652 2282 745 2317 Talis
757 2283 877 2318 militia
886 2284 928 2318 est
937 2285 1044 2331 qualis
1053 2294 1224 2320 armorum
1234 2284 1365 2334 species.
1391 2287 1623 2335 Spiritualibus
1641 2292 1741 2324 armis
1751 2293 1884 2326 muniti}

47 2332 79 2368 se
89 2330 149 2368 esse
160 2332 329 2381 gloriatur:
339 2343 418 2379 ergo
429 2329 605 2379 spiritualis
617 2331 660 2365 est
668 2330 796 2366 militia.
810 2333 889 2367 Inde
903 2330 1048 2379 sequitur
1056 2334 1268 2375 aconrrariis,
1281 2348 1352 2369 non
1362 2334 1422 2370 esse
1432 2334 1613 2371 secundum
1624 2350 1766 2373 carnem.
1778 2340 1885 2386 Qd

44 2381 219 2430 Euangelii
229 2382 448 2416 ministerium
464 2378 592 2414 miliriae
601 2391 772 2427 comparat
787 2404 797 2419 ‚
807 2378 970 2428 aptissima
977 2381 1022 2416 est
1030 2379 1224 2417 similitudo.
1234 2382 1355 2418 militia
1365 2384 1500 2431 quidem
1512 2396 1670 2433 perpetua
1679 2387 1723 2420 est
1743 2389 1811 2421 vita
1819 2388 1886 2422 ho-

46 2432 149 2466 minis
160 2429 349 2464 Christiani:
359 2441 438 2463 nam
447 2429 641 2475 quicunque
651 2425 680 2462 se
688 2430 763 2463 Deo
774 2431 809 2463 in
821 2426 1019 2476 obsequium
1029 2429 1151 2464 addicit
1160 2454 1171 2469 ‚
1182 2429 1288 2466 nullas
1298 2445 1446 2479 vnquam
1458 2432 1606 2468 inducias
1618 2433 1753 2469 habebit
1761 2436 1779 2469 ὲ
1792 2437 1883 2470 Sara-

45 2490 102 2520 na,
112 2476 164 2513 sed
176 2475 296 2512 affidua
304 2477 538 2524 inquietudine
546 2475 727 2511 vexabitur.
738 2477 860 2511 Verum
870 2478 1037 2512 ministros
1047 2479 1146 2513 Verbi
1155 2490 1192 2514 ac
1203 2480 1349 2515 Pastores
1360 2480 1497 2528 reliquis
1517 2481 1748 2530 antesignanos
1759 2482 1817 2518 esse
1827 2485 1884 2518 deu

45 2537 107 2562 cet.
123 2527 166 2562 Et
175 2527 260 2561 certe
269 2524 355 2560 nulli
365 2522 439 2560 sunt
455 2524 575 2571 quibus
588 2527 692 2573 magis
705 2525 800 2560 instet
811 2527 919 2564 Satan,
929 2528 989 2573 qui
997 2526 1100 2560 acrius
1112 2529 1317 2575 imperantur
1326 2554 1337 2569 ,
1355 2531 1413 2576 qui
1424 2528 1534 2578 plures
1546 2539 1602 2569 aut
1613 2533 1780 2577 grauiores
1791 2530 1884 2567 susti—

44 2584 146 2612 neant
157 2574 306 2610 insultus.
321 2572 453 2608 Fallitur
464 2576 574 2620 itaque
584 2576 642 2621 qui
654 2574 692 2607 ad
702 2574 787 2608 hanc
797 2572 1007 2609 functionem
1016 2573 1205 2610 obeundam
1214 2574 1244 2610 se
1254 2579 1411 2624 accingit,
1423 2576 1482 2611 nisi
1493 2581 1612 2625 pariter
1625 2579 1663 2612 ad
1675 2581 1881 2621 certandum,

46 2628 162 2658 animo
173 2626 207 2658 δε
218 2627 340 2657 virtute
350 2620 388 2656 sit
398 2633 616 2669 comparatus:
627 2624 706 2668 quia
715 2634 786 2656 non
798 2633 962 2657 exercetur
972 2621 1032 2657 nisi
1044 2622 1230 2658 militando.
1243 2625 1296 2659 Sic
1307 2629 1396 2660 enim
1407 2625 1596 2660 habendum
1606 2627 1883 2676 est,l².uangelium

44 2670 151 2707 veluti
160 2676 274 2719 ignem
284 2668 344 2705 esse
352 2697 362 2711 ‚
384 2683 453 2716 quo
463 2671 654 2704 accenditur
663 2672 786 2704 Saranae
795 2668 896 2705 furor.
915 2682 1015 2717 quare
1026 2669 1097 2705 fieri
1108 2671 1203 2706 aliter
1226 2675 1342 2720 nequit
1350 2676 1434 2720 quin
1445 2674 1484 2707 ad
1495 2673 1710 2721 praeliandum
1724 2682 1881 2717 armetur,

46 2722 179 2766 quoties
189 2718 272 2755 illud
282 2720 473 2768 promoueri
484 2721 600 2752 cernit.
611 2718 746 2764 Qbus
758 2730 870 2753 autem
880 2722 979 2753 armis
990 2718 1196 2767 repellendus
1209 2721 1340 2756 est?non
1351 2720 1411 2756 nisi
1427 2718 1649 2770 spiritualibus
1662 2725 1768 2771 potest
1778 2724 1884 2773 repel-

46 2764 83 2802 li.
99 2769 304 2815 Quicunque
315 2769 416 2814 igitur
427 2777 610 2800 exarmatus
622 2767 665 2801 est
680 2769 799 2801 virture
809 2769 947 2815 Spiritus
958 2765 1072 2806 saneti,
1085 2780 1253 2816 vrcunque
1265 2770 1452 2805 ministrum
1465 2771 1587 2805 Christi
1599 2771 1629 2806 se
1641 2774 1823 2808 iactetmon
1836 2778 1885 2808 ra'-‘

49 2823 127 2850 men
135 2815 287 2863 probabit
296 2814 326 2850 se
335 2814 434 2850 talem
447 2814 516 2848 effe.
528 2827 722 2861 quanquam
732 2813 753 2849 si
763 2813 896 2862 plenam
907 2814 1138 2850 definitionem
1146 2829 1315 2852 armorum
1329 2816 1549 2865 spiritualium
1564 2819 1682 2854 habere
1693 2820 1775 2855 velis
1790 2847 1800 2861 ,
1818 2822 1879 2856 do-

49 2861 154 2898 &rina
163 2873 240 2899 cum
249 2863 323 2898 zelo
332 2888 343 2901 ‚
362 2867 395 2898 &
405 2862 495 2898 bona
506 2861 707 2904 conscientia
724 2875 801 2897 cum
811 2861 956 2899 efficacia
965 2865 1105 2912 Spiritus
1122 2863 1258 2912 aliisque
1267 2863 1447 2900 necessariis
1456 2869 1568 2914 gratiis
1578 2869 1813 2915 coniungenda
1823 2870 1876 2903 est.

47 2912 108 2945 Eat
121 2923 210 2947 nunc
218 2913 316 2960 Papa,
328 2915 362 2947 ὃς
374 2909 575 2960 Apostolica:
585 2912 754 2960 dignitatis
763 2912 900 2946 titulum
911 2911 971 2946 sibi
979 2910 1120 2960 vlirrper.
1130 2914 1211 2960 quid
1221 2925 1332 2949 aurem
1345 2917 1450 2962 magis
1461 2916 1651 2953 ridiculum,
1666 2915 1688 2950 si
1700 2924 1736 2950 ex
1747 2916 1807 2951 hac
1818 2917 1885 2950 Pau

50 2957 75 2992 li
85 2954 195 3006 regula
203 2961 363 2995 iudicium
373 2958 450 2994 fiat?
475 2962 616 2993 Potentia
628 2962 707 2993 Deo.
734 2959 808 2997 Vel,
817 2961 1004 2995 Secundum
1017 2961 1129 2995 Deum
1145 2974 1153 2995 ι
1168 2960 1232 3000 vel,
1242 2964 1289 2996 Ex
1297 2963 1383 2998 Deo.
1396 2964 1466 3010 Ego
1476 2966 1610 2998 tacitam
1621 2963 1796 2998 antithesin
1807 2963 1885 2998 sub-

48 3005 112 3041 esse
120 3005 264 3042 arbitror:
279 3019 314 3041 vr
325 3007 392 3043 haec
401 3006 562 3043 fortitudo
571 3018 764 3056 opponatur
772 3007 1005 3048 imbecillitati,
1018 3021 1090 3056 quae
1099 3020 1212 3055 coram
1223 3011 1350 3045 mundo
1359 3013 1395 3046 in
1405 3009 1545 3058 speciem
1557 3023 1690 3060 apparet
1706 3025 1714 3045 ι
1730 3023 1828 3058 arque
1838 3014 1884 3046 ira

50 3054 244 3101 posthabitis
261 3054 582 3091 hominumiudiciis
593 3082 603 3097 ,
623 3057 755 3090 virtutis
764 3054 826 3091 suae
833 3055 1112 3104 approbationem
1131 3058 1233 3092 &Deo
1242 3070 1376 3106 peteret.
1399 3069 1590 3106 quanquam
1603 3059 1769 3094 antithesis
1781 3062 1881 3094 eriam

51 3101 146 3137 stabit
158 3104 193 3138 in
203 3102 304 3138 altero
316 3101 418 3144 sensu,
429 3103 521 3150 quod
531 3106 681 3152 potentia
692 3116 862 3139 armorum
875 3106 956 3143 eius,
968 3106 1044 3139 Deo
1053 3107 1178 3140 nitatur
1189 3133 1199 3147 ,
1213 3119 1283 3141 non
1296 3108 1434 3142 mundo.
1474 3105 1534 3141 Ad
1541 3102 1763 3151 destrufflonem
1780 3110 1881 3141 muns}

49 3153 173 3184 tionum.
214 3149 422 3186 Munirioncs
432 3163 529 3187 vocat
543 3150 676 3187 consilia
689 3155 723 3186 &
733 3151 962 3187 celsitudinem
976 3152 1125 3191 aduersus
1134 3155 1244 3189 Deum
1257 3154 1374 3189 elatam
1386 3182 1395 3195 ,
1407 3156 1446 3189 de
1456 3154 1575 3202 quibus
1594 3155 1704 3202 postea
1714 3153 1880 3200 loquetur-L

49 3195 102 3233 sed
116 3198 248 3246 proprie
257 3201 290 3233 &
303 3197 520 3245 significanter
529 3202 575 3234 ita
584 3199 738 3248 appellat.
762 3199 843 3234 Vult
854 3202 944 3234 enim
956 3199 1090 3248 gloriati
1102 3227 1113 3242 ‚
1124 3202 1208 3237 nihil
1219 3201 1279 3238 esse
1289 3214 1355 3238 ram
1369 3206 1537 3236 munitum
1551 3205 1586 3236 in
1599 3203 1725 3236 mundo
1736 3224 1746 3238 ‚
1765 3205 1819 3237 cui
1832 3204 1884 3237 dia

49 3247 179 3282 ruendo
190 3259 260 3281 non
269 3245 307 3281 sir
337 3258 370 3280 at
379 3246 506 3283 futurus
521 3247 600 3283 :acsi
610 3248 745 3285 diceret,
758 3249 835 3282 Scio
844 3249 998 3294 equidem
1009 3249 1109 3296 quam
1121 3248 1309 3298 superbiant
1318 3249 1383 3284 suis
1394 3262 1445 3283 am
1450 3249 1551 3296 pullis
1558 3250 1603 3284 ho
1609 3252 1715 3284 mines
1727 3250 1883 3289 carnales.

48 3299 86 3330 δε
94 3295 197 3343 quam
207 3293 342 3329 fastuose
355 3306 392 3329 ac
400 3293 506 3332 secure
517 3309 571 3330 me
580 3307 810 3331 contemnant:
821 3294 910 3343 quasi
921 3295 1008 3333 nihil
1018 3299 1053 3331 in
1064 3310 1116 3332 me
1127 3297 1164 3332 sit
1175 3297 1235 3333 nisi
1250 3297 1378 3333 humile
1394 3301 1426 3332 δι
1446 3296 1613 3331 sordidum
1626 3309 1633 3329 ε
1657 3296 1714 3345 ipsi
1725 3310 1835 3333 autem
1848 3302 1884 3334 in

48 3341 117 3378 alto
135 3342 265 3389 fastigio
277 3340 340 3376 sint
347 3341 511 3377 collocari.
532 3344 593 3378 Sed
604 3342 699 3379 stulta
711 3345 755 3378 est
766 3356 883 3379 eorum
900 3344 1103 3380 confidentia
1115 3359 1122 3380 :
1134 3346 1358 3394 praeualebunt
1379 3346 1469 3379 enim
1490 3357 1580 3379 arma
1589 3346 1732 3380 Domini
1742 3365 1751 3383 1
1763 3346 1885 3393 quibus

47 3401 178 3439 pugno,
188 3388 338 3426 aduersus
347 3393 461 3426 omnia
470 3390 730 3440 propugnacula,
741 3391 863 3440 quibus
872 3391 988 3428 confisi
1000 3392 1294 3442 ,inexpugnabiles
1304 3391 1336 3430 se
1347 3390 1407 3427 effe
1419 3393 1568 3428 credunt.
1588 3393 1691 3428 Porro
1702 3406 1808 3440 quum
1817 3394 1880 3442 du-⁴

661 3451 680 3469 l
1611 3444 1655 3477 Aa
1693 3444 1753 3488 iiij.
