2268 3705
318 110 411 146 106·
831 104 931 154 IN
978 103 1575 159 EPIST-PAVLI

126 566 207 591 LCor.
219 572 323 600 10.e.23.

337 179 486 226 primum
497 169 613 211 loetim
623 177 659 212 in
670 173 829 211 omnibus
840 176 1031 212 actionibus
1044 177 1164 211 nostris
1175 175 1293 210 habere
1303 198 1315 214 ,
1334 173 1482 221 adeoque
1493 173 1559 208 illis
1569 171 1695 222 praeeffe
1704 172 1833 214 debent.
1851 175 2020 211 Edendum
2030 177 2077 212 est
2086 180 2181 214 enirn*

337 237 373 260 vt
387 225 740 260 viuamustviuendum
752 235 788 259 vt
799 223 978 260 seruiamus
986 227 1153 259 Domino.
1175 223 1237 257 me
1246 234 1355 257 autem
1366 225 1522 257 Domino
1534 221 1648 259 seruit,
1665 224 1724 269 qui
1734 222 1970 260 beneuolentia
1981 229 2013 259 ὃς
2025 228 2182 261 comitate

338 276 533 321 proximum
545 272 692 309 aedificat.
719 275 781 308 His
793 275 884 315 enirn
895 272 1026 307 duobus
1041 292 1050 310 ³
1060 272 1240 306 concordia
1251 276 1283 306 δε
1296 270 1512 305 aedificatione
1524 272 1740 305 continentur
1751 269 1816 305 fei-e
1828 275 1944 306 omnia
1954 273 2121 309 charitatis
2131 276 2182 308 of-

340 321 424 356 ficia.
459 322 494 355 ld
507 335 548 357 ne
558 325 652 371 parui
666 321 851 368 fiat,repetit
864 327 964 367 quam
975 318 1126 368 posuerat
1135 317 1328 353 sententiam
1344 345 1353 359 ‚
1365 319 1479 353 cibum
1491 317 1743 366 corruptibilem
1752 326 1822 354 rem
1837 320 2007 368 indignam
2020 320 2078 356 eise
2088 325 2183 357 cuius

339 368 435 405 causa
446 368 616 418 diffipetur
625 372 771 405 Domini
783 367 973 402 aedificium.
984 367 1184 413 Vbicunque
1195 370 1285 401 enim
1297 366 1349 401 vel
1357 366 1498 401 scintilla
1508 367 1550 400 est
1561 369 1689 413 pietatis
1699 391 1710 404 ‚
1728 367 1798 402 illic
1808 381 1894 415 opus
1904 371 1966 402 Dei
1982 381 2111 405 cernere
2122 373 2164 405 est
2172 385 2182 405 :

341 418 433 466 quod
443 419 672 455 demoliuntur
683 420 741 464 qui
753 416 807 453 sua
817 419 1073 463 importunitate
1085 415 1276 462 perturbant
1288 414 1456 449 infirmam
1468 415 1573 449 adhuc
1584 414 1831 450 conscientiam.
1842 416 2041 452 Notandum
2052 419 2129 453 verb
2141 421 2185 454 est
2211 417 2218 425 ²

340 469 415 516 paci
428 465 682 502 aedificationem
694 466 770 499 ideo
781 465 930 511 adiungi,
941 466 1019 510 quia
1030 464 1198 497 interdum
1213 466 1316 498 nimis
1326 463 1502 498 liberaliter
1513 462 1570 496 alii
1580 462 1651 498 aliis
1662 462 1839 511 indulgent
1849 487 1859 501 ‚
1879 475 1913 498 vt
1926 465 2108 512 plurimum
2120 481 2183 501 no-

341 527 436 551 ceant
447 513 505 550 suo
521 515 692 561 obsequio.
707 516 820 559 Qare
831 513 867 545 iu
879 511 1082 558 obsequendi
1092 511 1198 546 studio
1209 512 1370 546 tenendus
1382 513 1424 545 cst
1439 509 1837 559 delectus-,spectandaque
1848 512 1983 553 vtilitas,
1996 525 2031 548 vt
2044 514 2132 554 fratri
2142 514 2184 550 li-

339 563 456 598 benter
465 564 629 597 donemus
651 561 812 608 quicquid
822 557 1010 595 adsalutem
1023 562 1091 595 eius
1103 560 1283 594 iuuandam
1294 560 1431 607 prodest.
1448 561 1539 593 Sicut
1551 558 1630 594 alibi
1639 558 1759 593 Paulus
1768 560 1927 595 admonet
1940 586 1950 599 ‚
1961 564 2089 596 Omnia
2099 564 2186 598 mihi
2226 595 2227 599 ,

340 611 455 649 licent,
465 610 518 646 sed
532 624 602 645 non
617 612 732 644 omnia
742 609 931 656 expediunt,
946 621 1025 643 mox
1035 611 1199 643 rationem
1209 610 1358 646 annet-'tit
1369 631 1377 644 ‚
1400 610 1560 654 quianon
1571 610 1687 645 omnia
1697 606 1867 644 aedificant.
1879 610 1999 655 Neque
2008 614 2105 645 etiam
2118 610 2186 646 fru-

341 662 401 696 stra
411 664 531 694 iterum
543 658 701 695 inculcat,
719 657 906 706 Nepropter
914 656 1024 695 cibum,
1038 655 1225 704 significans
1237 653 1267 693 [e
1277 655 1508 690 abstinentiam
1518 669 1589 690 non
1603 658 1741 703 exigere,
1755 659 1867 703 inqua
1879 656 1932 692 liat
1943 661 2187 705 pietatis-iaetu-

340 708 483 750 ra,licuti
495 719 600 755 nuper
607 707 846 753 dixittquanuis
858 718 930 740 non
942 704 1043 740 libere
1053 704 1222 740 vescamur
1232 704 1450 751 quibuslibet,
1462 702 1558 739 sedin
1570 703 1706 742 fratrum
1717 707 1976 752 gra-tianicedani
1982 720 2017 741 us
2032 706 2187 742 cibotum
2238 730 2246 739 .

339 757 408 795 vsu,
422 758 486 790 Dei
496 767 609 790 tamen
620 767 763 802 regnum
773 756 941 801 integrum
955 766 1098 788 manere.
1179 790 1181 792 ,
1278 760 1282 768 ’
1312 794 1315 798 Α
1607 757 1621 790 2,
1636 775 1652 802 ⁴,
1711 772 1715 774 Α
1752 773 1755 776 ,
2129 791 2135 794 ,
2180 754 2182 756 ’
2227 754 2231 762 ’

388 816 428 845 20
483 806 598 839 Omnia
611 802 844 853 qmdempura.)
934 802 966 836 u*
980 803 999 835 d
1010 804 1128 836 omnia
1135 797 1194 837 esse
1207 813 1288 850 pura
1299 801 1380 838 dicit
1394 829 1404 843 ,
1416 803 1458 837 est
1469 798 1688 836 concessionis
1700 802 1808 850 :quod
1819 803 1906 837 addit
1924 826 1933 840 >
1944 802 2006 837 Sed
2015 806 2129 838 malum
2140 805 2188 842 essi,
2227 844 2232 847 ἢ

340 853 454 888 honuni
463 856 516 897 qui
523 864 580 901 per
589 851 772 898 offensionem
783 851 933 894 vescitur,
949 851 993 886 est
1004 853 1228 898 exceptionis,
1243 849 1304 884 acsi
1318 852 1450 889 diceret,
1462 853 1575 885 Bonus
1588 851 1632 885 est
1645 852 1782 897 quidem
1794 849 1888 886 cibus
1899 878 1908 889 ,
1921 850 1973 885 sed
1985 850 2188 891 malaoffen÷
2218 847 2245 885 3¹⁴.

340 902 397 937 sio.
427 902 509 936 Dati
520 913 632 936 autem
645 899 720 935 sunt
738 898 836 934 nobis
846 898 933 939 cibi,
944 902 990 933 ‘vt
1002 901 1042 933 iis
1053 897 1222 934 vescamur
1232 897 1318 934 salua
1329 899 1506 934 charitate:
1518 897 1640 946 polluit
1652 912 1730 947 ergo
1739 898 1831 934 vsum
1841 902 1917 947 puri
1929 900 2015 940 cibi,
2041 901 2189 947 quichai·
2226 899 2251 940 J:

341 954 472 986 ritatem
484 952 518 985 in
530 963 570 984 eo
581 949 695 984 violat.
706 951 752 983 Ex
764 961 803 982 eo
815 945 924 985 infert,
934 947 1063 985 bonurn
1075 945 1135 982 ess'e
1146 947 1304 982 abstinere
1314 948 1354 982 ab
1367 947 1526 983 omnibus
1538 960 1609 994 quae
1618 949 1653 981 in
1663 946 1798 983 fratrum
1810 946 2027 983 offensionem
2039 960 2185 997 vergant.

343 1001 423 1034 Tria
434 1009 543 1033 autem
555 999 673 1033 ordine
683 999 793 1045 ponit,
805 992 952 1040 corruere
964 1019 974 1033 ,
988 994 1107 1043 offendi,
1119 997 1264 1043 infirmari
1273 1022 1283 1036 ,
1295 998 1331 1031 in
1342 997 1433 1031 hunc
1444 995 1533 1030 sensu
1539 1009 1583 1036 ni,
1598 996 1653 1030 Ne
1667 994 1820 1031 fratribus
1831 995 1922 1032 causa
1930 997 2036 1045 lapsus
2048 998 2190 1046 praebean·
2230 997 2244 1041 'J

342 1059 396 1082 tur
408 1071 417 1085 ‚
431 1047 501 1081 imb
516 1059 576 1082 nec
597 1044 790 1081 offensionis
802 1067 812 1082 ‚
831 1044 902 1078 imi>
914 1057 976 1079 nec
987 1043 1202 1080 infirmitatis.
1228 1043 1392 1078 Infirmari
1403 1043 1563 1091 siquidem
1577 1045 1689 1079 minus
1701 1043 1744 1078 est
1756 1046 1856 1090 quam
1869 1048 2055 1093 impingere
2076 1046 2128 1084 vel
2138 1045 2191 1082 of*-

344 1095 447 1131 feudi:
461 1100 495 1131 δε
508 1093 632 1130 offendi
643 1096 754 1128 minus
767 1094 867 1139 quam
878 1093 1000 1127 cadere.
1015 1092 1177 1127 lufirmari
1187 1093 1318 1130 dicitur,
1332 1095 1428 1127 cuius
1437 1091 1647 1128 conscientia:
1657 1094 1833 1141 trepidatio
1844 1092 1956 1141 aliqua
1967 1097 2126 1129 iniicitnr:
2139 1093 2191 1133 ofl-
2226 1097 2251 1135 ἒς,

346 1144 437 1180 fendi
448 1167 457 1182 ‚
477 1147 571 1179 cuius
582 1140 785 1178 conscientia
796 1143 942 1188 grauiori
962 1141 1212 1189 perturbatione
1222 1143 1435 1175 concutitur:
1448 1141 1624 1175 concidere
1634 1164 1644 1179 ,
1665 1144 1724 1188 qui
1735 1142 1989 1188 quodammodo
2002 1142 2162 1178 alienatur
2173 1145 2192 1186 a
2221 1137 2238 1180 :⁸

346 1194 454 1228 studio
469 1192 655 1239 religionis.

402 1254 445 1280 22
503 1247 537 1280 T
541 1256 562 1280 u
564 1238 677 1293 fidem
687 1236 817 1279 habes?
839 1251 859 1276 a
859 1235 936 1293 pud
939 1235 1078 1293 teipfiam
1089 1233 1176 1277 habe
1184 1249 1294 1277 coram
1307 1245 1394 1278 Deo.
1414 1236 1532 1278 beatus
1543 1242 1603 1294 qui
1614 1253 1686 1279 non
1695 1239 1824 1280 iudicat
1833 1235 1982 1295 ft‘Pfi‘m
1992 1243 2031 1281 in
2053 1226 2092 1281 ea
2099 1229 2196 1296 quod
2206 1228 2207 1231 Ἴ

346 1307 537 1336 exammat.

404 1369 424 1393 2
433 1367 444 1400 3
501 1357 579 1408 Qi
589 1349 675 1392 verb
687 1351 838 1405 diiuafficq
843 1350 894 1405 tsi
902 1348 1103 1394 comederit,
1114 1349 1357 1392 condemnatas
1366 1350 1411 1403 {st
1419 1382 1430 1399 ,
1451 1355 1531 1408 quia
1538 1367 1609 1392 non
1620 1352 1752 1406 cxfide.
1779 1351 1963 1410 Qicquid
1969 1350 2052 1394 verb
2063 1369 2135 1395 non
2144 1357 2195 1395 eff

347 1424 395 1449 ex
398 1410 485 1464 fide,
489 1420 663 1466 peccatum
673 1408 727 1462 cst.

394 1499 429 1523 22
479 1486 659 1535 Tufidem.)
682 1488 765 1533 Qio
780 1485 845 1522 fine
855 1484 1166 1528 faciat,demonstrat
1178 1486 1213 1520 in
1223 1497 1293 1531 quo
1302 1480 1399 1519 situm
1412 1481 1447 1519 sit
1458 1481 1591 1518 bonum
1603 1484 1797 1518 Christianae
1806 1482 1967 1519 libertatis
1978 1497 1986 1518 t
1998 1485 2083 1520 vnde
2093 1497 2195 1533 appa·
2218 1493 2221 1496 ’

347 1548 411 1574 ret,
420 1534 483 1570 fals
484 1537 504 1571 ὸ
516 1549 572 1571 eos
583 1538 702 1571 instate
712 1536 909 1574 libertatern,
945 1538 980 1570 ui
990 1539 1026 1570 in
1037 1533 1093 1569 vsu
1105 1533 1195 1568 illius
1206 1545 1385 1580 temperate
1397 1531 1454 1567 fibi
1466 1533 1626 1567 nesciunt.
1644 1534 1737 1567 Dicit
1749 1545 1839 1579 ergo,
1850 1535 2007 1573 notitiam
2018 1532 2194 1572 libertatis,

347 1597 454 1633 quum
467 1584 542 1618 fidei
554 1583 604 1625 sit,
620 1586 732 1619 Deum
743 1584 876 1633 proprie
887 1548 1134 1631 respiceretetgo
1145 1584 1204 1629 qui
1214 1582 1375 1618 eiuimodi
1383 1581 1580 1616 certitudine
1591 1583 1743 1628 praeditus
1757 1582 1811 1618 est,
1824 1594 1901 1617 eum
1911 1579 2121 1616 conscientiae
2130 1584 2196 1618 tra-

347 1632 514 1680 quillitate
528 1645 640 1668 coram
651 1635 725 1667 Deo
739 1644 938 1667 contentum
949 1629 1009 1666 esse
1020 1643 1152 1680 oportet
1162 1644 1170 1665 :
1180 1642 1289 1676 neque
1298 1642 1383 1677 opus
1395 1630 1438 1664 est
1447 1632 1560 1666 venire
1571 1631 1606 1663 in
1619 1627 1850 1676 polseffionem
1864 1642 1977 1663 coram
1986 1630 2196 1666 hominibus.

344 1684 388 1718 ,Se
418 1683 505 1716 uitur
518 1694 598 1729 ergo
609 1679 756 1730 peruersa
765 1680 906 1716 libidine
916 1679 986 1717 fieri
999 1706 1009 1720 ,
1019 1678 1040 1714 fi
1051 1678 1204 1714 infirmos
1222 1677 1334 1713 fratres
1348 1680 1383 1713 in
1393 1676 1447 1712 esu
1458 1680 1608 1712 carnium
1619 1675 1839 1711 offendimus:
1851 1681 1929 1723 quia
1939 1677 2031 1712 nulla
2041 1680 2080 1713 ad
2092 1679 2124 1713 id
2135 1692 2196 1714 ne·-

347 1733 397 1765 cel
412 1741 472 1764 itas
484 1742 546 1765 nos
559 1729 712 1778 impellit.
732 1730 898 1765 Caeterum
910 1729 1016 1776 liquet
1026 1727 1120 1763 facile
1135 1729 1236 1774 quam
1249 1739 1417 1775 perperam
1428 1727 1447 1760 a
1456 1724 1631 1760 nonnullis
1641 1725 1877 1772 detorqueatur
1886 1725 1940 1760 hic
1951 1725 2057 1765 locus,
2068 1730 2127 1774 qui
2141 1729 2194 1762 in-

348 1779 390 1815 de
400 1778 567 1826 colligunt
579 1791 652 1813 non
663 1777 778 1813 referte
789 1777 930 1825 qualiter
941 1777 971 1812 se
982 1775 1120 1824 quisque
1130 1787 1219 1823 gerat
1227 1778 1262 1810 in
1272 1772 1484 1810 obseruandis
1494 1773 1598 1808 stultis
1608 1785 1645 1809 ac
1655 1771 1878 1822 superstitious
1888 1778 2106 1812 caeremoniis,
2115 1789 2196 1815 rno-

349 1827 393 1862 do
404 1826 607 1862 conscientia
643 1839 698 1862 uta
710 1828 798 1875 apud
805 1829 918 1862 Deum
929 1836 1070 1862 maneat.
1081 1823 1183 1860 Nihil
1192 1826 1283 1859 enim
1293 1825 1406 1860 minus
1417 1822 1525 1857 voluit
1533 1821 1703 1860 Paulus>vt
1712 1822 1913 1858 contextus‘i
1939 1822 1969 1857 se
1979 1824 2122 1858 testatur:
2132 1831 2196 1859 'cae-

350 1875 578 1922 temoniaeque
590 1839 638 1910 ad)
2169 1913 2170 1916 Ἴ
2246 1908 2247 1912 ,

352 1938 396 1960 ne
405 1924 567 1964 auellunt,
579 1923 649 1959 Soli
658 1924 834 1959 detrahunt
843 1922 939 1959 suum
949 1921 1104 1957 calorem.
1127 1922 1247 1957 Paulus
1267 1922 1348 1955 vero
1362 1919 1448 1956 nihil
1457 1919 1521 1954 tale
1532 1918 1587 1954 hic
1596 1922 1732 1954 tractat:
1750 1918 1802 1954 sed
1811 1919 1941 1954 tantum
1952 1918 2094 1968 disputat
2103 1921 2142 1955 de
2153 1920 2195 1955 li-
2246 1921 2253 1937 ”

350 1973 432 2008 bero
442 1972 508 2008 cibi
519 1976 552 2006 &
565 1983 667 2020 potus
679 1971 748 2007 vsu.
798 1975 914 2006 Beatus
923 1973 977 2017 qui
988 1984 1046 2006 non
1055 1969 1315 2018 iudicatseipficm.
1365 1968 1432 2004 Hic
1446 1969 1563 2002 docere
1572 1967 1643 2002 vult
1651 1966 1799 2015 primum
1810 1980 1876 2014 qua
1885 1968 2195 2016 rationelegitimus

355 2020 456 2058 nobis
469 2020 524 2055 fiat
532 2021 703 2055 donorum
713 2023 777 2055 Dei
788 2019 871 2055 vsus:
881 2020 999 2055 deinde
1009 2030 1174 2066 quantum
1185 2018 1465 2065 impedimentum
1474 2015 1511 2051 sit
1520 2018 1763 2063 ignotantia,ne
1775 2019 1819 2050 im
1824 2019 1949 2064 peritos
1960 2015 2042 2051 vltra
2053 2016 2195 2052 infirmi·
2244 2046 2245 2050 ,

353 2073 430 2105 tatis
442 2068 502 2104 sua:
515 2070 655 2103 modum
666 2081 851 2117 vtgeatuus.
878 2068 939 2103 Sed
956 2065 1144 2115 generalem
1155 2069 1253 2114 ponit
1261 2064 1457 2101 sententiam
1472 2078 1544 2111 quae
1565 2065 1606 2098 ad
1617 2077 1734 2099 omnes
1743 2066 1892 2100 actiones
1905 2067 2099 2100 extenditur.
2111 2066 2194 2107 Bea-
2242 2092 2245 2095 -

353 2130 420 2156 tus,
431 2115 615 2164 inquit,est,
629 2119 687 2164 qui
699 2131 770 2152 non
781 2117 825 2151 est
834 2116 893 2152 [ibi
905 2116 990 2151 male
1004 2113 1166 2151 conscius:
1176 2113 1198 2149 fi
1210 2114 1345 2161 quidem
1355 2113 1440 2149 faeta
1450 2111 1503 2147 sua
1513 2115 1574 2147 rite
1584 2115 1758 2147 examinat.
1773 2114 1956 2160 Contingit
1968 2117 2058 2148 enim
2071 2113 2195 2162 pleros-

354 2180 420 2214 que
429 2166 594 2214 designare
604 2164 740 2214 pessima
748 2164 896 2200 facinora
913 2164 980 2200 sine
990 2163 1106 2210 aliquo
1127 2162 1337 2199 conscientiae
1347 2161 1501 2210 scrupulo
1513 2176 1521 2195 :
1538 2159 1590 2196 sed
1600 2162 1634 2195 id
1644 2161 1690 2199 lit,
1702 2163 1780 2208 quia
1788 2161 1902 2196 clausis
1913 2161 2019 2196 oculis
2032 2173 2152 2197 temere
2165 2161 2194 2197 se

356 2218 548 2264 proripiunt
568 2215 637 2260 quo
647 2213 708 2248 fert
717 2226 800 2249 caeca
812 2218 845 2248 δε
856 2211 976 2248 furiosa
985 2214 1092 2247 carnis
1102 2213 1370 2260 intemperantia„
1392 2209 1543 2250 Multum
1554 2210 1632 2244 vero
1643 2212 1728 2244 inter
1737 2210 1904 2258 stuporem
1914 2222 1951 2244 ac
1965 2211 2129 2245 iudicium
2139 2214 2193 2249 in-

355 2264 463 2298 terest:
474 2266 533 2310 qui
545 2274 623 2310 ergo
633 2262 799 2297 delectum
809 2260 908 2296 habet
917 2264 952 2296 in
962 2260 1058 2295 rebus
1068 2284 1079 2298 ,
1105 2259 1162 2295 ille
1171 2260 1193 2294 si
1204 2259 1307 2308 probe
1318 2260 1471 2294 aestimata
1479 2271 1512 2293 re
1524 2262 1557 2293 &
1569 2257 1726 2306 perpensa
1742 2271 1813 2293 non
1828 2259 1998 2293 mordetur
2009 2259 2099 2293 malo
2109 2271 2193 2301 con-

355 2310 498 2347 scientia:
508 2309 829 2348 testimonio‚beatus
841 2311 895 2345 est.
910 2310 1001 2346 Nam
1021 2308 1089 2343 sola
1098 2308 1167 2343 haec
1177 2307 1328 2343 securitas
1339 2306 1442 2342 facere
1460 2307 1566 2355 potest
1576 2317 1610 2341 vt
1621 2318 1720 2354 opera
1728 2307 1837 2341 nostra
1847 2308 1921 2341 Deo
1932 2306 2093 2354 placeant.
2116 2309 2200 2343 Hoc.

357 2361 460 2396 modo
471 2361 608 2407 eripitur
619 2361 728 2394 inanis
738 2357 901 2394 excusatio
911 2370 1012 2405 quam
1022 2356 1173 2405 plerique
1182 2369 1219 2391 ex
1227 2358 1416 2404 ignorantia
1427 2356 1646 2403 praetendunt,
1657 2367 1763 2401 quum
1775 2359 1953 2402 torpore&
1970 2353 2117 2390 socordia
2128 2358 2193 2390 im-

357 2408 493 2457 plicitus
505 2407 540 2442 sit
551 2421 668 2442 eorum
679 2419 777 2442 error.
799 2409 832 2442 Si
843 2409 934 2442 enim
943 2404 1104 2441 sufficeret
1112 2405 1202 2440 bona
1211 2408 1326 2452 (quam
1336 2408 1469 2448 vocant)
1481 2405 1626 2438 intentio
1635 2430 1645 2444 ,
1668 2401 1908 2450 superuacuum
1920 2401 1995 2443 effer
2005 2417 2140 2440 examen
2148 2428 2159 2442 ‚
2175 2406 2194 2440 a

356 2469 427 2504 quo
437 2457 492 2491 hic
503 2458 568 2490 Dei
577 2458 715 2504 Spiritus
727 2456 909 2490 hominum
920 2455 1005 2490 faeta
1014 2455 1160 2489 aestimat.
1914 2490 1918 2497 ι

405 2516 437 2549 23
485 2505 554 2552 Q
562 2502 633 2538 verb
645 2502 817 2548 dizudicat.)
867 2503 1009 2552 Optime
1022 2515 1091 2537 vno
1102 2500 1203 2536 verbo
1213 2499 1361 2549 exprcffit
1371 2499 1525 2536 affectum
1537 2501 1642 2535 animi
1653 2498 1840 2534 vacillantis
1851 2522 1861 2536 ‚
1887 2499 2048 2534 &incerti
2060 2502 2142 2547 quid
2154 2500 2192 2536 fit

357 2563 444 2601 opus
455 2551 554 2587 fastu.
575 2554 648 2598 Q
660 2555 750 2586 enim
761 2553 918 2587 diiudicat
927 2575 936 2589 ‚
949 2551 1016 2585 huc
1026 2561 1125 2597 atque
1135 2549 1215 2584 illuc
1226 2549 1366 2584 alternat
1374 2573 1384 2588 ,
1403 2553 1437 2584 ὃ(
1446 2549 1546 2583 dubia
1556 2547 1775 2584 inclinatione
1791 2558 1921 2582 tenetur
1929 2545 2095 2596 suspensus
2105 2551 2191 2585 inter

357 2603 463 2635 varias
473 2600 740 2635 deliberationes:
750 2613 855 2646 quum
866 2612 944 2647 ergo
954 2601 1158 2647 principium
1167 2598 1251 2633 boni
1263 2600 1371 2646 operis
1383 2597 1419 2632 fit
1431 2621 1441 2635 ‚
1458 2600 1562 2632 animi
1576 2597 1661 2631 bene
1671 2596 1730 2631 sibi
1738 2597 1824 2644 apud
1837 2598 1949 2631 Deum
1959 2594 2083 2631 conscii
2095 2601 2194 2632 certi-

325 2681 328 2684 .
358 2649 495 2685 tud0,&
507 2647 594 2695 quasi
606 2647 733 2695 placida
744 2647 907 2686 securitas,
919 2648 1005 2683 nihil
1016 2650 1120 2694 magis
1130 2658 1334 2682 contrarium
1347 2647 1392 2681 est
1401 2658 1541 2694 opetum
1552 2645 1739 2680 nostrorum
1750 2644 1998 2692 approbationi,
2007 2646 2108 2691 quarn
2125 2657 2191 2682 tre-

358 2697 496 2748 pidatio.
507 2699 643 2732 Vtinam
655 2696 732 2730 vero
744 2696 829 2732 bene
839 2695 939 2731 infixa
948 2695 1022 2731 esset
1042 2696 1223 2731 hominum
1234 2697 1355 2729 animis
1373 2694 1440 2730 haec
1450 2692 1609 2729 sententia
1619 2717 1629 2731 ,
1639 2693 1725 2728 nihil
1735 2693 1992 2740 aggrediendum
2002 2716 2012 2730 ,
2022 2691 2082 2728 nisi
2100 2695 2192 2741 quod

358 2744 450 2779 cetto
462 2743 612 2779 statueret
623 2747 754 2779 animus
763 2746 838 2779 Deo
850 2755 1024 2792 acceptum
1036 2743 1106 2778 effe.
1116 2743 1200 2778 Non
1210 2745 1255 2778 ita
1264 2745 1300 2777 in
1312 2742 1426 2777 multis
1436 2745 1510 2777 vitae
1519 2742 1667 2790 partibus
1677 2741 1958 2776 tumultuarentur
1968 2741 2192 2781 lioinines‚vel

358 2804 525 2830 nutarent,
538 2793 592 2827 vel
603 2805 689 2828 caeco
700 2795 828 2840 impetu
839 2791 870 2827 se
879 2794 1065 2848 ingererent
1075 2803 1279 2839 quocunque
1289 2804 1345 2825 eos
1362 2794 1446 2838 rapit
1455 2788 1509 2825 sua
1523 2792 1730 2838 imaginatio.
1754 2789 1847 2824 Natu
1856 2788 1879 2823 si
1889 2790 1929 2823 ad
1938 2789 2023 2824 lianc
2034 2791 2191 2825 modestia

358 2842 564 2889 restringitur
575 2843 683 2876 victus
695 2843 945 2887 noster,-ncquis
954 2840 1054 2876 dubia
1063 2839 1264 2875 conscientia
1273 2838 1459 2874 buccellam
1470 2842 1565 2887 panis
1574 2841 1725 2885 attingat,
1739 2839 1841 2884 quaro
1852 2839 1959 2871 maior
1968 2840 2004 2879 in
2012 2837 2108 2873 rebus
2121 2852 2193 2873 ma-

358 2891 459 2924 ximis
468 2888 653 2924 adhibenda
663 2890 706 2924 est
717 2891 850 2924 cautio?
886 2888 1045 2938 chuid
1054 2887 1126 2922 verb
1135 2902 1193 2922 non
1202 2887 1240 2928 el}
1247 2899 1289 2922 ex
1292 2886 1368 2933 fide.
1404 2889 1507 2922 Ratio
1516 2887 1806 2921 condemnationis
1816 2912 1826 2925 ,
1845 2885 1938 2931 quod
1950 2899 2034 2933 opus
2046 2886 2190 2933 quamli-

359 2936 415 2973 bet
425 2941 461 2972 in
471 2935 611 2985 speciem
622 2936 813 2985 praeclarum
824 2936 861 2972 sit
874 2940 907 2972 δέ
918 2939 1101 2985 egregium,
1111 2936 1171 2971 nisi
1181 2939 1269 2971 reeta
1277 2932 1479 2970 conscientia
1489 2933 1663 2968 fundatum
1672 2933 1721 2973 su,
1731 2944 1866 2980 peccato
1877 2936 1967 2980 impu
1973 2935 2192 2981 tatur.Neque

360 2989 453 3022 enim
464 2997 631 3024 externam
643 2997 803 3033 pompam
813 2996 960 3020 moratur
968 2983 1125 3022 De'us,sed
1134 2987 1327 3020 interiorem
1336 2983 1443 3018 cordis
1454 2981 1690 3017 obedientiam.
1714 2981 1769 3015 Ab
1778 2993 1842 3015 vna
1852 2979 1908 3014 illa
1919 2983 2038 3027 pendet
2047 2995 2190 3029 operum

361 3034 554 3069 nostrorum
563 3034 744 3071 aestimatio,
760 3033 863 3067 Porro
878 3032 984 3079 qualis
994 3032 1184 3068 obedientia
1192 3033 1247 3073 est,
1257 3031 1356 3078 siquis
1366 3029 1497 3079 suscipit
1508 3031 1599 3077 quod
1608 3043 1678 3065 non
1689 3028 1852 3077 persuasus
1862 3027 1898 3062 fit
1908 3030 1981 3062 Deo
1993 3030 2166 3077 approbari
2175 3034 2192 3065 ?

361 3082 428 3117 Vbi
438 3095 517 3131 ergo
525 3081 690 3117 dubitatio
700 3081 774 3116 talis
784 3080 839 3118 est,
853 3081 971 3116 meriti)
984 3083 1263 3128 praeuaricationis
1286 3092 1320 3114 ar
1346 3082 1435 3114 uitur
1445 3082 1503 3126 qui
1514 3089 1629 3113 contra
1637 3078 1867 3112 testimonium
1879 3075 2062 3112 coscientiae
2071 3082 2188 3127 pergit.

361 3131 453 3165 Fidei
466 3129 667 3165 vocabulum
679 3129 735 3164 hic
745 3131 884 3178 ponitur
894 3141 954 3176 pro
965 3125 1128 3164 constanti
1140 3132 1244 3164 animi
1254 3092 1458 3177 perffiafione
1467 3154 1477 3168 ‚
1492 3132 1525 3163 ὅ(
1537 3125 1629 3161 firma
1641 3126 1688 3167 (vt
1697 3128 1740 3158 ita
1751 3124 1882 3171 loquar)
1893 3127 2107 3164 certitudine,
2128 3140 2191 3162 nee

363 3191 400 3212 ea
410 3178 569 3225 qualibet,
579 3176 630 3213 sed
639 3191 710 3225 quae
721 3191 759 3212 ex
769 3179 835 3211 Dei
844 3179 979 3211 veritate
988 3182 1149 3225 concepta
1159 3174 1319 3224 finitaque
1327 3177 1505 3224 trepidatio
1517 3175 1759 3210 &incertitudo
1770 3174 1918 3208 actiones
1929 3174 2051 3208 nostras
2062 3188 2192 3215 omnes,

365 3230 582 3272 quantumuis
600 3225 667 3261 alio
694 3228 729 3261 ui
741 3224 1022 3274 speciosasvitiat„
1048 3227 1117 3259 Iam
1128 3237 1233 3271 quum
1243 3228 1299 3273 pia
1323 3237 1417 3259 mens
1428 3222 1587 3271 nusquam
1606 3221 1696 3256 certo
1707 3219 1767 3256 nisi
1779 3223 1814 3255 in
1833 3220 1935 3255 verbo
1943 3222 2007 3256 Dei
2028 3221 2126 3270 poffit
2136 3236 2192 3258 ac—

363 3272 548 3318 quiescere:
569 3288 672 3310 euane
689 3285 770 3310 cunt
779 3273 834 3308 hic
844 3285 963 3308 omnes
976 3271 1086 3307 fictitii
1096 3273 1205 3308 cultus
1216 3300 1227 3314 ,
1244 3277 1278 3308 &
1289 3278 1495 3319 quaecunque
1514 3278 1613 3318 opera
1624 3272 1659 3304 in
1671 3271 1850 3304 hominum
1867 3269 2006 3305 cerebris
2019 3282 2094 3305 nata
2105 3269 2189 3305 sunt.

363 3323 455 3355 Dum
476 3326 565 3356 enim
576 3325 749 3359 damnatur
765 3322 925 3370 quicquid
940 3333 1010 3355 non
1022 3321 1065 3355 est
1074 3333 1110 3354 ex
1121 3319 1183 3355 fide
1194 3348 1203 3361 ‚
1221 3324 1367 3356 reiicitur
1379 3320 1540 3367 quicquid
1557 3331 1627 3353 non
1649 3319 1692 3352 est
1702 3317 1802 3352 verbo
1813 3317 1875 3351 Dei
1897 3316 2065 3353 suffultum
2078 3322 2113 3352 &
2130 3331 2191 3366 ap-

363 3368 551 3416 probatum.
578 3373 784 3418 Qanquam
794 3384 836 3406 ne
855 3370 888 3404 id
899 3369 1035 3417 quidem
1047 3367 1119 3404 satis
1130 3370 1173 3403 est
1182 3393 1191 3406 ,
1204 3367 1304 3404 verbo
1314 3371 1377 3405 Dei
1387 3367 1561 3416 approbati
1571 3367 1664 3412 quod
1673 3364 1811 3400 facimus
1825 3389 1834 3403 ,
1847 3364 1906 3400 nisi
1916 3369 2047 3402 animus
2059 3364 2190 3449 pessm-

2113 3428 2190 3452 ione

641 1876 708 1910 Dei
717 1876 846 1910 cultum
857 1875 1099 1922 institutae‚pars
1110 1885 1248 1921 quoque
1256 1870 1331 1907 sunt
1341 1872 1457 1907 nostrae
1466 1868 1691 1906 confeffionis.
1718 1871 1821 1905 Porti)
1832 1873 1891 1917 q'ui
1927 1872 2003 1905 dem
2014 1873 2032 1906 *a
2043 1870 2196 1908 cofeffio-
2246 1868 2254 1913 ⁴,
