2268 3705
85 978 198 1010 Mae.24.
207 983 273 1010 ae‚36.

288 94 359 144 462‘
799 86 1643 140 lNil-EPIST-PAVLI

299 175 412 210 neque
423 162 604 199 hominum
613 163 773 200 industria
782 161 852 199 fieti
860 162 927 196 hoc
937 160 1138 209 poteratznisi
1148 163 1239 196 Deus
1250 159 1316 208 ipse
1325 182 1336 198 ‚
1346 161 1467 195 virtute
1476 158 1541 199 sna,
1552 162 1705 197 satanam
1715 164 1752 198 &
1761 158 1880 198 omnes
1888 164 1959 201 eius
1971 167 2138 202 ministros

301 210 561 260 compescuisset.
601 211 791 261 Qafiinflee
805 211 871 246 dies
880 210 999 254 Christi.
1018 211 1157 244 Videtur
1167 210 1232 244 hoc
1242 220 1389 256 pugnate
1398 221 1477 244 curn
1496 209 1612 245 multis
1629 211 1803 260 Scripturae
1813 210 1897 249 locis
1907 239 1918 254 ,
1929 213 1987 248 vbi
1996 217 2139 262 Spiritus

300 263 392 295 diem
405 259 463 294 illu
475 262 592 296 instare
602 261 876 310 pronunciat.Sed
886 259 989 294 facilis
1001 260 1045 292 est
1053 256 1289 292 solutiotinstar
1296 259 1389 292 enim
1400 259 1465 292 Dei
1475 256 1622 304 respeetu
1633 282 1644 298 ‚
1656 260 1744 308 apud
1755 273 1856 307 quem
1868 260 1960 296 mille
1970 266 2051 297 anni
2062 262 2139 298 suiir

299 321 461 356 tanquam
470 310 538 344 dies
549 313 772 346 vnuanterea
782 309 824 346 sic
835 308 906 344 vult
915 309 1085 341 Dominus
1096 308 1114 340 a
1125 304 1223 340 nobis
1233 303 1352 340 affidue
1363 309 1524 354 expectari
1534 330 1545 345 ,
1555 319 1589 342 vt
1603 319 1731 344 certum
1740 307 1881 357 spatium
1895 311 2034 345 minime
2044 324 2126 359 prae-

303 359 471 396 fiffliamug
482 359 754 410 vigilate‚inquit
765 373 772 392 :
785 361 862 404 quia
871 354 1002 391 nescitis
1012 356 1101 389 diem
1112 367 1221 401 neque
1231 355 1361 390 horam.
1411 354 1486 389 falsi
1499 366 1608 391 autem
1619 356 1671 392 isti
1681 369 1770 393 vates
1781 370 1866 404 quos
1875 358 1995 393 Paulus
2005 360 2137 399 refellit,

303 424 411 460 quum
422 408 590 461 suspensos
601 422 710 445 tenere
727 406 881 442 deberent
898 404 1080 438 hominum
1089 405 1234 444 animos,
1245 416 1286 438 ne
1297 415 1396 438 morae
1406 404 1502 438 taedio
1513 402 1727 454 fatigarentur
1737 430 1748 446 ‚
1761 405 1920 441 iubebant
1929 408 1969 441 de
1977 407 2072 443 breui
2081 410 2136 443 ad-

304 472 410 499 uentu
420 458 548 496 securos
561 458 632 495 effe.

361 544 374 579 3
436 534 582 579 Requi&
593 539 661 564 vos
670 523 819 576 decipiat
827 519 904 559 vlla
913 517 1107 571 modozquia
1118 517 1284 574 nistprius
1295 520 1436 558 venerit
1449 514 1654 571 difiessio‚&
1668 518 1734 572 m'fi
1741 517 2135 572 reuelaeusfheritsccle-

303 596 403 625 ratus
414 585 474 625 ille
480 579 738 635 filiuspera'itus
745 607 756 623 ,

360 658 386 691 4
441 635 758 690 tAduerfiirius,&
770 630 866 687 quis}
877 630 1014 672 extollit
1021 626 1189 683 aduersus
1199 644 1299 669 omne
1309 630 1404 684 quod
1409 631 1537 670 dicitur
1551 638 1652 670 Deus
1662 640 1724 670 aut
1730 644 1861 671 numen
1871 646 1882 666 ··
1896 636 1948 674 ita
1960 643 2004 672 ‘vt
2013 633 2084 689 ips}
2094 638 2134 676 ia

302 699 428 754 templo
437 701 507 736 Dei
515 706 549 733 ta
556 708 686 748 nquam
696 687 929 744 Deus-sedeat,
940 684 1265 743 issandensseipfitm
1275 687 1421 743 quafifit
1431 695 1538 726 Deus.

353 759 374 787 6
425 753 551 796 Neqms
559 753 638 793 vos.)
663 749 716 783 Ne
727 747 785 782 fibi
795 747 906 780 lectum
919 745 1158 791 redemptionis
1169 745 1256 777 diem
1267 743 1381 777 frustra
1398 755 1466 778 tam
1476 742 1569 777 breui
1579 746 1789 790 promittant,
1801 745 1890 779 triste
1898 743 1963 779 illis
1973 746 2134 782 vaticinii}

303 804 464 852 proponit
476 801 514 834 de
527 798 636 833 futura
643 795 788 832 Ecclesia:
799 791 1017 840 dissipatione.
1037 792 1158 826 Eadem
1169 784 1298 839 prorsus
1309 790 1378 826 haec
1391 794 1513 826 concio
1531 792 1574 825 est
1587 803 1662 826 cum
1675 791 1730 827 illa
1743 792 1867 827 Christi
1885 805 1951 839 qua
1960 793 2034 829 vsus
2043 795 2086 829 est
2098 808 2134 830 a-

302 852 371 899 pud
381 848 560 898 discipulos
570 873 580 887 ,
593 859 697 893 quum
716 843 877 891 rogassent
887 843 925 875 dc
936 840 1001 875 fine
1009 839 1120 875 seculi.
1156 841 1318 874 Hortatur
1327 843 1418 874 enim
1433 852 1464 874 vt
1475 839 1504 874 se
1513 841 1554 874 ad
1571 841 1651 874 dura
1659 843 1842 875 certamina
1851 852 2058 890 congruent.
2097 849 2135 878 δε

302 899 477 949 postquam
492 897 530 930 de
541 897 693 930 maximis
712 898 744 928 &
766 891 853 940 prius
865 890 1021 923 inauditis
1039 888 1281 923 calamitatibus
1290 886 1434 923 disseruit
1445 913 1455 927 ,
1466 889 1588 936 quibus
1601 889 1703 936 prope
1714 891 1750 924 in
1761 890 1944 924 vastitatem
1954 891 2135 939 redigenda

301 959 367 984 erat
380 959 472 984 tetra,
486 945 630 980 subiicit.
654 943 819 977 Nondum
833 938 892 973 csse
904 936 1016 972 finem:
1026 935 1076 971 sed
1086 936 1155 972 haec
1167 939 1263 971 initia
1272 936 1330 971 eise
1341 936 1511 972 dolorum.
1544 941 1581 971 In
1592 938 1681 972 hunc
1694 939 1833 973 modum
1844 937 1964 972 Paulus
1975 939 2030 974 diu
2043 940 2135 975 rnili-

299 997 398 1033 taudu
406 1009 437 1029 m
451 993 602 1029 fidelibus
617 991 676 1026 ess'e
687 990 894 1038 pronuntiat,
904 998 1082 1033 antequam
1092 987 1131 1019 ad
1140 985 1352 1033 triumphum
1363 989 1507 1029 veniant.
1517 987 1572 1021 Est
1580 998 1690 1020 autem
1703 987 1759 1021 hic
1770 986 1906 1033 insignis
1914 986 2021 1025 locus,
2032 991 2066 1022 ὃ(
2076 1000 2137 1036 ap-

299 1042 405 1095 prime
415 1045 535 1091 dignus
545 1039 800 1076 obser-naturast
810 1037 877 1071 haec
888 1037 996 1082 grauis
1009 1039 1042 1069 ὅ(
1053 1032 1237 1082 periculosa
1245 1037 1471 1081 tentatio‚quae
1480 1034 1533 1068 vel
1544 1036 1685 1070 maxime
1696 1035 1848 1070 cordatos
1858 1033 1961 1083 posset
1970 1039 2137 1076 coemere,

298 1108 335 1131 ac
344 1095 482 1128 deiicere
493 1092 508 1125 ἐ
521 1092 601 1124 statii
613 1103 620 1123 ε
634 1084 925 1131 videte-Ecclesiam
936 1096 1007 1129 quae
1026 1084 1126 1117 tantis
1138 1081 1307 1116 laboribus
1328 1079 1442 1117 sensim
1460 1095 1496 1117 ac
1506 1081 1681 1118 difficulter
1693 1086 1798 1118 erecta
1816 1082 1919 1118 fuerat
1930 1084 2135 1121 mediocrem

299 1147 335 1179 in
349 1142 481 1177 statum,
493 1138 600 1173 subito
612 1134 700 1183 quasi
711 1135 900 1181 tempestate
910 1129 1223 1170 conuulsaimruere.
1233 1131 1413 1165 Praemunit
1423 1143 1503 1178 ergo
1512 1128 1631 1166 Paulus
1642 1139 1712 1166 non·
1723 1130 2063 1168 Thessalonicensium
2076 1147 2136 1169 trio

298 1193 353 1229 db,
366 1190 415 1224 std
452 1190 560 1221 iorum
573 1187 729 1219 omnium
742 1193 869 1216 mentes
880 1195 887 1214 :
897 1191 932 1214 vt
943 1192 1047 1226 quum
1059 1178 1234 1213 Ecclesiam
1254 1176 1398 1226 dissipari
1407 1182 1586 1226 contigerit
1596 1203 1607 1217 ‚
1618 1193 1687 1214 non
1698 1192 1877 1215 terreantur
1889 1180 1977 1227 quasi
1989 1193 2022 1215 te
2032 1195 2136 1224 noua,

296 1240 350 1276 vel
362 1251 432 1274 non
444 1237 623 1284 expediam.
662 1232 724 1266 Sed
737 1233 815 1278 quia
825 1229 914 1264 hunc
926 1228 1041 1262 locum
1053 1227 1141 1262 varie
1150 1224 1312 1262 torserunt
1323 1230 1527 1275 interpretes,
1537 1229 1603 1262 hoc
1613 1229 1724 1275 primo
1734 1229 1900 1277 agendum
1911 1231 1966 1267 est,
1981 1241 2014 1263 vt
2024 1241 2136 1266 tenea-

298 1301 372 1324 mus
383 1287 562 1334 genuinam
577 1280 668 1316 Paiili
680 1278 951 1325 mentemNegat
961 1288 1139 1311 venturum
1149 1276 1273 1310 Christi
1283 1276 1383 1314 diem,
1397 1277 1505 1310 donec
1514 1278 1550 1310 in
1559 1275 1750 1324 apostasiam
1761 1276 1929 1325 prolapsus
1942 1278 2039 1313 fuerit
2051 1292 2136 1316 mun

298 1339 370 1373 dus,
381 1347 418 1369 ac
427 1345 568 1381 regnum
580 1329 774 1366 Antichristi
785 1330 819 1362 in
829 1324 968 1363 Ecclesia
977 1324 1253 1360 obtinuerit2nam
1264 1326 1354 1371 quod
1365 1325 1405 1358 de
1415 1327 1546 1371 imperij
1555 1326 1707 1360 Romani
1717 1325 1902 1362 deiectione
1918 1325 2136 1363 locum'hunc

296 1383 529 1432 exposuerunt,
543 1382 647 1426 magis
656 1377 818 1412 friuolum
830 1376 884 1413 est,
895 1375 996 1422 quarn
1007 1385 1041 1408 vt
1051 1372 1154 1421 longa
1170 1372 1369 1408 refutatione
1387 1385 1472 1420 opus
1491 1373 1618 1408 habeat.
1645 1375 1694 1409 Ac
1713 1377 1817 1410 miror
1838 1385 1905 1409 tam
1919 1374 2044 1409 multos
2056 1374 2138 1412 scri-

296 1432 541 1482 ptores‚d06kos
550 1429 720 1474 alioqui&
732 1437 847 1460 acutos
856 1449 866 1462 ,
876 1427 911 1458 in
923 1436 956 1457 re
969 1435 1036 1457 tam
1048 1420 1137 1457 facili
1147 1421 1369 1457 hallucinatos
1380 1419 1439 1456 elle
1449 1435 1457 1455 2
1468 1421 1529 1455 nisi
1539 1422 1630 1468 quod
1641 1435 1747 1469 quum
1757 1421 1883 1457 errasset
1894 1435 1988 1461 vnus‚
1999 1434 2128 1460 turma-

295 1486 359 1518 tim
370 1481 426 1515 alii
438 1479 504 1514 sine
515 1479 640 1512 iudicio
653 1475 781 1522 sequuti
791 1474 874 1508 sunt.
887 1470 1089 1521 Apostasiam
1100 1483 1179 1519 crgo
1190 1482 1284 1505 vocat
1294 1470 1426 1510 Paulus,
1439 1469 1560 1518 persida
1569 1471 1587 1507 a
1597 1472 1670 1505 Deo
1680 1469 1903 1506 defectionem
1915 1484 1922 1504 ε
1934 1484 1995 1507 nec
2006 1485 2078 1512 earn
2090 1486 2128 1510 v-

293 1534 372 1567 nius
383 1529 533 1564 hominis
545 1525 595 1560 vel
608 1536 803 1574 paucorum,
816 1521 867 1557 sed
878 1534 950 1569 qua:
963 1519 1065 1568 longe
1076 1518 1207 1567 lare'que
1224 1522 1260 1554 in
1271 1521 1390 1554 maiori
1401 1518 1583 1554 hominum
1603 1517 1819 1554 multitudine
1829 1517 1993 1566 grassetur.
2041 1519 2136 1558 Nam

295 1591 401 1627 quum
411 1574 565 1625 apostasia
576 1575 640 1609 sine
649 1574 835 1608 adieetione
847 1572 1054 1606 nominatur,
1065 1581 1135 1602 non
1147 1568 1252 1616 potest
1261 1569 1410 1615 restringi
1420 1568 1459 1601 ad
1469 1579 1605 1615 paucos.
1630 1569 1699 1602 lam
1712 1580 1783 1602 non
1794 1566 1851 1602 alii
1863 1564 1996 1615 possunt
2005 1568 2136 1605 intelli-

294 1630 328 1676 gi
338 1627 500 1675 apostatae,
515 1625 616 1670 quam
626 1624 684 1669 qui
696 1620 784 1669 prius
795 1632 922 1654 nomen
934 1617 1069 1653 Christo
1082 1620 1116 1652 δέ
1129 1616 1315 1664 Euangelio
1332 1617 1502 1651 dederunt.
1561 1617 1710 1651 Praedicir
1723 1628 1802 1664 ergo
1811 1615 1932 1652 Paulus
1943 1614 2133 1664 generalem

293 1676 460 1724 quandam
472 1671 606 1708 visibilis
621 1668 767 1706 Ecclefiae
785 1667 1020 1703 defectionem.
1043 1664 1104 1700 acsi
1114 1666 1248 1703 diceret,
1259 1663 1437 1700 Ecclesiam
1448 1664 1538 1713 prius
1559 1667 1596 1699 in
1609 1663 1773 1699 deformes
1786 1669 1819 1698 ὅ(
1830 1664 2008 1700 horrendas
2019 1669 2133 1703 ruinas

292 1734 425 1773 oportet
435 1723 549 1769 redigi,
563 1721 663 1767 quam
675 1718 827 1752 adueniat
838 1716 936 1764 plena
945 1717 1014 1749 eius
1029 1715 1298 1749 restitutio.Hinc
1307 1712 1464 1761 colligere
1474 1724 1671 1761 promptum
1681 1713 1726 1748 est
1737 1714 1839 1760 quam
1850 1715 1930 1748 vtile
1940 1712 1977 1749 sit
1989 1713 2055 1749 hoc
2065 1716 2135 1752 Pau

290 1772 315 1808 li
326 1770 639 1807 vaticinium:videri
649 1769 739 1801 enim
752 1765 855 1813 poffet
868 1777 939 1799 non
952 1761 1044 1797 fuisse
1051 1764 1117 1797 Dei
1127 1761 1303 1797 aedificium
1311 1764 1404 1809 quod
1416 1762 1525 1810 repete
1537 1762 1685 1796 dirutum
1695 1760 1772 1799 fuit,
1790 1762 1883 1809 quod
1891 1762 2006 1798 tandiu
2018 1765 2054 1798 in
2063 1767 2134 1799 rui—

288 1824 341 1856 nis
353 1823 465 1857 iacuit,
476 1818 536 1853 nisi
548 1817 656 1851 multo
667 1816 742 1850 ante
753 1815 871 1848 Paulus
882 1812 949 1847 hoc
958 1811 1107 1846 futurum
1122 1810 1310 1845 monuisset.
1325 1810 1399 1845 Iino
1411 1810 1562 1858 plerique
1573 1811 1686 1850 hodie,
1697 1823 1802 1857 quum
1812 1811 2004 1846 diuturnam
2014 1811 2130 1847 Eccle-

287 1869 338 1904 siae
349 1867 595 1915 diffipationem
608 1864 717 1899 secum
729 1872 895 1910 reputant,
906 1859 1058 1895 vacillare
1068 1857 1313 1907 incipiunt‚acsi
1322 1861 1387 1893 Dei
1397 1858 1538 1894 consilio
1548 1872 1619 1893 non
1630 1858 1736 1894 fuisset
1745 1858 1813 1893 hoc
1822 1858 2133 1906 gubernatum.Ro-

287 1916 458 1953 manenses
469 1916 544 1950 verb
554 1926 589 1948 vt
601 1912 682 1948 idoli
692 1910 738 1946 sui
750 1910 957 1956 tyrannidem
970 1906 1134 1948 excusent,
1146 1918 1326 1955 praetexunt
1336 1908 1428 1942 hunc
1437 1907 1586 1942 colorem
1598 1921 1605 1941 :
1616 1905 1685 1942 fieri
1695 1920 1767 1942 non
1777 1905 1919 1955 potuisse
1930 1919 1966 1943 vt
1977 1907 2130 1945 Christus

286 1964 440 2014 sponsam
452 1963 542 1999 suam
553 1960 719 1996 desereret.
728 1957 852 1994 Verum
864 1957 985 1993 habent
995 1956 1050 1990 hic
1060 1955 1187 1991 infirmi
1198 1968 1267 2003 quo
1278 1953 1307 1990 se
1315 1954 1613 2003 sustineant,quum
1624 1956 1764 1991 audiunt
1772 1958 1838 1990 iam
1848 1955 1932 1990 olim
1944 1955 2036 1992 fuisse
2046 1968 2130 2005 prae—

284 2016 526 2060 dictam,quam
537 2020 678 2046 cernunt
691 2007 936 2043 deformitatem
945 2008 980 2040 in
988 2003 1129 2040 Ecclesia
1140 2017 1149 2038 t
1159 2002 1425 2039 Romanensium
1436 2003 1513 2038 vero
1525 2005 1735 2052 impudentia
1743 2003 1854 2053 aperte
1865 2003 2035 2043 refellitur,
2048 2009 2129 2053 quia.

283 2063 488 2112 pronunciat
499 2058 617 2094 Paulus
629 2068 802 2101 venturam
812 2054 1035 2089 defectionem
1045 2078 1056 2093 ,
1065 2052 1123 2087 vbi
1133 2051 1191 2087 sub
1203 2052 1329 2087 Christi
1345 2055 1523 2101 imperium
1535 2054 1684 2088 redactus
1692 2051 1791 2088 fuerit
1802 2050 1959 2088 mundus.
1983 2055 2056 2089 Cur
2064 2066 2130 2090 au-

283 2123 352 2146 tem
365 2112 537 2145 Dominus
548 2105 723 2142 Ecclesiam
736 2106 821 2151 (quae
832 2102 943 2138 saltem
952 2100 1135 2144 videbatur)
1147 2103 1191 2136 ita
1200 2099 1327 2135 foediim
1339 2103 1375 2135 in
1386 2101 1525 2136 modum
1536 2099 1665 2148 prolabi
1676 2101 1781 2150 passus
1790 2100 1900 2139 fuerit,
1911 2114 1991 2137 mox
1999 2102 2129 2139 videbi-

284 2172 372 2195 mus.
423 2155 698 2200 Reuelatusfherit.
712 2152 844 2188 Prorsus
853 2151 941 2187 anile
951 2161 1185 2187 commentum
1196 2148 1259 2184 fuit
1268 2150 1307 2184 de
1315 2149 1455 2184 Nerone
1466 2173 1478 2190 2
1487 2149 1578 2197 quod
1588 2161 1699 2198 raptus
1710 2146 1784 2184 esset
1794 2148 1833 2184 de
1845 2150 1985 2185 mundo.
2004 2153 2129 2187 iterum

284 2209 477 2257 proditurus
487 2206 527 2240 ad
537 2204 717 2240 vexandam
728 2202 781 2236 sua
792 2201 966 2247 tyrannide
984 2198 1179 2244 Ecclesiam:
1192 2202 1224 2234 &
1237 2209 1348 2232 tamen
1365 2196 1407 2232 sic
1419 2197 1578 2233 fascinatae
1589 2209 1839 2237 erant,veterum
1853 2207 1998 2237 mentes,
2011 2210 2046 2235 vt
2055 2201 2128 2235 Ne—

286 2270 405 2291 ronem
418 2265 571 2304 putarent
581 2252 650 2287 fore
661 2250 915 2286 Antichristum.
932 2247 1052 2283 Paulus
1064 2259 1175 2283 aurem
1185 2260 1256 2281 non
1267 2247 1306 2281 de
1317 2259 1386 2281 vno
1397 2246 1539 2281 homine
1548 2246 1710 2294 loquitur,
1721 2245 1772 2281 sed
1780 2246 1819 2280 de
1828 2259 1934 2295 regno
1943 2248 2035 2294 quod
2045 2249 2063 2282 ὲ
2071 2250 2145 2283 Sti-⁷

286 2317 364 2340 tana
375 2304 609 2352 occupandum
623 2300 671 2338 sit,
684 2311 719 2334 vt
729 2298 834 2333 sedem
844 2297 1108 2332 abominationis
1119 2299 1154 2330 in
1168 2296 1278 2330 medio
1288 2296 1357 2330 Dei
1365 2294 1496 2344 templo
1507 2298 1608 2343 erigat
1618 2309 1626 2329 z
1637 2296 1728 2342 quod
1738 2296 1889 2330 videmus
1899 2295 2080 2343 impletum
2090 2298 2128 2333 in

284 2355 421 2401 Papatu.
446 2355 560 2388 Latius
571 2351 706 2397 quidem
719 2346 861 2382 defectio
873 2344 1006 2394 grassata
1015 2346 1149 2380 estznam
1158 2345 1370 2380 Mahometes
1381 2370 1391 2384 ,
1401 2355 1437 2378 vt
1446 2355 1512 2378 erat
1522 2344 1666 2392 apostata
1675 2367 1685 2380 ‚
1696 2345 1821 2378 Turcas
1831 2341 1905 2378 suos
1915 2345 1932 2378 a
1943 2343 2080 2380 Christo
2089 2358 2129 2381 a-

284 2402 569 2437 lienauitomnes
580 2400 724 2434 haeretici
736 2395 799 2431 suis
809 2393 902 2431 sectis
914 2393 1061 2429 Ecclesiae
1071 2396 1230 2428 vnitatem
1243 2392 1418 2428 sciderunt.
1434 2394 1482 2426 Ita
1494 2393 1632 2426 totidem
1644 2391 1777 2426 fuerunt
1787 2393 1804 2425 a
1815 2392 1950 2427 Christo
1960 2391 2127 2429 disceffio-

285 2464 353 2485 nes.
371 2452 432 2486 Sed
445 2448 563 2484 Paulus
573 2447 627 2482 vbi
639 2447 818 2481 admonuit
833 2443 931 2478 talem
940 2442 1010 2477 fore
1026 2440 1270 2490 dissipationem
1283 2453 1318 2475 vt
1330 2442 1435 2475 maior
1445 2453 1517 2488 pars
1525 2441 1544 2475 ὲ,
1554 2440 1687 2475 Christo
1697 2439 1873 2476 discederet
1882 2464 1892 2479 ,
1912 2444 2018 2476 maius
2028 2442 2127 2489 quid-

285 2500 359 2533 dam
372 2500 601 2533 additztantarn
611 2496 680 2531 fore
690 2492 1024 2542 perturbationem,vt
1033 2493 1156 2529 Satanae
1166 2492 1307 2525 vicarius
1317 2488 1462 2524 Ecclesiae
1472 2489 1664 2523 dominium
1674 2501 1755 2523 occu
1761 2501 1930 2537 pet,atque
1940 2489 2010 2525 illic
2019 2489 2125 2538 praefi-

286 2548 358 2581 deat
367 2547 444 2582 loco
457 2546 692 2593 Dei'.Regnum
704 2553 814 2577 autern
827 2541 912 2575 istud
920 2539 1184 2575 abominationis
1194 2563 1205 2578 ,
1216 2537 1275 2574 sub
1285 2540 1383 2573 vnius
1395 2535 1538 2585 personae
1548 2539 1689 2572 nornine
1699 2536 1853 2573 describi:
1863 2539 1942 2584 quia
1952 2551 2056 2573 vnum
2068 2539 2125 2579 est,

286 2606 455 2642 vrcunque
465 2594 520 2629 alii
529 2594 602 2628 aliis
616 2591 797 2628 succedant.
828 2590 933 2624 Nunc
944 2587 1139 2635 intelligunt
1156 2589 1311 2622 Lectores
1322 2585 1420 2622 sectas
1431 2598 1549 2621 omnes
1560 2585 1681 2633 quibus
1700 2585 1740 2621 ab
1758 2588 1859 2620 initio
1870 2583 2052 2621 imminuta
2059 2585 2125 2621 fuit

283 2643 435 2684 Ecclesia,
447 2644 586 2678 totidem
597 2640 688 2677 fuisle
697 2639 893 2675 defeffionis
902 2640 1080 2684 riuos,quae
1089 2649 1208 2683 aquam
1218 2637 1237 2670 a
1245 2637 1336 2671 ree’to
1347 2634 1441 2671 cursu
1452 2634 1610 2669 abducere
1621 2636 1747 2682 incepit
1758 2647 1765 2668 :
1777 2634 1896 2670 sectam
1911 2634 1989 2669 vero
1998 2634 2124 2670 Maho-

285 2695 394 2729 metis,
406 2695 438 2726 in
445 2693 502 2726 star
516 2691 677 2732 violentie
689 2688 922 2723 exundationis
932 2684 1034 2723 fuisse,
1045 2698 1116 2732 quae
1127 2686 1300 2719 dimidiam
1314 2683 1388 2732 plus
1399 2686 1511 2718 minus
1519 2694 1643 2730 partem
1655 2681 1714 2717 suo
1723 2685 1852 2730 impetu
1863 2693 1999 2730 raperet.
2009 2678 2124 2719 Resta-

282 2739 340 2778 bat
352 2741 429 2775 verb
441 2751 475 2774 vt
486 2739 642 2774 residuam
654 2749 779 2786 partem
792 2748 922 2770 veneno
932 2734 989 2769 suo
1003 2733 1224 2768 Antichristus
1233 2732 1441 2768 inficeretzita
1449 2731 1557 2767 oculis
1565 2731 1682 2766 nostris
1692 2733 1859 2766 cernimus
1869 2754 1879 2768 ‚
1890 2742 2014 2766 euentu
2024 2743 2123 2766 com-

282 2788 462 2837 probatum
476 2788 566 2823 fuisse
576 2788 640 2822 hoc
652 2783 871 2821 memorabile
880 2782 973 2818 Pauli
984 2785 1194 2818 vaticinium.
1212 2784 1251 2816 In
1261 2781 1322 2816 hac
1332 2780 1538 2828 expositione
1554 2792 1656 2827 quam
1666 2777 1766 2814 affero
1776 2806 1786 2820 ,
1799 2779 1886 2814 nihil
1897 2781 2053 2814 coaCtum
2066 2781 2121 2815 est.

281 2840 326 2873 So
332 2837 504 2873 mniabanr
524 2839 593 2870 eius
613 2838 714 2870 aetatis
725 2833 833 2868 fideles
841 2857 853 2871 ,
870 2830 900 2867 se
910 2832 982 2880 post
1001 2833 1112 2879 exigui
1122 2833 1283 2878 temporis
1303 2830 1467 2864 molestias
1476 2853 1487 2867 ‚
1505 2831 1540 2864 in
1551 2827 1675 2864 coelum
1693 2826 1755 2862 vesse
1766 2826 2007 2869 transferendos
2017 2830 2122 2864 :Pau-

282 2886 334 2922 lus
347 2899 458 2921 autem
469 2897 584 2920 contra
601 2882 816 2931 praedicit,vbi
828 2881 935 2916 hostes
948 2892 1118 2915 extraneos
1128 2878 1319 2926 aliquandiu
1331 2877 1464 2913 infestos
1476 2876 1741 2924 habuerint,plus
1756 2876 1922 2911 malorum
1932 2877 2050 2911 instare
2059 2878 2121 2912 do-

282 2938 330 2970 mi
341 2950 349 2969 z
360 2938 438 2982 quia
450 2932 563 2983 passim
574 2932 758 2979 abripiendi
770 2930 831 2965 sint
841 2930 880 2963 ad
890 2928 1011 2964 foedam
1022 2927 1193 2976 perfidiam
1204 2930 1263 2974 qui
1275 2926 1375 2962 fidem
1387 2927 1521 2961 Christo
1532 2927 1700 2960 dederunt:
1709 2927 1787 2972 quia
1797 2922 1904 2972 ipsum
1914 2925 2120 2973 Deittemplii

281 2981 436 3032 sacrilega
445 2983 616 3029 tyrannide
627 2978 845 3028 polluendum
858 2977 894 3012 sit
904 3002 914 3016 ‚
924 2980 969 3012 ita
978 2990 1013 3011 vt
1026 2976 1095 3011 illic
1105 2978 1297 3011 dominetur
1307 2974 1456 3010 summus
1464 2974 1566 3009 hostis
1577 2973 1710 3008 Christi.
1758 2971 1937 3007 Reuelatio
1947 2972 2003 3008 hic
2012 2986 2075 3022 pro
2084 2988 2121 3008 :i-

280 3045 373 3080 perta
384 3033 565 3078 tyrannidis
584 3025 777 3078 possessione
788 3029 914 3073 capitur
924 3040 932 3060 :
943 3025 1003 3060 acsi
1013 3024 1138 3061 dixisset
1155 3024 1275 3061 Paulus
1286 3037 1358 3059 non
1372 3034 1549 3058 venturum
1561 3022 1649 3056 diem
1660 3021 1784 3056 Christi
1793 3022 1901 3056 donec
1919 3020 2029 3070 palam
2040 3020 2070 3057 se
2079 3035 2119 3057 o·

279 3080 498 3116 stenderirhic
509 3091 666 3124 tyrannus
678 3103 688 3116 ,
699 3080 733 3110 ὅ(
744 3074 832 3121 quasi
843 3087 879 3108 ex
891 3072 1032 3122 professo
1044 3085 1154 3109 totum
1164 3071 1310 3109 Ecclesiae
1321 3072 1473 3107 ordinem
1485 3072 1650 3105 euerterit.
2005 3100 2010 3107 ,

403 3133 437 3164 A
441 3129 623 3172 dueifizrius,
635 3130 673 3167 ά·
687 3128 740 3169 qui
746 3125 780 3167 fi
791 3124 896 3158 extolli
910 3148 917 3156 .
923 3124 943 3163 )
992 3124 1074 3157 Duo
1082 3122 1241 3170 epitheta,
1251 3119 1393 3156 scelerati
1405 3123 1438 3155 &
1451 3118 1511 3167 filij
1521 3119 1799 3167 perditi‚primum
1810 3122 2003 3167 exprimunt
2014 3120 2118 3167 quam

277 3179 442 3215 horrenda
454 3178 489 3213 sit
500 3177 609 3212 futura
618 3172 781 3210 confusio,
792 3185 834 3207 ne
845 3173 891 3205 rei
902 3171 1084 3218 indignitas
1094 3170 1247 3206 infirmos
1258 3172 1390 3204 animos
1410 3167 1563 3216 percellat
1573 3181 1581 3201 ι
1594 3167 1712 3202 deinde
1722 3170 1797 3215 pios
1806 3169 1846 3202 ad
1864 3169 2118 3204 detestationem

277 3230 454 3265 inducunt,
468 3241 509 3262 ne
520 3226 717 3272 degenerent
728 3222 793 3255 vna
803 3219 975 3254 cumaliis.
1001 3219 1105 3254 Nunc
1116 3220 1193 3254 vero
1204 3218 1322 3254 Paulus
1332 3242 1342 3256 ‚
1354 3215 1443 3264 quasi
1455 3220 1490 3251 in
1502 3215 1614 3251 tabula
1622 3217 1775 3263 depingit
1789 3219 1902 3252 vinam
1920 3215 2117 3252 Antichristi.

277 3276 422 3324 effigiem
434 3291 442 3311 ι
456 3288 531 3310 uam
544 3287 581 3308 ex
592 3273 643 3307 his
651 3269 759 3306 verbis
777 3267 934 3315 colligere
949 3279 1147 3315 promptum
1159 3268 1213 3306 est,
1224 3266 1322 3314 quale
1340 3265 1377 3300 sit
1388 3268 1456 3300 eius
1466 3276 1608 3312 regnum
1620 3268 1653 3298 &
1666 3265 1788 3311 quibus
1799 3267 1834 3300 in
1848 3265 1944 3301 rebus
1954 3264 2117 3300 consistat.

276 3329 397 3372 Qum
409 3328 499 3359 enim
510 3319 730 3356 aduersarium
742 3319 911 3357 nominat,
922 3327 1029 3363 quum
1039 3317 1358 3364 dicitartogarurum
1370 3313 1429 3349 sibi
1440 3326 1512 3361 quae
1521 3313 1589 3347 Dei
1601 3315 1736 3360 propria
1745 3312 1819 3348 sunt
1829 3339 1839 3354 ‚
1851 3325 1887 3348 vt
1899 3326 1961 3361 pro
1971 3315 2115 3348 numine

273 3379 312 3411 in
322 3385 388 3408 tem
393 3372 451 3421 plo
461 3368 725 3408 colatundirecte
735 3369 808 3403 eius
814 3377 958 3414 regnum
967 3363 1093 3401 Christi
1103 3376 1208 3414 regno
1219 3366 1376 3413 opponit.
1387 3364 1478 3415 Ergo
1484 3372 1519 3397 vt
1528 3359 1693 3410 spirituale
1703 3365 1807 3411 regni]
1817 3362 1961 3401 Christi,
1975 3363 2021 3396 ita
2028 3360 2117 3397 hane

1962 3419 2114 3454 tyranni-
