2268 3705
336 140 386 178 312
861 105 954 175 m
1004 128 1274 176 Epis‘r-
1325 124 1622 176 PAvti*

332 189 504 254 ΐζιΥῙοὶιὲΜ,
515 195 700 254 Apostolum
705 197 931 255 ffingeremur.
998 241 1002 246 ,
2040 252 2046 254 ὴ

393 269 434 293 10
493 260 522 293 T
528 266 648 294 antam
656 265 890 312 vtpauperum
899 269 1067 295 memores
1075 253 1231 311 effemus
1251 257 1290 293 in
1299 268 1366 310 quo
1379 254 1418 302 ἀ
1431 253 1581 309 diligens
1579 253 1699 309 fui‚vt
1708 252 1768 295 hac
1775 250 1882 309 tpfitm
1881 254 2044 308 facerem.

387 346 412 380 6
426 359 433 362 ἡ
461 341 519 378 Ab
528 346 568 376 iis
578 347 632 388 qui
641 342 854 385 videbantur.)
896 344 1063 378 Nondum
1075 355 1255 378 contentus
1265 342 1308 378 est
1319 343 1452 381 Paulus,
1462 342 1522 377 nisi
1533 345 1633 378 etiam
1644 343 1746 379 sciant
1758 341 1880 378 Galatae
1899 367 1908 380 ,
1918 342 2004 377 nihil
2016 354 2092 377 eum
2107 341 2194 376 didi-

338 389 416 426 cisse
426 392 444 426 ὲ
453 393 551 426 Petro
571 396 605 426 δε
620 392 800 440 Apostolis.
810 392 893 426 hinc
906 390 1060 438 superbiae
1075 391 1226 427 sanorum
1239 395 1349 427 virum
1359 391 1513 427 accusant
1524 392 1726 439 Porphyrius
1739 397 1771 427 ὃ(
1785 391 1932 427 lulianus
1941 418 1951 432 ,
1969 394 2047 438 quia
2059 391 2190 425 tantum

339 439 401 475 sibi
414 451 544 487 arroget
555 464 565 478 ‚
585 452 619 474 vt
633 440 720 475 nihil
729 440 768 474 ab
780 440 854 473 aliis
863 439 982 473 discere
994 439 1168 475 sustineat:
1190 444 1269 487 quia
1279 442 1453 476 doctorem
1465 439 1494 473 se
1507 440 1604 475 nullo
1616 443 1772 488 magistro
1783 439 1834 474 vel
1845 442 1995 474 adiutore
2005 438 2131 474 facium
2145 442 2193 487 ia·¹

340 491 418 524 &etz
436 492 514 535 quia
526 501 699 536 tantopere
710 488 837 522 laboret
847 500 960 534 nequo
972 489 1120 523 videatur
1135 488 1285 523 inferior.
1312 487 1435 524 Veriiin
1445 489 1595 536 quisquis
1609 488 1780 537 reputabit
1792 491 1893 535 quam
1905 487 2079 524 neccssaria
2094 486 2194 521 fuerit

339 538 410 572 haec
420 540 577 572 iactantia
593 562 603 576 ,
618 537 761 570 ianuam
773 539 807 570 ἃ
818 534 948 570 summa
958 536 1053 571 laude
1063 539 1200 585 dignam
1212 536 1303 572 fuisse
1313 536 1480 585 agnoscet.
1490 538 1579 576 Nam
1592 537 1612 572 si
1626 539 1692 573 hoc
1702 538 1834 572 dedisset
1845 537 2032 572 aduersariis
2046 562 2055 576 ,
2068 535 2124 570 sub
2142 540 2192 569 A-

340 585 480 634 postolis
491 583 521 619 se
532 583 713 631 profeciil'e‚
728 583 854 618 duabus
866 596 921 619 eos
935 583 1083 620 armasset
1093 586 1283 621 calumniis:
1297 586 1458 633 siquidem
1471 585 1624 633 protinus
1635 584 1799 620 dixiisent:
1812 587 1962 621 Tandem
1974 585 2101 631 aliquid
2112 596 2193 632 pro-

341 634 445 669 fecisti
461 645 494 667 vt
506 635 685 679 corrigeres
697 634 788 679 quod
799 634 874 667 ante
886 646 1080 681 peccaueras
1096 661 1107 676 ,
1127 641 1160 669 ὅ(
1171 637 1287 682 pedem
1299 637 1317 669 ἐι
1335 637 1509 668 temerario
1523 632 1690 682 progreilii
1700 634 1832 668 referres
1846 638 1911 668 :lta
1921 634 2033 682 primo
2046 631 2193 681 suspecta.

342 680 451 717 fuisset
462 692 531 714 tota
543 679 719 728 superioris
733 685 896 729 temporis
907 683 1111 723 doetrina,&
1124 684 1233 717 diruta
1243 682 1549 717 aedificati02dcinde
1562 686 1597 717 in
1609 684 1778 730 posterum
1787 695 1923 729 quoquc
1937 685 2048 716 minus
2060 681 2193 716 habuii-

346 731 390 765 set
400 730 625 764 authoritatis:
638 732 718 776 quia
728 729 862 765 habitus
872 729 976 765 fuiil'et
985 743 1047 780 pro
1057 732 1186 779 vulgati
1195 730 1368 780 discipulo.
1386 733 1544 766 Videmus
1557 744 1636 778 ergo
1646 742 1681 766 vt
1689 745 1760 767 non
1772 743 1839 765 tam
1850 729 1905 765 sua
1918 729 2021 767 causa,
2032 743 2134 776 quam
2145 729 2194 763 as·

343 778 482 812 setendae
493 778 654 812 doetrinae
667 777 864 816 necestitate,
874 781 909 813 in
920 779 1005 814 hanc
1016 777 1161 815 sane'tam
1173 779 1412 827 gloriationem
1424 778 1654 815 efferatur-‚Hic
1667 793 1738 814 non
1750 781 1793 814 est
1803 791 1970 814 certamen
1982 779 2193 815 ambitionis,

338 829 418 873 quia
432 839 646 873 nequaquam
657 828 697 860 de
709 825 857 874 personis
868 831 994 875 agitur:
1019 827 1154 864 sednon
1167 828 1238 863 vult
1255 829 1375 863 Paulus
1393 829 1654 863 vlliushominis
1665 829 1898 875 magnitudine
1916 826 2083 861 obscurari
2095 826 2193 862 suurn

324 873 576 922 *Apostolatuin
588 901 598 915 ,
613 878 667 909 cui
681 877 837 911 adiuncta
850 888 917 910 erat
925 877 1086 913 dodi-,rinae
1096 879 1289 912 authoritas.
1324 878 1415 924 quod
1430 877 1450 911 si
1464 879 1502 911 ad
1513 890 1608 912 canes
1619 877 1696 911 illos
1706 875 1965 925 compescendos
1977 889 2048 909 nori
2060 875 2193 912 sufficit,

124 1638 274 1672 Daue-rod.
284 1650 323 1675 ¹7·

340 936 461 957 eorum
473 935 585 957 tamen
596 923 750 958 latratum
764 923 895 958 abunde
905 924 1033 959 refutat.
1089 928 1212 972 Qales
1222 925 1520 972 aliqnandofiterim.
1571 927 1651 960 Haec
1663 924 1807 960 seorsum
1818 924 1957 973 legenda
1968 922 2053 958 sunt:
2065 937 2143 958 nam
2156 936 2192 959 vt

339 969 460 1006 scirent
479 969 652 1017 aduersarii
668 970 775 1020 ipsum
802 986 873 1007 non
884 976 1007 1008 morari
1018 974 1201 1009 hominum
1213 976 1492 1009 existimationem
1505 1001 1514 1013 ‚
1527 973 1736 1022 parenthesin
1748 975 1842 1008 istam
1853 971 2065 1020 interposuit.
2082 975 2191 1007 Caete-

338 1021 414 1055 rum
430 1022 516 1055 varie
529 1032 703 1068 exponunt
715 1021 804 1056 hunc
816 1021 942 1056 locum.
955 1023 1150 1058 Ambrosius
1162 1035 1257 1071 putat
1267 1022 1375 1057 obiter
1386 1022 1561 1070 perstringi
1573 1035 1690 1057 eorum
1700 1021 1874 1057 stultitiam
1886 1045 1898 1060 ,
1917 1023 1976 1067 qui
1987 1021 2090 1055 Paulo
2102 1021 2194 1056 obii-

337 1069 472 1103 ciebant
482 1068 663 1116 Apostolos
675 1069 714 1103 ad
725 1081 802 1103 eum
813 1071 1081 1117 deprimendum,
1096 1071 1156 1107 acsi
1169 1073 1301 1106 dicerer:
1315 1071 1417 1117 Qasi
1428 1072 1505 1105 verb
1521 1072 1606 1106 inihi
1615 1085 1687 1106 non
1697 1071 1794 1105 liceat
1807 1069 2193 1118 exciperc‚pauperculos

338 1116 431 1152 fuiise
446 1119 577 1154 idiotas,
591 1117 650 1163 qui
661 1117 747 1151 nihil
757 1129 907 1152 tenerent
918 1132 1032 1166 praetet
1043 1133 1146 1155 artem
1156 1119 1374 1167 piscandinne
1385 1120 1462 1154 verb
1475 1118 1530 1155 sub
1543 1119 1726 1154 Gamaliele
1738 1120 1893 1167 magistro
1904 1117 2086 1154 liberaliter
2096 1120 2113 1152 ἐι
2126 1131 2194 1167 pue

337 1178 376 1200 to
389 1165 480 1200 fuisse
503 1166 669 1199 eruditum
689 1179 696 1200 ε
710 1165 760 1200 sed
771 1167 802 1200 id
814 1178 925 1202 totum
936 1171 1062 1202 omitto
1083 1182 1090 1202 :
1112 1167 1269 1214 quiascio
1280 1169 1367 1215 apud
1387 1170 1498 1202 Deum
1512 1168 1612 1203 nihili
1623 1167 1683 1202 else
1694 1167 1858 1216 personas.
1887 1165 2145 1211 chrysostomus
2157 1175 2193 1203 ὅζ

340 1216 570 1259 Hieronymus
582 1214 696 1248 durius
708 1218 889 1263 accipiunt:
904 1216 994 1262 quasi
1006 1216 1144 1264 oblique
1157 1219 1304 1251 minetur
1315 1219 1415 1250 eriam
1427 1219 1543 1263 primis
1554 1217 1734 1265 Apostolis‚
1747 1220 1782 1251 in
1792 1217 1883 1250 hunc
1894 1213 2032 1250 sensum:
2049 1215 2193 1262 Qles-

339 1275 475 1308 cunque
488 1261 636 1302 iint,non
648 1261 808 1310 effugient
822 1265 885 1298 Dei
898 1265 1075 1303 iudicium,
1087 1266 1108 1300 si
1119 1265 1288 1300 declinent
1300 1264 1341 1299 ab
1351 1264 1553 1300 officioznon
1564 1265 1715 1300 liberabit
1727 1278 1783 1299 eos
1794 1263 1845 1298 vel
1860 1261 1964 1298 officii
1977 1263 2193 1312 digiut.is‚vel

338 1311 523 1345 hominum
535 1312 745 1345 existimatio.
757 1311 846 1346 Mihi
858 1313 925 1347 haec
936 1313 1098 1361 expositio
1118 1313 1302 1366 simplicior
1312 1313 1454 1351 videtur,
1464 1316 1616 1361 &magis
1626 1312 1846 1349 consentanea
1861 1315 1965 1354 menti
1977 1313 2122 1347 Paulinae
2132 1337 2142 1351 ‚
2155 1325 2192 1362 vt

337 1359 499 1394 concedat
511 1362 639 1407 primos
651 1361 788 1406 quidem
812 1362 928 1396 ordine
940 1365 1102 1410 temporis
1112 1362 1216 1402 fuine,
1229 1361 1281 1397 sed
1293 1363 1325 1396 id
1335 1361 1393 1396 sibi
1406 1361 1514 1397 obefl'e
1526 1374 1624 1410 neget
1635 1363 1820 1409 quominus
1831 1361 1970 1407 gradum
1980 1374 2072 1396 nunc
2094 1359 2194 1397 suum

338 1410 460 1456 paritet
471 1419 591 1442 teneat.
601 1408 684 1442 Non
697 1409 779 1443 dicit
792 1408 850 1443 sibi
861 1410 950 1444 nihil
963 1409 1022 1445 eise
1031 1423 1116 1446 curae
1130 1409 1243 1457 quales
1254 1410 1315 1445 sint
1326 1413 1362 1445 in
1372 1409 1555 1458 praesentia,
1566 1412 1618 1446 sed
1628 1412 1667 1445 de
1677 1413 1844 1458 praeterito
1859 1421 2010 1457 tempore
2021 1408 2189 1456 loquitur,
2222 1412 2226 1417 ’

337 1457 487 1504 quoiam
499 1468 591 1491 erant
605 1457 758 1504 Apostoli
778 1480 788 1495 ‚
803 1455 868 1505 ipse
877 1458 1005 1493 alienus
1015 1460 1033 1493 ὲ
1042 1459 1168 1494 Christi
1177 1458 1249 1494 fide.
1263 1462 1300 1494 ln
1311 1457 1450 1494 summa:
1469 1473 1539 1494 non
1550 1460 1623 1494 vult
1633 1472 1670 1494 ex
1682 1470 1831 1506 ternpore
1843 1461 2008 1504 praeterito
2026 1459 2191 1494 existima--

338 1509 470 1540 tionem
483 1504 564 1539 fieri:
576 1516 635 1539 nec
646 1505 865 1552 prouerbium
883 1506 966 1542 illud
980 1508 1086 1542 valere
1096 1511 1131 1542 in
1143 1508 1202 1542 hac
1214 1506 1318 1546 causa,
1332 1519 1368 1542 vt
1378 1511 1437 1555 qui
1448 1520 1598 1556 tempore
1610 1511 1700 1557 prior
1709 1508 1764 1544 est,
1777 1509 1890 1554 potior
1899 1506 1936 1540 iit
1949 1509 2029 1541 iure.
2081 1508 2194 1551 Perfi-

342 1565 415 1587 nam
426 1554 564 1587 homtms.
595 1554 712 1588 Praeter
734 1554 955 1602 expositiones
968 1568 1048 1603 quas
1069 1559 1136 1590 iam
1146 1557 1287 1594 adduxi,
1299 1557 1367 1591 haec
1377 1570 1514 1603 quoque
1524 1560 1619 1591 tertia
1629 1556 1727 1591 habet
1740 1554 1868 1601 aliquid
1881 1554 2003 1589 coloris
2013 1579 2024 1595 ,
2039 1556 2146 1603 Q’d
2154 1559 2192 1592 in

340 1603 460 1638 mundi
468 1601 589 1650 politia
600 1601 716 1636 locum
726 1602 850 1637 habent
863 1602 1020 1651 personae:
1033 1606 1069 1639 in
1084 1603 1247 1652 spirituali
1257 1617 1368 1640 autem
1380 1606 1503 1640 Christi
1514 1618 1619 1653 regno
1628 1601 1776 1639 facessere
1785 1602 1916 1638 debent.
1926 1604 1961 1637 ld
1973 1603 2191 1651 plausibiliter

339 1652 472 1686 dicitur:
481 1663 573 1697 atqui
584 1651 623 1684 de
633 1651 801 1685 mundana
809 1652 928 1699 politia
940 1651 1046 1687 sermo
1058 1654 1101 1688 est
1111 1666 1219 1701 quum
1228 1654 1310 1688 dicit
1321 1655 1593 1695 Dominus,Non
1602 1655 1744 1700 accipias
1754 1650 1926 1700 personam
1939 1654 1973 1686 in
1988 1654 2189 1689 iudicio.Sed

339 1713 403 1748 ego
418 1703 455 1734 in
468 1698 560 1733 illain
571 1697 833 1746 disputationem
844 1714 916 1735 non
926 1703 1106 1749 ingredior:
1119 1704 1198 1749 quia
1209 1702 1295 1737 nihil
1305 1701 1383 1737 facit
1392 1703 1432 1737 ad
1445 1701 1635 1751 praesentem
1646 1704 1774 1736 locum.
1794 1713 1873 1735 natu
1883 1699 2078 1748 simplicitet
2087 1703 2189 1737 intel-

340 1749 420 1797 ligit
431 1748 563 1785 Paulus,
576 1749 713 1795 gradum
724 1748 866 1784 honoris
877 1752 912 1784 in
923 1762 1024 1796 quem
1036 1762 1256 1798 peruenerant
1267 1751 1509 1799 Apostolimon
1519 1748 1675 1788 obstitisse
1686 1751 1874 1796 quominus
1886 1750 1904 1783 ὲ.
1915 1750 1990 1784 Deo
2005 1762 2192 1791 vocaretur,

339 1801 375 1833 &
387 1811 426 1832 ex
438 1796 534 1831 nullo
546 1795 636 1831 fieret
645 1795 712 1830 illis
723 1795 832 1831 subito
842 1800 987 1845 aequalis.
998 1798 1184 1846 quamlibet
1194 1801 1286 1834 enim
1298 1812 1460 1848 magnum
1471 1797 1546 1834 eiset
1555 1797 1732 1834 discrimen
1743 1821 1753 1835 2
1766 1799 1801 1831 id
1812 1799 1899 1844 apud
1909 1800 2022 1832 Deum
2036 1799 2123 1834 nihil
2133 1813 2190 1835 va-

340 1845 446 1886 luiffe,
459 1858 518 1892 qui
529 1842 744 1893 personarum
753 1849 949 1894 acceptione
960 1860 1031 1882 non
1041 1848 1174 1882 ducitur
1192 1872 1201 1886 ,
1213 1852 1247 1882 ὃ(
1265 1851 1360 1883 cuius
1372 1850 1504 1884 vocatio
1515 1847 1617 1883 nullis
1627 1847 1827 1896 praeiudiciis
1838 1847 1881 1881 est
1892 1846 2051 1881 obnoxia.
2064 1849 2127 1883 Sed
2137 1852 2189 1884 vi-

338 1895 409 1930 deri
421 1897 609 1929 etiamnum
627 1891 725 1942 possit
735 1894 801 1928 hoc
811 1893 930 1942 absque
941 1898 1069 1930 ratione
1078 1896 1202 1933 timide:
1214 1909 1292 1930 nam
1304 1908 1339 1931 vt
1348 1909 1464 1931 verum
1476 1896 1524 1934 sit,
1537 1910 1608 1931 non
1618 1895 1835 1943 reipicieudas
1845 1893 1905 1928 esse
1916 1899 2070 1943 pei-ionas
2081 1899 2116 1932 in
2127 1911 2188 1933 ne-

338 1946 437 1991 gotio
448 1944 606 1983 Domini,
616 1942 723 1984 (licuti
734 1942 800 1977 hoc
810 1942 988 1990 diligenter
1001 1945 1188 1979 cauendum
1199 1945 1265 1986 est)
1276 1946 1357 1992 quid
1367 1946 1432 1980 hoc
1443 1947 1483 1980 ad
1492 1947 1626 1980 Petrum
1638 1942 1790 1979 &socios
1802 1943 1995 1992 Apostolos,
2008 1946 2067 1991 qui
2078 1948 2124 1980 n6
2135 1945 2189 1982 so·-

339 1993 371 2027 la
382 1989 521 2039 persona
530 2002 621 2025 erant
637 1990 851 2032 venerabiles,
862 1991 914 2025 sed
925 2005 999 2027 vera
1009 1991 1179 2028 sanCtitate
1192 1997 1227 2028 &
1239 1992 1462 2041 spiritualibus
1474 1994 1572 2028 donis
1582 1996 1596 2028 ἲ
1606 1994 1696 2028 Nam
1706 1991 1846 2027 Persona
1867 1995 1984 2026 timori
1996 1994 2063 2027 Dei
2077 1997 2109 2028 ἃ
2123 1995 2188 2030 bo·-

339 2054 388 2075 nae
398 2038 608 2075 conscientiae
618 2041 991 2087 opponitur,A6t.10.e.3
998 2053 1030 2088 4.
1042 2044 1124 2086 35‚&
1136 2039 1372 2088 1.⁴Petr11.c.17.
1387 2054 1486 2089 atque
1497 2042 1552 2077 hic
1562 2043 1606 2076 est
1615 2044 1810 2077 communis
1830 2042 2004 2089 Scripturae
2023 2041 2107 2076 vsus.
2124 2046 2189 2078 At·

337 2091 397 2136 qui
409 2091 524 2136 pietas,
533 2089 641 2122 teitus
654 2087 758 2125 zelus,
770 2087 1043 2127 sanctimonia&
1053 2089 1173 2124 similes
1182 2089 1252 2124 aliae
1262 2091 1354 2125 dotes
1365 2094 1565 2139 praecipuam
1575 2093 1713 2139 gratiam
1729 2093 1761 2125 ὃς
1773 2089 1940 2123 honorem
1952 2090 2182 2129 conciliabant

349 2135 533 2185 Apostolis.
545 2138 682 2184 perinde
699 2137 777 2170 vero
790 2149 1016 2185 contemptim
1026 2138 1178 2185 loquitur
1189 2138 1243 2175 hic
1253 2139 1372 2174 Paulus
1383 2162 1393 2177 ‚
1411 2140 1471 2174 acii
1484 2139 1571 2173 nihil
1584 2153 1618 2174 in
1630 2139 1705 2187 ipiis
1715 2137 1822 2174 fuillet
1836 2149 1950 2187 praeter
1960 2149 2106 2175 externas
2120 2140 2185 2176 lar-

343 2198 410 2220 uas.
424 2182 778 2232 Respondeo‚P·.1ulum
791 2186 846 2219 hic
855 2186 1011 2222 aestimare
1022 2186 1203 2235 Apostolos
1213 2185 1285 2223 non
1296 2190 1433 2236 proprio
1445 2186 1618 2236 preti0,sed
1626 2189 1765 2222 exinani
1779 2185 2036 2221 aduersariorum
2047 2186 2185 2226 suorum

341 2237 508 2269 iactantia.
518 2247 597 2269 nam
609 2246 678 2281 quo
689 2233 801 2269 fumos
814 2234 887 2268 suos
901 2237 1091 2276 venderent,
1103 2235 1210 2283 plenis
1220 2235 1334 2271 buccis
1343 2237 1546 2271 intonabant
1556 2239 1697 2271 nomina
1706 2237 1804 2275 Petri,
1817 2235 1931 2270 Iacobi
1942 2240 1976 2268 δι’
1987 2238 2136 2272 loannis:
2149 2243 2186 2275 ὃς

340 2284 525 2318 reuerentia
540 2295 611 2329 quae
623 2282 688 2316 illis
707 2282 910 2317 deferebatur
919 2283 959 2318 ab
978 2283 1117 2319 Ecclesia
1126 2311 1136 2325 ‚
1154 2283 1329 2320 ambitiose
1337 2285 1557 2320 abutebantur
1567 2286 1606 2319 ad
1617 2295 1850 2332 contemptum
1863 2284 1965 2328 Pauli.
1987 2285 2070 2319 Non
2081 2289 2183 2334 igitur

338 2331 397 2366 hic
408 2330 529 2365 disserit
539 2329 658 2365 Paulus
672 2330 784 2377 quales
796 2330 855 2365 sint
866 2333 1097 2379 Apostoli‚nec
1108 2335 1189 2385 quid
1198 2335 1236 2367 de
1248 2332 1322 2381 ipsis
1336 2333 1450 2369 sentiat
1464 2333 1600 2382 seposita
1610 2330 1894 2369 contentione2sed
1902 2333 2006 2368 laruas
2018 2333 2090 2368 illas
2100 2349 2185 2382 quas

338 2379 566 2415 obtendebant
577 2378 856 2427 pseudoapostoli,
869 2379 998 2417 refutat.
1009 2384 1096 2428 Ergo
1110 2385 1203 2416 [icuti
1213 2383 1323 2429 postea
1334 2383 1373 2417 de
1385 2381 1638 2420 Circiincisione
1649 2380 1813 2421 transtabiu
1828 2394 1899 2415 non
1910 2393 1947 2414 ex
1957 2385 2097 2430 proprio
2107 2385 2181 2419 ien-

338 2428 444 2469 su,sed
455 2441 491 2462 ex
502 2426 578 2463 falsa
589 2431 754 2476 opinione
766 2432 799 2462 δε
812 2431 917 2476 impia
928 2443 1029 2476 quain
1039 2428 1234 2465 affinxetant
1244 2432 1440 2478 impostores
1452 2430 1513 2467 illi:
1523 2433 1569 2466 i-:a
1579 2433 1781 2465 etiamnunc
1792 2431 1831 2463 de
1845 2429 2016 2478 Apostolis
2027 2444 2182 2479 pronun-

339 2489 411 2515 tiat,
422 2476 508 2512 nihil
520 2475 580 2511 ess'e
592 2479 678 2525 apud
688 2479 799 2511 Deum
808 2477 913 2511 laruas
923 2479 1046 2524 quibus
1058 2481 1092 2512 in
1104 2480 1232 2513 inundo
1243 2476 1466 2527 splendebant.
1477 2478 1576 2526 idque
1588 2491 1624 2514 ex
1635 2478 1742 2514 verbis
1753 2489 1914 2526 patet.cur
1924 2481 2014 2513 enirn
2027 2481 2159 2527 praefetc
2170 2504 2180 2511 -

338 2525 419 2561 bant
429 2525 506 2560 illos
515 2525 642 2560 Paulo?
660 2528 824 2572 quoniam
836 2539 912 2560 eum
930 2526 1162 2574 praecesserant.
1182 2527 1251 2563 haec
1263 2539 1330 2562 erat
1341 2540 1432 2563 mera
1449 2527 1548 2563 larua.
1579 2528 1719 2574 Alioqui
1729 2540 1801 2564 non
1812 2526 1953 2570 dubium
1962 2531 2046 2574 quin
2055 2530 2178 2566 Paulus

316 2598 321 2601 -
337 2587 402 2622 pto
415 2574 570 2621 singulari
591 2573 646 2608 sua
657 2575 814 2609 modestia
834 2573 910 2608 illos
920 2586 957 2608 ex
968 2578 1082 2610 animo
1094 2573 1268 2624 suspiceret
1278 2603 1288 2616 ,
1298 2589 1335 2610 ac
1344 2577 1432 2613 dona
1442 2578 1506 2611 Dei
1518 2579 1553 2611 in
1565 2575 1631 2611 illis
1644 2575 1861 2616 oscularetur,
1872 2578 1933 2622 qui
1942 2574 2021 2613 alibi
2032 2575 2063 2612 se
2075 2581 2161 2614 mini
2171 2601 2184 2610 -

127 2647 270 2682 t.Cor.15.ae.
273 2655 300 2678 9.

339 2636 433 2658 mum
446 2636 482 2656 ex
492 2628 520 2656 A
526 2622 664 2670 postolis
676 2622 762 2656 vltrb
773 2621 904 2664 fatetur,
914 2636 950 2658 ac
960 2624 1139 2671 indignum
1151 2636 1218 2658 tam
1231 2625 1385 2673 praeclaro
1394 2624 1523 2660 ordine.
1549 2626 1588 2659 N
1590 2624 1648 2660 ihil
1654 2625 1738 2660 mihi
1748 2627 1948 2658 contulerunt.
1960 2623 2067 2661 Posset
2077 2630 2180 2665 etiam

337 2671 417 2719 legi,
428 2671 527 2705 Nihil
541 2683 670 2706 mecum
683 2671 910 2705 contulerunt.
929 2672 1016 2706 idem
1030 2675 1121 2707 enim
1133 2672 1271 2707 verbum
1285 2674 1429 2720 estquod
1439 2674 1529 2722 prius
1536 2672 1587 2710 bis
1599 2672 1721 2722 posuit.
1753 2671 1869 2707 Sensus
1881 2683 1994 2708 tamen
2006 2675 2050 2708 est
2059 2687 2181 2716 certus,

332 2720 433 2768 'quod
451 2719 730 2767 Apostoliaudito
749 2720 841 2754 Pauli
851 2721 1056 2768 Euangdio,
1075 2719 1171 2754 suum
1185 2721 1362 2756 exaduerso
1382 2736 1455 2757 non
1467 2721 1667 2771 protulerint
1682 2720 1837 2769 (qualiter
1849 2718 1920 2754 fieri
1941 2720 2022 2756 solet
2035 2722 2089 2758 vbi
2117 2723 2179 2759 ha-

335 2769 432 2804 betur
451 2768 578 2815 aliquid
597 2768 716 2803 melius
736 2772 771 2802 &
791 2767 980 2816 perfectius)
998 2767 1048 2803 sed
1057 2772 1210 2804 contenti
1231 2772 1301 2804 eius
1319 2770 1524 2818 expolitione
1539 2798 1549 2812 ‚
1578 2771 1765 2807 doctrinam
1779 2772 1849 2804 eius
1868 2767 2063 2817 simpliciter
2084 2776 2118 2807 δέ
2134 2773 2176 2808 fi-

337 2833 380 2855 ne
393 2829 487 2852 mora
511 2815 656 2863 amplexi
667 2816 746 2851 sint:
761 2818 805 2850 ita
815 2840 825 2855 ,
843 2820 921 2852 vtin
936 2831 970 2852 re
982 2818 1123 2852 minime
1133 2817 1234 2852 dubia
1244 2844 1254 2857 ,
1272 2818 1406 2853 nullum
1418 2822 1504 2854 inter
1515 2818 1602 2868 ipsos
1612 2819 1750 2854 verbum
1765 2829 2013 2854 commutatum
2024 2818 2097 2856 fuit.
2115 2835 2179 2857 nc⁶

334 2880 401 2915 que
421 2877 534 2900 tamen
553 2876 588 2898 vt
610 2868 734 2916 priores
753 2864 916 2912 loquendi
932 2878 1037 2915 partes
1049 2865 1108 2902 fibi
1133 2866 1255 2900 Paulus
1274 2866 1445 2916 sumpserit
1457 2880 1616 2915 tanquam
1630 2865 1839 2916 ‘praestant-ior
1851 2893 1862 2907 ‚
1888 2877 1924 2900 vt
1937 2870 1996 2913 qui
2015 2867 2088 2904 :iliis
2105 2869 2176 2905 for—

330 2928 425 2954 mam
445 2914 589 2948 dietant:
602 2914 652 2947 led
662 2912 759 2948 fidsm
772 2913 862 2948 suam
871 2915 910 2949 de
922 2927 987 2962 qua
998 2913 1123 2949 suborti
1135 2925 1225 2949 erant
1235 2914 1352 2950 sinistri
1362 2916 1512 2952 rumores
1523 2941 1533 2955 ,
1545 2916 1694 2964 exposuit
1709 2914 1776 2950 :illi
1790 2913 1866 2949 verb
1878 2910 1936 2962 suo
1954 2909 2078 2953 alsensu
2092 2931 2177 2966 pro·

337 2964 468 3000 batunt.
2046 2965 2050 2968 ”
2172 2962 2177 2967 ’

385 3022 406 3057 7
446 3006 507 3046 Imb
516 3012 644 3053 contra.)
695 3011 852 3045 Protinus
861 3013 906 3045 illi
916 3010 1063 3045 dederunt
1072 3010 1220 3046 dexteras
1220 3009 1390 3054 ficietan‘s.
1403 3024 1483 3059 crgo
1493 3011 1724 3046 testimonium
1743 3011 1954 3048 reddiderunt
1966 3014 2038 3049 eius
2047 3015 2175 3051 doetri-

338 3076 396 3098 nre:
410 3061 510 3107 idque
520 3061 601 3094 citra
610 3061 854 3106 exceptionem,
867 3063 945 3107 quia
957 3061 1043 3094 nihil
1054 3060 1237 3095 attulerunt
1247 3062 1363 3094 contra
1377 3083 1387 3097 ,
1399 3072 1432 3095 vt
1445 3065 1480 3094 in
1492 3059 1588 3094 rebus
1597 3059 1818 3095 controuerfis
1831 3059 1898 3094 fieri
1910 3053 1989 3096 solet
2002 3076 2008 3096 :
2031 3067 2064 3098 δι’.
2076 3075 2176 3100 com·

338 3124 441 3145 mune
453 3108 511 3144 libi
521 3120 599 3142 cum
611 3121 651 3142 eo
661 3108 881 3155 Euangelium
894 3107 1024 3156 professi
1035 3107 1128 3146 sunt,
1149 3108 1298 3155 adeoque
1308 3107 1417 3156 ipsum
1435 3108 1570 3156 collegae
1581 3109 1711 3143 honore
1723 3113 1755 3144 ἕξ
1767 3109 1867 3156 gradu
1880 3110 2020 3158 dignati.
2038 3111 2174 3153 Deinde

336 3160 489 3193 conditio
499 3157 598 3191 huius
609 3156 770 3190 societatis·
781 3155 855 3194 fuit,
866 3158 957 3203 quod
968 3159 1160 3204 prouincias
1171 3159 1258 3190 inter
1267 3153 1296 3190 se
1309 3157 1542 3205 partiebantur.
1556 3170 1634 3204 ergo
1644 3167 1734 3191 erant
1752 3158 1907 3203 aequales:
1922 3159 2007 3193 nihil
2021 3161 2056 3193 in
2067 3158 2172 3195 Paulo

335 3207 565 3242 subiectionis.
575 3206 661 3239 Dare
669 3206 795 3240 dextras
807 3204 970 3239 societatis
981 3205 1035 3238 hic
1048 3204 1207 3255 significat
1219 3205 1337 3240 habere
1347 3209 1478 3255 pastam
1491 3205 1691 3241 societatem.
1741 3207 1848 3257 qu⁷71
1858 3206 1999 3252 vidisti-m
2009 3208 2085 3241 mihi
2099 3219 2171 3242 con-

337 3255 495 3289 creditum.
539 3253 650 3300 Negat
665 3253 846 3300 Apostolos
856 3256 890 3287 in
903 3253 967 3287 hoc
979 3253 1034 3287 fibi
1046 3253 1246 3300 gratifica-tos
1258 3253 1329 3292 eise,
1351 3265 1385 3288 vt
1396 3267 1513 3289 eorum
1525 3265 1610 3288 nutu
1620 3253 1671 3287 vel
1682 3253 1893 3289 conceffione
1905 3255 2009 3290 faetus
2019 3255 2057 3290 fit
2076 3258 2173 3303 Apo-

336 3303 449 3337 stolus:
462 3300 512 3335 sed
522 3302 687 3336 honorem
703 3301 916 3349 Apostolatus
927 3301 983 3335 sibi
995 3301 1087 3335 fuiss'e
1097 3301 1213 3336 abillis
1226 3300 1416 3337 concessum
1428 3303 1520 3340 dicit,
1533 3316 1574 3336 ne
1584 3300 1713 3343 tolleret
1726 3304 1818 3348 quod
1830 3305 1920 3338 Deus
1933 3304 2172 3338 dederat.Scm·

338 3365 395 3398 per
407 3352 470 3384 hoc
482 3362 586 3397 vrget‚
597 3348 626 3383 se
637 3350 838 3398 Apostolum
851 3351 916 3384 Dei
926 3351 1017 3384 dono
1031 3354 1063 3384 &
1077 3351 1290 3384 ordinatione
1303 3349 1395 3385 fuisse
1410 3362 1566 3385 creatum:
1577 3348 1629 3384 sed
1640 3348 1694 3384 hic
1705 3352 1856 3398 adiungit
1868 3350 1899 3386 se
1911 3354 2064 3399 agnitum
2075 3350 2170 3387 fuiffe

335 3399 435 3434 talem
448 3399 486 3433 ab
498 3398 573 3447 ipiis
587 3398 770 3447 Apostolis.
789 3400 865 3438 inde
873 3397 1068 3449 sequebatur
1078 3421 1089 3437 ,
1112 3408 1237 3434 tentare
1247 3400 1324 3436 istos
1344 3398 1530 3439 nebulones
1541 3399 1633 3447 quod
1644 3397 1709 3434 ausi
1722 3412 1793 3437 non
1803 3400 1932 3437 fuerant
1944 3398 2116 3449 Apostoli,
2129 3414 2173 3437 ne

2032 3448 2097 3483 Dei
2107 3448 2176 3486 ele.
