2268 3705
640 121 749 168 AD
796 118 1387 171 TIT‘VM·CA1‘·1.
1865 146 1925 187 ,37

86 197 240 246 inpriore
248 192 287 230 ad
296 193 518 230 Timotheum
527 191 671 241 Epistola
681 195 796 227 omnia
805 192 871 227 fere
882 192 1124 241 exposui‚nunc
1136 193 1253 228 leuiter
1261 197 1423 243 attingere
1434 195 1506 232 satis
1517 197 1624 234 fuerit.
1637 198 1804 241 α’νέγκλητον
1814 208 1915 242 intel-

85 246 173 294 ligit,
192 258 263 280 non
273 242 379 290 quiab
389 244 485 276 omni
498 243 581 275 vitio
591 239 627 282 fit
639 243 800 275 immunis
834 241 920 283 (talis
932 244 1177 278 eniminueniri
1187 255 1288 277 nemo
1300 243 1434 291 vsquatu
1448 245 1563 294 poffet)
1582 247 1633 282 sed
1645 253 1703 296 qui
1719 253 1810 287 nulla
1830 255 1915 290 infa-

87 297 155 330 mia
168 304 300 328 notatus
313 290 348 325 fit
359 303 430 336 quse
444 289 493 324 illi
505 292 713 323 autoritatem
728 290 880 337 deroget,
892 290 964 324 vult
976 303 1054 338 crgo
1066 294 1200 338 integrae
1210 290 1271 325 essii
1281 295 1543 329 existimationis.
1568 296 1640 330 Cur
1651 298 1760 334 iubeat
1770 305 1862 336 vuius
1873 317 1912 338 v-

85 345 173 378 xoris
181 344 320 373 maritum
330 338 389 373 effe
399 361 408 375 ‚
430 340 464 372 in
477 339 585 385 priore
595 339 633 371 ad
647 338 867 372 Timotheum
882 339 1036 373 diximus.
1049 341 1142 373 Trita
1152 340 1232 373 adeo
1243 342 1327 375 inter
1335 339 1461 377 Iudaeos
1472 344 1661 391 polygamia
1673 359 1737 381 crat
1748 371 1757 385 ‚
1770 360 1803 382 vt
1813 363 1913 397 praua

84 387 287 426 consuetudo
297 390 332 421 in
344 386 449 434 legem
467 387 712 434 propemodum
725 386 810 421 versa
822 383 906 424 esset.
916 388 1025 468 Siqluis
1036 387 1126 426 duas,
1136 385 1326 436 priusquam
1339 391 1472 425 Christo
1484 404 1609 426 nomen
1621 394 1754 429 dedisset
1764 421 1773 434 ‚
1797 411 1912 434 vxoreg

85 438 235 474 duxerat,
251 448 326 470 eum
340 447 457 481 cogere
467 434 505 467 ad
515 434 646 468 alteram
660 435 893 483 repudiandam
905 434 966 469 fuis
981 447 1011 468 et
1021 436 1245 471 inhumanum
1260 450 1267 469 :
1281 440 1392 485 itaque
1404 440 1494 486 quod
1508 439 1635 487 alioqui
1650 442 1809 479 vitiosum
1833 459 1910 487 crat,

81 484 266 521 tolerabant
278 482 441 531 Apostoli,
454 485 531 529 quia
542 485 704 529 corrigere
717 495 787 516 non
801 494 964 530 poterant.
979 487 1013 517 &
1025 486 1083 530 qui
1094 481 1122 516 se
1135 486 1200 517 iarn
1213 484 1465 532 implicauerant
1487 488 1667 537 multiplici
1678 495 1841 540 coniugio
1851 518 1861 532 ,
1875 510 1911 530 e-

79 531 186 569 tiamst
197 543 321 566 retenta
330 534 426 565 vnict.
436 543 534 565 vxore
542 533 777 578 poenitentiam
788 530 876 566 suam
886 529 992 565 testari
1007 534 1108 579 parati
1119 530 1228 566 essent:
1238 534 1391 569 dederant
1403 548 1512 571 tamen
1525 540 1786 586 intemperantia
1798 541 1859 576 suae
1870 543 1910 577 si—

81 581 296 630 gnurmquod
308 577 409 627 posset
420 591 535 613 corum
546 578 639 614 fama:
653 590 770 613 notam
781 579 927 625 aliquam
939 582 1078 614 inurere.
1106 581 1243 614 Perinde
1254 582 1297 615 est
1309 585 1410 630 igitur
1421 583 1480 619 acsi
1494 585 1619 620 iuberet
1630 588 1749 622 Paulus
1761 613 1771 626 ,
1783 602 1838 624 cos
1850 591 1910 625 eli-

80 632 115 678 gi
126 631 182 676 qui
195 628 311 676 pudice
326 628 580 662 matrimonium
598 627 763 661 coluerint
772 630 924 662 contenti
937 627 1071 676 singulis
1081 628 1248 662 vxoribus:
1270 642 1390 665 arceret
1401 645 1510 666 autem
1527 648 1582 668 cos
1595 648 1740 681 quorum
1753 636 1860 672 libido
1873 643 1907 676 in

83 678 192 729 plures
206 689 320 711 vxores
343 673 475 724 grassata
485 674 582 709 fuerit
592 700 599 708 .
620 677 745 709 Interea
756 676 834 710 vero
847 678 905 722 qui
925 676 1080 711 defuneto.
1093 688 1192 711 vxore
1201 676 1335 711 alteram
1356 681 1419 713 iam
1432 681 1545 715 caelcbs
1558 684 1685 719 inducit
1695 709 1705 723 ,
1730 685 1909 722 nihilomi-

83 739 146 764 nus
165 728 221 760 vni
251 725 381 760 vaoris
403 725 538 757 maritus
549 722 669 758 censeri
687 723 792 758 debet.
819 737 891 760 non
903 727 993 759 enim
1006 724 1197 773 eligendum
1221 725 1319 760 docet
1333 731 1390 773 qui
1403 727 1499 763 fuerit
1521 733 1656 766 maritus
1667 737 1764 768 vnius
1783 739 1905 778 vxoris,

82 773 134 811 sed
145 775 203 820 qui
214 773 261 807 lit.

128 819 256 858 Liberos
264 818 516 865 habensfideles.)
566 822 684 867 Qun
696 822 869 868 prudentia
880 823 912 854 &
924 823 1066 868 grauitas
1075 825 1259 869 requiratur
1270 826 1304 858 in
1315 825 1442 860 Pastore
1452 850 1462 863 ,
1476 829 1545 861 eius
1558 825 1722 875 specimen
1734 834 1767 866 in
1780 831 1908 868 familia

78 868 214 919 spectari
229 871 400 904 conuenit.
410 869 498 903 Nam
510 871 568 916 qui
579 870 717 903 domum
730 868 819 904 suam
830 880 938 916 regere
949 883 1020 904 non
1032 872 1148 917 potest,
1159 873 1334 918 quomodo
1347 875 1494 920 regenda:
1504 877 1647 911 Ecclesiae
1660 892 1715 925 par
1727 883 1797 913 erit?
1812 883 1908 916 dein-

79 921 119 953 de
134 932 204 954 non
216 917 320 965 ipsum
334 917 434 952 modo
446 917 644 965 Episcopum
657 917 779 965 probro
791 929 909 957 carere,
919 915 972 951 sed
982 928 1086 952 totam
1097 919 1237 954 domum
1252 921 1340 966 quasi
1351 922 1495 958 honestae
1507 926 1539 958 S<
1553 926 1635 971 casttg
1642 925 1821 975 disciplina·
1835 929 1907 977 spe,-

78 966 192 1003 culum
204 966 263 1000 else
273 977 416 1013 oportet.
430 966 503 999 ideo
515 966 553 1000 ad
566 966 786 1000 Timotheum
797 976 869 1000 non
883 965 993 1000 minus
1003 968 1150 1003 accurate
1162 968 1318 1003 vxoribus
1329 973 1476 1019 praecipit
1487 971 1599 1018 quales
1610 973 1669 1008 elie
1683 976 1907 1012 debeant.Pri-

77 1015 170 1052 mum
183 1015 260 1049 vero
272 1015 328 1049 hic
338 1016 372 1048 in
382 1013 491 1048 liberis
503 1017 639 1061 requirit
652 1025 684 1048 vt
696 1013 757 1049 sint
768 1013 888 1048 fideles:
902 1015 986 1048 vnde
995 1020 1197 1062 appareat,in
1212 1018 1285 1052 sana
1299 1022 1429 1065 pietatis
1439 1020 1590 1055 doctrina
1603 1026 1634 1056 δε
1648 1025 1769 1057 timore
1782 1026 1906 1060 Domi-

77 1066 114 1100 ni
124 1062 182 1098 else
191 1064 354 1098 educatos.
364 1063 526 1100 Secundo,
539 1076 579 1096 ne
595 1062 654 1096 sint
666 1061 786 1111 profusi
798 1064 834 1097 in
845 1061 974 1097 luxum:
985 1075 1020 1096 vt
1031 1064 1110 1099 hinc
1121 1078 1257 1112 quoque
1268 1066 1401 1113 agnosci
1413 1080 1510 1114 queat
1522 1081 1709 1117 temperans
1721 1077 1751 1106 ἃ·
1768 1071 1904 1120 frugalis

76 1112 238 1147 educatio.
249 1110 378 1147 Tertii),
390 1124 430 1144 ne
442 1109 502 1146 sint
511 1114 700 1159 immorigeri:
714 1114 792 1159 quia
802 1114 856 1145 vix
866 1111 1031 1159 populum
1044 1109 1145 1149 fraeno
1156 1114 1334 1162 disciplinae
1345 1119 1532 1152 contineret
1547 1122 1605 1165 qui
1616 1119 1633 1153 ὲ
1651 1119 1762 1155 liberis
1774 1122 1903 1157 nullam

69 1162 289 1200 reuerentiam
304 1157 354 1193 vel
363 1157 603 1195 subiestionem
616 1160 722 1207 potest
733 1164 916 1207 impetrare.

127 1232 154 1270 7
219 1225 355 1274 Oportet
366 1219 459 1256 enim
470 1217 658 1272 Episcopum
669 1218 727 1272 esse
737 1215 757 1255 ιὶ
770 1219 910 1257 crimine
921 1219 1123 1265 immunem,
1136 1229 1303 1273 tanquam
1314 1226 1384 1262 Dei
1394 1236 1615 1271 aeconomum,
1626 1241 1698 1265 non
1700 1225 1898 1281 praefrali‘k‘,

73 1287 144 1318 uon
149 1275 362 1318 iucundum,
375 1287 445 1312 non
457 1272 629 1323 vinolam,
638 1288 709 1312 non
712 1272 938 1328 percussorem,
949 1288 1020 1312 non
1029 1278 1171 1329 turpiter
1178 1274 1265 1315 lucro
1277 1276 1432 1317 deditum
1453 1297 1462 1318 :

127 1328 148 1370 8
204 1330 273 1370 Sed
275 1327 483 1384 hospitalem,
489 1327 674 1382 studiosam
685 1328 916 1384 benignitatis,
925 1339 1178 1383 temperantem,
1189 1333 1501 1386 iustum‚stm‹ftum,
1515 1337 1740 1383 moderatum,

127 1402 148 1436 9
197 1393 369 1424 Tcnacem
376 1384 491 1436 fidelis
490 1382 661 1437 sermonis
671 1388 732 1439 qui
731 1381 921 1438 secundum
930 1384 1124 1425 dominam
1135 1385 1191 1438 est:
1206 1398 1252 1427 vt
1253 1399 1378 1444 potens
1383 1389 1428 1450 fit
1462 1392 1502 1437 (ῤ’
1513 1391 1603 1431 exho
1608 1404 1659 1431 rta
1664 1399 1692 1433 ri
1695 1408 1761 1450 per
1767 1395 1897 1438 domi-

68 1441 295 1495 namfimam,
309 1442 348 1488 ῤ’
357 1440 620 1480 contradicentes
630 1443 834 1482 conuincere.

119 1510 140 1543 7
191 1499 316 1546 Oportet
327 1498 525 1545 Episcopum.)
575 1498 700 1530 Iterum
712 1498 840 1543 repetit,
852 1509 908 1530 eos
919 1498 978 1543 qui
989 1497 1028 1532 ad
1041 1498 1246 1546 Episcopum
1258 1498 1401 1547 aspirant
1411 1525 1420 1540 ,
1438 1501 1554 1537 debere
1566 1502 1696 1539 illaesam
1710 1506 1830 1542 famam
1844 1509 1892 1544 af-

55 1545 161 1582 ferre:
173 1544 274 1593 idque
288 1557 416 1580 ratione
425 1543 614 1581 confirmat,
625 1547 702 1591 quia
713 1557 817 1591 quum
828 1543 967 1579 Ecclesia
976 1544 1013 1580 fit
1024 1545 1145 1580 domus
1157 1548 1240 1585 Dei,
1251 1548 1399 1595 quisquis
1410 1553 1479 1585 eius
1507 1550 1744 1598 gubernationi
1755 1556 1893 1602 praefici'-

54 1606 136 1635 rtur,
147 1593 252 1628 veluti
264 1605 463 1628 oeconomus
472 1594 536 1628 Dei
547 1591 770 1627 constituitur.
782 1593 887 1640 Atqui
900 1592 984 1627 male
995 1594 1120 1629 audiret
1134 1599 1218 1629 inter
1230 1597 1386 1632 homines
1397 1601 1455 1645 qui
1467 1611 1687 1635 oecouomum
1720 1604 1892 1642 ass'umcret

64 1641 265 1692 probrosum
276 1645 310 1676 δι
320 1639 456 1676 aduersae
466 1639 560 1674 famae
571 1638 684 1688 :longe
695 1653 774 1689 ergo
788 1643 892 1688 magis
904 1642 1095 1689 indignum,
1110 1647 1145 1677 δέ
1156 1644 1267 1679 minus
1278 1645 1530 1687 tolerabile,Dei
1541 1647 1673 1688 familiae
1685 1650 1764 1686 tales
1776 1654 1892 1700 impo-

64 1693 103 1728 ni
113 1689 295 1739 praefec’tos.
308 1689 446 1724 Nomen
455 1686 697 1735 Dispensatoris
707 1712 717 1727 ,
729 1690 820 1736 quod
836 1688 984 1725 Erasmus
995 1690 1035 1724 ab
1043 1693 1197 1738 Antiquo
1222 1694 1399 1742 interprete
1410 1694 1554 1743 positum
1567 1700 1724 1737 retinuit,
1747 1701 1890 1737 minime

63 1741 220 1788 exprimit
230 1735 320 1773 Pauli
333 1749 488 1772 mentem.
500 1736 590 1771 Nam
602 1750 670 1783 quo
681 1741 788 1772 maior
800 1740 835 1772 in
845 1737 998 1772 habendo
1008 1737 1138 1774 delectu
1147 1739 1339 1782 adhibeatur
1349 1754 1425 1776 cura
1449 1770 1460 1784 ‚
1474 1743 1538 1778 hoc
1551 1757 1616 1779 tam
1627 1746 1819 1783 honorifico
1831 1763 1890 1784 en-

61 1790 178 1824 comio
190 1785 422 1834 Episcopatum
433 1795 540 1822 ornat,
553 1785 644 1832 quod
654 1785 691 1820 fit
706 1785 894 1833 praefechira
907 1787 1027 1822 domus
1038 1788 1109 1822 Dei:
1125 1786 1218 1823 ficuti
1229 1790 1267 1822 ad
1277 1791 1560 1831 Timotheum,vt
1572 1792 1649 1828 scias
1665 1798 1841 1841 quomodo
1855 1811 1886 1834 te

60 1834 179 1871 versari
190 1845 342 1882 oporteat
352 1836 386 1869 in
397 1835 500 1868 domo
517 1835 579 1867 Dei
603 1846 676 1880 quae
687 1835 730 1868 est
741 1833 879 1868 Ecclesia
889 1835 953 1868 Dei
965 1837 1045 1873 viui,
1057 1835 1217 1870 columna
1228 1842 1261 1871 ὃ(
1275 1835 1523 1874 firmamentum
1538 1844 1692 1877 veritatis.
1717 1846 1819 1880 Porro
1833 1846 1885 1882 lo-

57 1896 117 1920 cus
126 1883 180 1918 hic
195 1881 324 1917 abunde
336 1883 444 1920 docet,
455 1880 588 1916 nullum
600 1880 660 1927 esse
671 1881 897 1927 Presbyteri&
909 1881 1063 1931 Episcopi
1073 1882 1258 1925 discrimen:
1272 1888 1349 1932 quia
1361 1900 1452 1922 nunc
1462 1887 1605 1924 secundo
1617 1894 1759 1927 nomine
1769 1898 1882 1941 promi

57 1931 132 1968 scut}
145 1930 287 1980 appellat
297 1944 382 1978 quos
417 1930 481 1965 rius
492 1931 626 1964 vocauit
635 1930 936 1976 Presbyteros.1mo
949 1932 1034 1966 idem
1046 1930 1245 1979 prosequens
1256 1946 1675 1985 argumentum,vtrunque
1688 1954 1814 1977 nornen
1827 1946 1862 1979 in
1870 1966 1882 1972 ,

55 1977 242 2016 differenter
251 1980 367 2014 eodem
381 1943 470 2014 sePnsu
482 1977 909 2026 vsurpattquemadmodum
922 1983 954 2014 ἃ
968 1981 1194 2025 Hieronymus
1206 1992 1278 2015 tum
1289 1983 1354 2016 hoc
1366 1982 1531 2022 loco,tum
1544 1988 1577 2019 in
1592 1988 1734 2034 Epistola
1744 1991 1782 2023 ad
1794 1992 1882 2027 Eua-

54 2030 168 2077 grium
178 2030 364 2062 annotauit.
376 2030 485 2074 Atque
495 2027 575 2061 hinc
587 2026 765 2078 perspicere
776 2026 853 2063 licet
863 2027 990 2075 quanto
1001 2026 1075 2074 plus
1087 2027 1233 2064 delatum
1244 2030 1426 2066 hominum
1447 2033 1576 2079 placitis
1590 2034 1688 2072 fuerit
1699 2042 1799 2083 quam
1824 2043 1881 2075 de-

53 2076 160 2113 cebat,
174 2078 252 2123 quia
260 2076 421 2123 abrogato
432 2077 571 2125 Spiritus
582 2076 683 2110 {aneti
697 2072 858 2113 sermone,
870 2075 940 2110 vsus
951 2075 1131 2111 hominum
1141 2076 1278 2113 arbitrio
1296 2079 1646 2129 inductus,praeualuit.
1682 2085 1771 2121 Mihi
1784 2091 1885 2134 quid&

51 2139 125 2167 non
137 2123 285 2172 displicet
297 2124 387 2170 quod
398 2124 502 2158 statim
515 2122 554 2157 ab
566 2122 711 2159 Ecclesiae
722 2124 911 2171 primordiis
921 2135 1090 2172 receptum
1103 2123 1166 2166 fuit
1178 2137 1212 2160 vt
1226 2125 1352 2173 singula
1365 2128 1609 2177 Episcoporum
1623 2132 1765 2182 collegia
1776 2149 1881 2173 vnum

22 2185 27 2190 “
49 2173 199 2221 aliquem
210 2173 451 2207 moderatorem
463 2170 736 2206 habeantzveriim
748 2184 875 2206 nomen
887 2170 992 2208 officii
1004 2173 1096 2219 quod
1111 2174 1205 2208 Deus
1216 2177 1250 2215 in
1265 2175 1450 2211 commune
1468 2179 1626 2214 omnibus
1638 2181 1784 2221 dederat,
1797 2188 1830 2220 i'n
1842 2200 1881 2220 v„

47 2234 134 2263 num
146 2219 253 2256 solum
265 2219 581 2266 traiisferri,reliquis
592 2217 788 2267 spoliatis,&
801 2222 961 2255 iniurium
974 2219 1018 2254 est
1028 2225 1061 2256 &
1072 2220 1256 2257 absurdum.
1268 2224 1398 2258 Deinde
1409 2224 1450 2260 fic
1460 2238 1643 2273 peruertere
1655 2231 1796 2277 Spiritus
1807 2233 1880 2269 san..

52 2270 99 2304 ἂί
108 2268 272 2316 linguam,
283 2279 317 2303 vt
335 2266 432 2304 nobis
443 2268 560 2302 eaedem
572 2279 669 2302 voces
680 2267 767 2302 aliud
781 2269 880 2314 quam
899 2268 1043 2303 voluerit
1056 2262 1241 2316 significent
1253 2296 1262 2307 ‚
1271 2273 1373 2306 nimis
1383 2274 1528 2321 profanae
1539 2277 1679 2312 audaciae
1695 2278 1748 2312 est.
1800 2284 1879 2317 Non

47 2317 246 2368 prefrallum.
294 2317 372 2352 Hoc
382 2318 503 2351 virium
515 2318 550 2351 in
564 2318 587 2351 E
615 2314 729 2364 iscopo
739 2329 810 2351 non
820 2315 875 2351 abs
888 2329 921 2351 re
931 2318 1074 2353 damnat:
1093 2320 1187 2353 cuius
1199 2317 1350 2354 officium
1362 2322 1416 2359 est,
1429 2335 1501 2357 non
1511 2323 1641 2359 tanturn
1655 2330 1796 2362 comiter
1821 2345 1877 2367 eos

51 2368 112 2413 qui
122 2364 210 2400 vltro
220 2365 391 2403 accedunt,
401 2366 548 2411 excipere
556 2378 566 2396 .·
592 2364 632 2398 ed
645 2369 742 2400 etiam
752 2363 881 2402 allicere
892 2363 990 2412 quise
1001 2365 1237 2407 fiibducunt‚vt
1247 2380 1366 2403 omnes
1377 2372 1495 2417 pariter
1505 2371 1639 2408 Christo
1653 2376 1800 2412 adducat.
1812 2383 1877 2413 At-

48 2416 110 2460 qui
121 2411 267 2447 ao’SaZOEem
276 2413 323 2455 (vt
336 2413 477 2461 quadam
486 2413 526 2447 ad
537 2413 686 2446 Dionem
698 2411 842 2460 Epistola
853 2415 965 2460 inquit
976 2414 1082 2459 Plato)
1094 2416 1140 2447 τῖς
1147 2414 1253 2457 ἐρημίας
1263 2416 1301 2452 827*
1314 2411 1435 2458 giroinus]
1458 2420 1524 2454 hoc
1534 2421 1588 2458 est,
1601 2425 1876 2468 pertinacia,durn

47 2460 109 2499 fibi
120 2461 282 2510 quispiam
293 2460 437 2495 nimium
448 2462 595 2496 addictus
607 2462 651 2497 est
664 2484 674 2500 ,
695 2460 943 2496 contubernalis
955 2462 998 2496 est
1010 2461 1209 2499 solitudinis.
1222 2466 1363 2500 Societas
1373 2470 1463 2501 enim
1478 2471 1512 2502 δε
1536 2473 1683 2504 amicitia
1694 2471 1801 2509 foueri
1813 2489 1874 2511 ne-

45 2513 122 2557 quit
131 2509 187 2546 vbi
203 2508 366 2557 quispiam
377 2511 422 2544 ita
432 2508 489 2544 fibi
501 2508 657 2557 placet,vt
667 2509 740 2544 aliis
750 2510 861 2544 cedere
871 2522 907 2547 ac
916 2510 943 2544 fe
957 2512 1209 2546 accommodare
1220 2524 1347 2549 renunt.
1363 2517 1400 2549 Et
1411 2517 1496 2550 certe
1509 2521 1621 2553 omnis
1632 2518 1761 2555 adeddnf
1772 2523 1873 2559 simu-

45 2557 96 2601 lac
106 2557 137 2593 se
150 2557 277 2593 occasio
288 2558 426 2598 dederit,
438 2558 545 2592 statim
561 2556 615 2591 fiet
627 2554 860 2593 schismaticus.
878 2559 974 2593 Vnde
983 2571 1117 2607 apparet
1124 2561 1224 2607 quam
1237 2564 1337 2597 noxia
1348 2562 1384 2598 fit
1394 2565 1490 2611 pestis
1504 2578 1576 2612 quae
1585 2566 1722 2604 dissidiis
1732 2572 1872 2609 Ecclcfii‘i

45 2605 174 2642 lacerat.
185 2608 274 2641 Huic
284 2616 393 2642 autem
405 2608 489 2640 vitio
499 2606 645 2654 primum
657 2605 819 2643 docilitas,
833 2610 866 2640 &
877 2606 993 2643 deinde
1004 2620 1079 2655 erga
1089 2621 1206 2646 omnes
1216 2613 1355 2646 comitas
1373 2615 1407 2646 &
1419 2614 1576 2648 modestia
1587 2621 1783 2663 opponitur.
1796 2609 1871 2656 Nea

46 2667 112 2702 que
121 2657 211 2690 enim
224 2667 369 2702 vnquam
381 2653 464 2690 bene
475 2654 606 2688 docebit
615 2654 807 2702 Episcopus,
820 2656 958 2701 quinon
970 2668 1099 2703 paratus
1110 2655 1146 2691 fit
1159 2660 1259 2692 etiam
1270 2656 1400 2696 discere.
1420 2661 1613 2697 Celebratur
1628 2660 1870 2706 ab'Auoustino

44 2704 204 2752 Cypriani
216 2701 386 2744 sententia,
398 2704 483 2737 Tam
494 2704 655 2752 patienter
664 2703 774 2739 discat,
785 2704 885 2748 quam
897 2701 1036 2738 scienter
1046 2705 1170 2747 doceat.
1185 2706 1314 2740 Deinde
1324 2721 1408 2756 opus
1445 2707 1526 2757 sape
1537 2710 1661 2747 habent
1672 2697 1812 2751 consilio
1833 2723 1870 2753 δε

45 2751 294 2786 monitionibus
303 2748 491 2798 Episcopi.fi
501 2749 647 2786 recusent
658 2750 826 2788 moneri‚fi
838 2749 910 2785 laha
921 2751 1057 2788 consilia
1071 2752 1375 2801 respuant,subinde
1384 2769 1461 2791 curn
1475 2771 1593 2807 magna
1605 2762 1751 2798 Eccleliae
1764 2768 1868 2801 iactu·

43 2810 78 2835 xa
89 2802 269 2848 praecipites
282 2809 386 2835 ruent.
399 2799 598 2835 Remedium
610 2811 690 2847 ergo
699 2799 751 2833 his
762 2798 857 2834 malis
867 2800 966 2837 est‚ne
977 2800 1035 2835 sibi
1045 2799 1179 2850 sapiant.
1192 2800 1352 2843 φιλάγαθον
1362 2818 1485 2840 vertere
1497 2807 1601 2841 malui
1606 2810 1769 2855 studiosum
1780 2812 1867 2848 beni..

35 2851 179 2896 gnitatis,
189 2849 289 2895 quam
299 2859 376 2882 cum
386 2845 531 2884 Erasmo‚
541 2845 706 2882 bonarum
718 2859 837 2882 rerum.
847 2849 943 2883 Hanc
953 2851 1045 2883 enim
1055 2852 1211 2884 virtutem
1226 2863 1302 2886 cum
1314 2853 1535 2901 hospitalitate
1548 2857 1665 2893 Paulus
1677 2864 1819 2896 auaritiae
1830 2867 1865 2898 ὃς

41 2895 190 2943 sordibus
200 2908 370 2944 opponere
381 2897 518 2930 videtur.
569 2897 587 2928 I
589 2893 682 2937 ustum
693 2907 790 2930 vocat
804 2898 861 2942 qui
873 2898 1070 2934 innocenter
1080 2897 1221 2936 versatur
1232 2901 1319 2936 inter
1328 2903 1496 2938 homines.
1535 2906 1739 2948 Sanflitas,ad
1751 2910 1864 2946 Deum

39 2943 224 2992 respectum
238 2944 343 2979 habet.
355 2957 432 2978 nam
446 2947 481 2978 &
490 2943 583 2978 Plato
594 2944 661 2978 duo
673 2943 740 2978 haec
751 2944 792 2979 sic
803 2945 985 2992 distinguit.

89 3003 109 3037 8
148 2992 183 3027 T
183 2995 397 3037 enacem,&c.)
446 2993 525 3026 Haec
536 2991 614 3027 vero
626 2994 732 3040 prima
741 2993 800 3028 dos
812 2993 856 3026 est
867 2991 1018 3041 Episcopi
1029 2997 1087 3041 qui
1100 2997 1235 3045 proprie
1245 2998 1386 3033 docendi
1399 2999 1491 3035 causa
1501 3000 1645 3049 eligitur:
1658 3007 1792 3050 quando
1802 3005 1864 3041 ali-

40 3050 90 3075 ter
100 3042 168 3087 regi
179 3053 250 3077 non
261 3039 366 3088 potest
378 3040 515 3075 Ecclesia
526 3041 625 3086 quam
638 3040 759 3075 Verbo.
796 3039 934 3074 fidelem
935 3043 1103 3085 sermonem
1119 3057 1215 3080 vocat
1225 3058 1341 3094 puram
1355 3051 1388 3081 Sc
1412 3061 1469 3082 ore
1481 3051 1542 3083 Dei
1555 3052 1717 3097 proditam
1738 3054 1863 3090 doetri-

40 3099 132 3124 nam.
143 3090 219 3122 Eius
229 3099 376 3123 tenacem
389 3088 460 3123 vult
470 3087 530 3122 effe
540 3087 753 3136 Episcopum,
764 3100 799 3122 vt
808 3102 878 3125 non
891 3090 992 3124 modo
1004 3090 1107 3137 probe
1117 3092 1153 3127 sit
1162 3094 1342 3133 institurus,
1352 3093 1403 3129 sed
1415 3098 1620 3132 constantem
1632 3102 1665 3133 in
1679 3113 1712 3133 ea
1723 3101 1863 3138 afferen-

40 3137 82 3170 da
94 3134 122 3172 se
133 3146 230 3182 gerat.
253 3137 336 3170 Sunt
347 3138 437 3171 enim
449 3138 583 3183 quidam
594 3136 683 3171 leues
692 3139 750 3183 qui
761 3135 854 3173 facile
868 3139 902 3172 in
915 3141 1000 3173 varia
1010 3140 1169 3176 doctrinae
1179 3154 1298 3189 genera
1308 3144 1432 3178 traduci
1443 3143 1472 3178 se
1483 3145 1610 3180 sinunt:
1640 3147 1694 3181 alii
1707 3149 1756 3183 vel
1769 3163 1861 3188 metu

39 3182 251 3231 franguntur,
260 3182 311 3218 vel
323 3196 500 3219 mouentur
510 3185 573 3219 alia
581 3183 755 3219 occasione
765 3196 799 3220 vt
809 3188 953 3223 veritatis
966 3191 1192 3234 patrocinium
1199 3189 1357 3225 deserant.
1382 3194 1445 3225 Eos
1456 3196 1567 3239 itaque
1579 3194 1656 3241 eligi
1667 3197 1786 3233 Paulus
1806 3202 1859 3234 iu-

16 3236 19 3239 ’
38 3231 107 3270 bet,
116 3234 174 3278 qui
186 3233 356 3266 veritatem
368 3233 433 3266 Dei
443 3243 582 3280 vtroque
591 3232 727 3267 brachio
737 3232 892 3281 amplexi,
905 3238 938 3268 &
952 3236 1119 3273 mordicus
1130 3249 1292 3277 tenentes,
1306 3252 1480 3285 nunquam
1493 3240 1550 3275 fibi
1562 3246 1669 3276 excuti
1681 3248 1860 3292 patiantur,

39 3291 97 3320 aut
107 3279 147 3314 ab
157 3293 193 3314 ea
201 3277 315 3314 diuelli
327 3278 466 3335 poffint?
497 3282 536 3315 Et
545 3280 631 3316 certe
643 3280 729 3315 nihil
739 3280 796 3316 illa
805 3294 906 3328 quam
917 3283 997 3323 dixi,
1009 3282 1144 3319 leuitate
1153 3286 1366 3333 periculosius
1377 3289 1432 3325 est,
1444 3288 1499 3323 vbi
1511 3288 1576 3323 fixo
1588 3292 1667 3337 pede
1679 3306 1749 3328 non
1762 3296 1861 3331 haetet

38 3329 150 3365 Pastor
161 3330 196 3362 in
206 3340 242 3362 ea
252 3327 403 3363 doetrina
412 3330 506 3364 cuius
519 3332 666 3365 inuictus
676 3327 806 3364 assertor
817 3328 877 3364 esse
886 3330 1052 3366 debuerat.
1064 3336 1101 3367 In
1112 3333 1254 3372 summa,
1265 3348 1336 3369 non
1346 3336 1474 3370 tantum
1486 3340 1664 3384 requiritur
1683 3344 1717 3376 in
1730 3344 1860 3383 Pastore

38 3377 200 3419 eruditio,
219 3374 271 3411 sed
281 3374 344 3411 tale
351 3376 510 3420 doctrina
527 3389 617 3430 purae
627 3378 772 3415 studium
779 3404 792 3423 ,
814 3389 849 3416 vt
857 3378 899 3417 ab
909 3392 945 3416 ea
955 3392 1132 3435 nunquam
1142 3380 1292 3419 discedat.
1320 3384 1380 3419 Sed
1390 3385 1471 3434 quid
1498 3384 1560 3426 fibi
1572 3387 1644 3424 vult
1655 3412 1667 3431 ‚
1687 3391 1863 3434 Secundum

1912 1914 1932 1935 i.
1942 1905 2033 1945 Titiis.
2044 1907 2109 1950 &³¹53
