2268 3705
453 117 567 173 An
617 118 1528 184 CORINTH-CAP-Xvi-
1891 154 1949 201 ἑῇ

86 195 262 245 magnific&
273 195 412 233 extollit,
425 198 460 230 δε
472 193 691 241 Euangelium
706 202 783 230 cum
797 195 883 242 Lege
891 197 1128 245 comparando,
1143 200 1356 246 Apostolatus
1368 201 1416 237 sui
1424 205 1620 252 dignitatem
1633 204 1822 260 amplificate
1840 220 1930 265 pride

85 257 197 281 tamen
208 247 338 281 testatus
352 242 439 279 nihil
449 241 477 276 se
487 255 646 288 tanquam
654 245 830 291 proprium
841 242 901 278 fibi
911 243 1127 293 arrogarc,sed
1139 250 1298 294 quicquid
1310 248 1395 288 effer,
1407 263 1518 287 totum
1530 255 1645 292 referre
1654 273 1827 310 acceptum
1838 269 1926 302 Dco.

86 296 199 330 Postea
209 297 328 328 iterum
337 289 480 326 recenset
490 303 555 337 qua
565 289 628 325 fide
638 295 671 325 &
684 293 872 342 integritate
882 301 1005 343 munus
1014 291 1073 328 fibi
1085 295 1279 330 mandatum
1290 309 1472 345 exequutus
1482 301 1589 343 fitzvbi
1599 308 1787 357 perstringit
1799 327 1854 348 eos
1864 318 1924 361 qui

85 342 231 389 maligne
241 345 270 376 ei
279 339 557 386 obloquebantur.
568 341 753 385 quinetiam
765 341 874 374 lanera
884 340 1003 375 nducia
1011 341 1109 377 altius
1118 345 1264 378 euectus.
1274 352 1470 393 pronuntiat
1479 362 1597 386 omnes
1609 356 1626 386 a
1636 355 1771 392 diabolo
1782 373 1903 396 excaeca
1912 381 1922 388 ·

83 403 138 427 tos
148 389 208 426 else
221 392 278 437 qui
290 387 463 435 Euangelii
475 385 522 421 sui
536 385 742 434 splendorem
753 400 823 436 nori
833 399 980 422 cernant.
998 392 1067 424 Iam
1077 391 1156 425 verb
1166 394 1245 438 quia
1253 392 1398 440 personae
1408 396 1469 432 suae
1488 398 1714 439 humilitatem
1722 409 1772 448 (vt
1786 420 1851 442 erat
1863 412 1921 444 de-

81 438 260 487 spicabilis)
270 437 308 470 de
321 443 350 470 A
377 434 535 470 ostolatus
547 434 594 469 sui
612 438 795 470 reuerentia
807 434 952 471 multum
965 439 1115 472 minuere
1122 439 1274 476 cernebat
1283 467 1293 481 ,
1304 446 1484 480 commoda
1494 453 1717 496 occupatione
1726 465 1799 488 non
1811 454 1919 492 solum

81 487 172 521 tollit
184 449 424 521 orfendiculbm
436 484 513 521 hoc,
525 480 623 517 sedin
633 487 831 518 contrariam
843 495 967 566 partem
976 497 1156 532 retorquet,
1165 488 1277 523 dicens
1288 503 1327 524 eo
1338 491 1456 528 clarius
1465 495 1608 532 relucere
1619 502 1836 537 eminentiam
1847 517 1923 553 gra-

82 537 133 569 tia:
145 536 223 574 Dei,
236 533 328 585 quod
341 543 450 566 tantus
460 529 627 566 thesaurus
639 533 674 566 in
688 531 766 566 vasis
777 531 844 567 fusti
862 531 935 567 ibus
945 533 1135 581 proferatur.
1145 537 1192 569 Ita
1203 548 1274 583 quae
1282 539 1397 585 probri
1406 540 1484 577 loco
1495 544 1639 581 obiicere
1649 551 1676 582 ei
1688 547 1836 585 solebant
1848 564 1921 588 ma—

81 580 233 620 leuoli‚in
244 585 333 616 luam
342 580 473 615 laudem
483 582 634 614 couertit:
644 582 723 626 quia
736 591 786 614 tot
796 580 933 615 miseriis
942 581 1076 629 preffus,
1086 581 1212 630 semper
1223 596 1333 621 tamen
1344 590 1451 624 vietor
1461 618 1468 628 ‚
1481 593 1578 627 instar
1588 595 1706 642 palmae
1715 601 1870 649 emergat.
1881 598 1919 637 Id

77 634 193 665 ‘traciat
204 628 303 677 vsque
312 629 350 663 ad
362 629 538 662 dimidium
550 631 656 674 quarti
666 631 794 676 capitis.
804 630 894 674 Qiia
905 638 1014 664 tamen
1026 643 1100 664 vera
1111 631 1378 669 Christianorum
1390 637 1496 684 gloria
1507 652 1594 675 extra
1606 646 1771 681 mundum
1785 650 1828 682 est
1838 673 1848 687 ‚
1858 655 1917 697 pe'r

75 690 309 725 contemptum
320 674 484 726 praesentis
495 679 617 713 vitae‚&
628 679 751 709 externi
763 677 911 711 hominis
921 677 1228 721 mortificationem,
1236 682 1274 715 ad
1284 681 1383 718 beatae
1393 688 1651 727 immortalitatis
1662 696 1917 733 meditationem

75 737 151 762 toto
164 729 269 761 animi
281 727 386 760 studio
397 725 600 772 pergendum
609 725 777 758 admonet.
788 726 922 759 Deinde
932 725 1033 773 paulo
1049 728 1121 775 post
1132 730 1268 764 initium
1279 734 1396 779 capitis
1407 737 1536 780 quintii
1553 739 1712 785 gloriatur
1721 741 1750 779 se
1763 744 1829 779 hoc
1837 744 1918 781 affc-

76 777 132 810 <stu
143 776 330 823 praedstum,
339 772 425 809 nihil
435 772 552 807 habere
562 771 652 806 aliud
662 774 697 806 in
709 775 795 807 votis
805 774 906 819 quam
921 785 954 807 vt
964 771 1057 808 suum
1068 773 1263 822 obsequium
1276 780 1430 815 Domino
1440 784 1611 830 approbet:
1625 786 1785 838 spe‘mqlie
1794 792 1853 829 fibi
1863 794 1915 829 1:ss

63 822 117 864 ,se,
126 823 325 858 Corinthios
335 820 421 871 ipsos
432 818 461 855 se
472 819 661 854 habiturum
672 819 863 855 fincetitatis
873 819 934 856 suae
944 823 1049 857 testes.
1060 827 1106 858 At
1115 826 1194 872 quia
1203 825 1222 859 ὲ
1232 829 1384 862 vanitatis
1395 842 1451 864 aut
1461 837 1647 880 arrogantie
1657 835 1844 884 suspicione
1853 846 1915 891 Pe-

75 871 220 907 ticulum
232 883 308 905 erat:
319 873 438 904 iterum
448 871 567 916 repetit
576 867 605 902 se
617 867 782 903 malorum
793 871 1046 916 importunitate
1055 871 1122 906 huc
1134 874 1303 922 compelli:
1314 889 1421 923 neque
1433 879 1464 912 id
1475 878 1527 914 sua
1538 881 1642 920 causa,
1654 887 1722 931 quo
1732 890 1912 927 retinendae

73 923 214 969 propria:
225 919 474 953 existimationis
484 915 521 951 fit
530 917 668 964 cupidus
681 930 690 949 t
702 915 797 951 sedin
812 917 941 952 bonum
953 920 1214 956 Corinthiorum
1223 943 1234 960 ,
1250 923 1372 970 quibus
1381 926 1462 961 vtile
1471 926 1508 962 sit
1518 931 1561 963 ita
1570 928 1686 966 sentire
1698 938 1735 968 ἅς
1746 937 1911 982 persuasos

73 968 134 1003 else
146 992 156 1007 ,
167 966 291 1014 sibique
301 964 388 1001 nihil
398 977 511 1014 praeter
520 977 636 999 eornm
647 963 781 999 salutem
792 977 875 1000 curae
884 965 944 1001 effe
953 965 1067 1001 asserit.
1077 969 1184 1003 Cuius
1196 972 1242 1004 rei
1251 971 1486 1009 confirmandae
1505 981 1607 1024 gratia
1621 983 1839 1020 vniuer'ialem
1849 989 1912 1023 do*

70 1019 214 1053 &tinam
225 1014 481 1062 subjungit‚quis
489 1013 587 1048 seruis
596 1013 719 1048 Christi
728 1013 916 1062 propositus
926 1014 986 1067 effe
995 1015 1112 1064 scopus
1122 1016 1253 1053 debeat:
1264 1033 1385 1068 nempe
1396 1033 1431 1056 vt
1439 1022 1486 1058 sui
1498 1025 1614 1066 obliti,
1626 1029 1782 1065 Domino
1792 1031 1849 1068 suo
1861 1039 1914 1070 vi-

69 1076 152 1100 uant
162 1078 170 1099 :
181 1077 219 1099 ac
229 1063 362 1099 tandem
372 1061 561 1099 concludit,
584 1060 684 1096 nihili
695 1063 882 1097 aestimanda
892 1064 952 1097 efle
962 1067 1078 1098 omnia
1093 1077 1207 1112 praeter
1216 1069 1290 1102 vitae
1299 1071 1487 1106 nouitatem
1503 1086 1512 1106 ι
1524 1085 1558 1107 vt
1570 1077 1596 1109 is
1607 1074 1694 1111 solus
1704 1079 1864 1117 habeatur
1873 1087 1910 1120 in

70 1115 180 1162 pretio
189 1115 249 1161 qui
260 1109 399 1159 seipsum
408 1108 597 1157 abnegauit.
607 1109 686 1144 Inde
695 1109 865 1145 transitum
884 1109 942 1145 fibi
953 1110 1030 1147 facit
1040 1113 1080 1146 ad
1092 1112 1318 1160 explicandam
1328 1116 1504 1164 legationis
1514 1123 1719 1171 Euangelicae‘
1729 1126 1908 1166 summam:

67 1172 104 1195 vt
113 1163 181 1195 cius
193 1159 424 1209 magnitudine
436 1162 470 1193 Sc
482 1157 674 1192 excellentia
683 1158 763 1193 hinc
774 1159 1032 1197 ministros,inde
1039 1161 1205 1208 populum
1215 1164 1254 1197 ad
1263 1167 1352 1212 piam
1363 1165 1609 1206 solicitudinem
1622 1176 1911 1225 &moneatquod

69 1208 149 1246 facit
160 1211 260 1244 initio
273 1206 352 1243 sexti
361 1208 488 1255 capitis.
505 1207 618 1253 Atque
625 1205 681 1240 hic
694 1207 821 1240 rursum
833 1208 1007 1254 postquam
1019 1215 1299 1246 commemorauit
1308 1215 1408 1260 quam
1420 1214 1560 1252 fideliter
1567 1217 1636 1254 suas
1647 1232 1753 1269 partes
1764 1239 1850 1273 agat,
1860 1227 1909 1263 le·-

68 1260 155 1292 uiter
164 1259 286 1306 pungit
295 1254 507 1293 Corinthios,
518 1256 596 1301 quia
605 1253 667 1289 sint
678 1253 736 1303 ipsi
746 1254 804 1289 fibi
814 1256 1056 1303 impedimento
1068 1261 1252 1303 quominus
1261 1259 1407 1297 fructum
1417 1268 1702 1314 percipiantHuic
1713 1285 1749 1306 ex
1759 1275 1910 1322 postula*

67 1308 156 1341 tioni
166 1304 332 1341 continuo
350 1302 482 1339 subiicit
491 1303 754 1338 exhortationem
763 1325 774 1341 ‚
790 1302 963 1350 vtsugiant
972 1303 1194 1340 idololatriam
1205 1320 1214 1340 ε
1225 1320 1263 1341 ex
1273 1321 1341 1355 quo
1351 1323 1484 1358 apparet
1492 1336 1503 1351 ,
1514 1317 1667 1351 nondum
1678 1319 1718 1353 eo
1729 1322 1911 1367 perduksttis
1959 1354 1964 1358 .

66 1352 160 1390 fuisse
169 1354 370 1390 Corinthios
379 1352 448 1399 qub
457 1350 598 1386 volebat.
607 1353 721 1399 Itaque
734 1351 853 1386 merito
863 1353 1080 1398 conqueritur
1090 1354 1124 1386 id
1134 1355 1280 1389 accidere
1290 1369 1407 1392 eorum
1418 1360 1588 1409 culpa‚qui
1601 1375 1670 1400 tam
1679 1367 1772 1404 clarae
1781 1371 1909 1407 doeth-'-

66 1415 118 1439 nae
128 1415 221 1438 aures
231 1413 356 1451 apertas
366 1414 437 1436 non
447 1399 615 1434 haberent.
624 1400 687 1434 Sed
695 1413 737 1434 ne
745 1402 860 1435 acriter
869 1401 1015 1435 nimium
1023 1411 1156 1435 teneros
1167 1404 1299 1438 animos
1309 1408 1459 1452 vrgendo
1467 1411 1650 1456 prosternat
1658 1426 1715 1449 aut
1724 1416 1856 1454 alienet:
1868 1421 1911 1457 de

67 1449 124 1486 sua
133 1462 209 1499 erga
219 1464 276 1486 eos
284 1447 520 1485 beneuolentia
529 1451 650 1482 iterum
660 1448 765 1482 reddit
775 1452 940 1485 certiores,
950 1452 985 1482 &
995 1447 1238 1485 excusationem
1249 1450 1543 1502 seueritatis,quam
1552 1458 1657 1495 veluti
1668 1462 1842 1513 abruptam
1855 1481 1909 1503 re-

65 1498 567 1547 liquerat,pertexit:quanquarn
575 1495 642 1530 alio
653 1497 766 1531 modo.
776 1496 944 1531 Fiduciam
953 1498 1045 1532 enim
1055 1500 1218 1533 maiorem
1225 1501 1476 1542 nadkusfatetur
1485 1504 1544 1540 fibi
1552 1518 1625 1542 non
1636 1509 1807 1559 displicere
1817 1509 1910 1562 quod
1952 1522 1955 1524 ’

68 1559 212 1582 moetore
222 1544 471 1594 ipsos'affecerit:
480 1547 559 1592 quia
568 1545 601 1579 id
610 1543 722 1579 fecerit
731 1542 878 1593 ipsorum
887 1543 994 1583 bono,
1003 1545 1060 1579 vbi
1069 1547 1109 1580 de
1118 1544 1258 1582 succeffu
1267 1547 1343 1596 ipsis
1352 1551 1703 1597 gratulando,declatat
1713 1562 1814 1606 quam
1825 1577 1862 1598 ex
1873 1574 1909 1599 a—

70 1597 168 1632 nimo
178 1593 253 1643 ipsis
269 1592 461 1630 consultum
471 1592 559 1627 velit.
575 1593 654 1627 Haec
664 1592 763 1639 vsque
773 1593 812 1626 ad
820 1590 923 1628 finem
934 1590 1065 1641 septimi
1075 1596 1203 1642 capitis.
1215 1599 1246 1631 A
1257 1599 1427 1648 principio
1437 1603 1550 1637 oetaui
1569 1602 1669 1651 vsque
1679 1608 1719 1642 ad
1729 1607 1830 1645 finem
1841 1621 1909 1648 no-

69 1646 120 1682 ni,
129 1644 218 1678 addit
226 1642 294 1677 illis
303 1641 503 1677 alacritatem
512 1641 551 1675 ad
562 1638 775 1676 conferendas
785 1639 1005 1686 eleemosynas
1014 1667 1024 1679 ‚
1044 1655 1186 1689 quarum
1196 1648 1393 1681 meminerat
1410 1648 1530 1684 vltimo
1539 1655 1646 1699 capite
1655 1657 1799 1702 epistolae
1808 1658 1903 1708 supe-

68 1691 236 1727 rioris.'Ac
245 1703 303 1726 eos
311 1690 447 1738 quidem
459 1689 580 1726 laudat,
591 1689 682 1735 quod
691 1688 776 1724 bene
785 1691 957 1737 coeperint:
966 1689 1018 1724 sed
1027 1703 1070 1725 ne
1078 1691 1177 1725 studii
1185 1690 1296 1728 feruor
1306 1705 1458 1744 ternpore
1469 1700 1517 1739 (vt
1528 1698 1576 1743 fit)
1589 1701 1906 1749 refrigescanmultis

65 1741 271 1788 argumentis
280 1736 456 1774 confirmat
467 1734 565 1785 ipsos,
574 1746 609 1771 vt
618 1738 804 1772 constanter
814 1749 951 1786 pergant
959 1740 996 1773 in
1005 1738 1100 1773 cursu
1110 1740 1278 1775 institutes.-
1294 1746 1325 1776 A
1333 1743 1465 1780 decimo
1473 1750 1581 1795 capite
1590 1747 1621 1783 se
1631 1750 1794 1801 suumque
1804 1757 1833 1790 A
1841 1765 1907 1804 po⁴

66 1787 224 1824 stolatum
233 1788 252 1822 a
268 1785 445 1822 calumniis
456 1786 625 1820 vindicare
634 1787 755 1834 incipit
765 1812 776 1827 ,
789 1785 910 1833 quibus
922 1782 1030 1834 ipsum
1039 1786 1200 1822 vexabant
1210 1791 1357 1838 improbi
1369 1804 1377 1826 :
1399 1804 1437 1828 ac
1446 1797 1558 1841 ptimo
1568 1800 1703 1843 quidem
1715 1801 1745 1836 se
1754 1805 1794 1837 iis
1804 1809 1908 1842 armis

64 1849 139 1884 quae
149 1836 188 1870 ad
196 1835 407 1870 exercendam
416 1833 541 1869 Christi
551 1832 707 1868 militiam
717 1836 930 1880 requiruntur
940 1857 952 1872 ‚
970 1837 1100 1883 egregie
1113 1837 1312 1873 instructum
1333 1837 1393 1874 effe
1404 1842 1545 1878 ostendit
1556 1858 1566 1878 ι
1577 1846 1695 1883 deinde
1703 1855 1905 1896 grauitatem

63 1896 167 1932 quam
175 1881 382 1932 vsurpauerat
395 1885 432 1917 in
444 1880 581 1930 epistola
590 1884 699 1929 priore
709 1905 720 1920 ‚
739 1881 836 1917 bonae
845 1880 1054 1918 conscientiae
1065 1883 1185 1919 fiducia
1194 1884 1359 1922 suffultam
1370 1886 1490 1925 asserit:
1512 1890 1610 1940 se‘que
1628 1898 1817 1944 praesentem
1829 1914 1902 1938 non

64 1935 178 1968 minus
186 1933 319 1966 virtutis
329 1930 448 1966 habere
457 1933 492 1965 in
503 1930 669 1978 operibus,
679 1931 780 1978 quam
789 1929 905 1965 absens
914 1934 1085 1979 grauitatis
1096 1934 1132 1967 in
1141 1932 1249 1968 verbis
1259 1935 1417 1971 ostendat.
1427 1939 1597 1975 Postremo
1607 1940 1638 1978 se
1648 1956 1726 1980 cum
1742 1947 1806 1983 illis
1816 1961 1882 1989 con
1889 1970 1907 1976 -

61 1980 199 2016 ferendo
209 2006 220 2021 ‚
230 1981 332 2027 quam
343 1981 486 2014 inaniter
496 1978 642 2014 exultent
656 2002 667 2016 ‚
676 1981 794 2026 arguit.
806 1980 994 2014 Vndecimo
1003 1983 1111 2028 capite
1123 1982 1323 2018 Corinthios
1334 1985 1353 2018 a
1365 1989 1474 2032 prauis
1484 1988 1615 2028 studiis,
1640 1992 1762 2038 quibus
1773 1995 1904 2034 fuerant

60 2030 224 2076 corrupti,
234 2038 377 2062 reuocat:
390 2027 674 2065 admonens,nihil
683 2026 743 2062 effe
776 2025 964 2062 ericulosius
974 2030 1076 2074 quarn
1086 2028 1126 2063 ab
1134 2030 1308 2079 Euangelii
1317 2030 1526 2081 simplicitate
1534 2036 1664 2074 abduci.
1676 2042 1780 2087 Quod
1789 2056 1903 2082 aurem

61 2075 216 2112 vilescere
234 2075 393 2111 nonnihil
401 2076 487 2125 apud
500 2088 556 2110 eos
564 2087 720 2124 coeperat‚
731 2040 788 2110 afii
795 2086 908 2110 autem
919 2078 1039 2110 maiori
1048 2074 1161 2111 fauore
1169 2079 1462 2126 excipiebanturzid
1473 2088 1670 2133 contingere
1679 2102 1751 2125 non
1762 2090 1816 2126 sua
1825 2088 1901 2129 cul-

63 2138 118 2176 pa,
130 2124 181 2159 sed
192 2136 307 2158 eorum
317 2122 399 2158 fastu
407 2135 463 2157 aut
473 2123 599 2159 deliciis
609 2127 728 2172 arguit:
740 2124 832 2171 qubd
841 2123 899 2158 alii
911 2123 996 2158 nihil
1005 2123 1071 2158 illis
1081 2124 1200 2160 melius
1212 2139 1274 2161 nec
1285 2129 1486 2175 praestantius
1496 2133 1694 2171 attulissent:
1708 2137 1774 2186 ipse
1783 2152 1899 2178 autem

63 2186 136 2209 non
145 2172 208 2207 alia
216 2170 310 2207 causa
318 2171 384 2206 illis
395 2169 468 2206 esset
477 2172 755 2220 contemptibilis,
766 2171 827 2206 nisi
836 2174 915 2219 quia
921 2169 952 2206 se
960 2185 1032 2207 non
1042 2174 1225 2208 venditaret
1234 2174 1396 2223 elegantia
1404 2176 1574 2216 sermonis:
1587 2194 1644 2218 aut
1653 2189 1732 2232 quia
1739 2188 1899 2224 volunta·

61 2224 111 2256 ria
120 2218 345 2261 submiffione,
357 2232 473 2255 eorum
485 2219 671 2256 infirmitati
680 2219 855 2268 indulgens
865 2247 876 2261 ,
889 2222 959 2255 iure
969 2220 1028 2255 suo
1037 2219 1179 2256 ceffiffet.
1199 2235 1271 2270 qua:
1281 2227 1390 2259 ironia
1398 2225 1571 2275 obliquam
1583 2234 1830 2278 ingratitudinis
1840 2252 1898 2273 ex-

61 2269 312 2318 probrationem
321 2270 484 2304 continet:
493 2271 587 2303 cuius
596 2272 686 2304 enim
695 2271 858 2316 aequitatis
868 2269 1023 2306 erat,ideo
1035 2272 1176 2305 minoris
1186 2284 1264 2306 eum
1275 2271 1378 2308 facere
1386 2275 1479 2323 quod
1489 2274 1519 2311 se
1529 2277 1596 2313 illis
1607 2277 1898 2322 accommodasset?

61 2318 214 2352 Testatur
223 2328 334 2352 tamen
343 2314 373 2351 se
382 2330 453 2352 non
465 2318 539 2352 ideo
549 2316 736 2352 abstinuisse
745 2318 909 2364 stipendio
919 2316 978 2351 fibi
988 2316 1114 2359 debito,
1129 2318 1224 2366 quod
1233 2321 1343 2357 minus
1355 2335 1477 2358 amaret
1486 2326 1685 2365 Corinthios
1696 2344 1704 2365 ε
1716 2330 1767 2366 sed
1778 2345 1820 2368 ne
1829 2343 1897 2381 qua

61 2367 98 2400 in
111 2378 144 2400 te
155 2364 336 2413 superiores
345 2363 444 2400 essent
455 2364 819 2413 pseudoapostoli‚quos
829 2364 961 2400 videbat
969 2365 1035 2402 hoc
1043 2365 1186 2402 artificio
1194 2366 1324 2419 infidias
1335 2371 1464 2407 struere·-
1481 2371 1656 2422 Postquam
1668 2381 1787 2427 iniqut‘i
1797 2383 1897 2417 mali-

60 2413 236 2462 gnumque
245 2414 504 2448 Corinthiorum
516 2415 678 2449 iudicium
687 2411 1040 2462 reprehendit,effertur
1047 2416 1103 2464 pia
1112 2415 1596 2464 gloriatione,commemorans
1606 2427 1708 2472 quam
1717 2430 1897 2477 magnifice

62 2464 183 2498 iaekare
192 2459 221 2496 se
231 2459 366 2509 poffit,fi
376 2460 487 2496 libeat:
497 2461 646 2511 praefatus
655 2474 767 2497 tamen
776 2460 806 2496 se
815 2464 968 2510 ineptum
978 2460 1039 2497 esse
1047 2466 1082 2498 in
1091 2464 1303 2511 praedicandis
1314 2463 1378 2502 suis
1389 2468 1554 2509 laudibus,
1563 2486 1679 2511 eorum
1690 2476 1794 2512 causa.
1803 2480 1897 2515 Tan·-

60 2510 136 2545 dem
147 2509 237 2557 quafi
246 2522 385 2544 manum
395 2508 454 2544 fibi
464 2513 499 2545 in
510 2511 620 2545 medio
632 2511 726 2546 cursu
735 2512 901 2548 inficiens,
910 2512 991 2545 dicit
1001 2509 1169 2547 summum
1179 2513 1389 2562 gloriationis
1401 2516 1462 2552 suae
1471 2531 1570 2567 caput
1578 2519 1637 2556 esse
1647 2522 1740 2559 illam
1750 2525 1894 2562 humili«

59 2569 241 2605 tateanue
248 2557 485 2606 despiciebatur
493 2560 513 2593 a
525 2558 682 2607 superbis:
693 2558 724 2594 se
735 2561 827 2594 enim
837 2559 1049 2595 admonitum
1060 2558 1120 2596 eise
1131 2562 1151 2596 a
1158 2562 1316 2598 Domino
1326 2586 1336 2605 ,
1347 2578 1388 2599 ue
1396 2562 1479 2601 alibi
1486 2563 1589 2615 quani
1596 2572 1632 2605 in
1641 2569 1706 2607 suis
1715 2572 1894 2611 infirmita-

58 2607 148 2643 tibus
158 2600 364 2654 gloriaretur.
376 2607 475 2641 Circa
489 2606 588 2642 finem
606 2607 798 2643 duodecimi
807 2609 923 2654 capitis
933 2609 1053 2643 iterum
1064 2621 1142 2646 cum
1151 2609 1226 2658 ipfis
1237 2612 1419 2660 expostulat
1426 2636 1437 2653 ‚
1447 2617 1538 2663 quod
1549 2616 1606 2653 fibi
1615 2619 1835 2665 neceffi'ta‘tern
1847 2627 1894 2661 ita

61 2656 247 2703 ineptiendi
255 2656 502 2696 iniiciant‚dum
512 2654 541 2690 se
550 2656 706 2691 addicunt
714 2654 896 2701 ambitiosis
905 2655 1115 2705 hominibus,
1124 2671 1183 2707 per
1191 2670 1277 2707 quos
1285 2662 1305 2695 a
1313 2660 1446 2698 Christo
1455 2664 1641 2702 alienantur
1650 2680 1661 2697 ι·
1673 2669 1783 2706 adhaec
1791 2673 1892 2709 vehe-

63 2705 207 2738 mentius
215 2701 354 2751 insurgit
363 2707 398 2738 in
408 2715 464 2738 eos
473 2706 532 2751 qui
542 2705 756 2751 peruicaeiter
766 2702 968 2740 ferociebant
974 2705 1125 2743 aduersus
1133 2718 1211 2751 eum
1220 2730 1231 2749 ³
1240 2709 1394 2746 addentes
1403 2713 1569 2759 prioribus
1577 2714 1712 2763 flagitiis
1721 2718 1808 2755 hanc
1816 2720 1893 2755 tes-

63 2751 165 2786 stendi
172 2753 426 2800 impudentiam.
437 2752 556 2800 Capite
564 2753 795 2796 decimotertio
804 2752 1004 2798 denuntians
1017 2751 1137 2791 talibus
1148 2754 1343 2792 seueriorem
1353 2760 1537 2797 vindictam
1545 2786 1556 2801 ‚
1567 2764 1719 2801 hortatur
1726 2770 1761 2802 in
1771 2777 1893 2816 genere

64 2811 180 2834 omnes
187 2812 222 2835 vt
231 2798 325 2835 suum
337 2798 572 2848 Apostolatum
583 2798 776 2848 agnoscant,
785 2800 821 2835 id
829 2798 947 2837 facturi
955 2801 1076 2839 scilicet
1085 2802 1144 2840 suo
1153 2805 1258 2842 bono:
1269 2819 1376 2855 quum
1386 2807 1454 2845 illis
1465 2812 1690 2859 perniciosum
1700 2814 1738 2851 fit
1747 2817 1890 2866 despice-

65 2856 100 2880 re
109 2859 206 2894 quem
214 2851 339 2898 experti
347 2848 475 2885 fuerant
483 2859 610 2885 certum
622 2847 820 2897 fideli-mque
827 2850 972 2886 Domini
978 2849 1138 2901 legatum·
1882 2861 1890 2865 “
