2268 3705
510 121 624 169 AD
673 119 1033 167 TiMoTH-
1086 116 1263 169 CAP-
1316 118 1418 168 111-
1858 140 1922 179 49,

121 197 155 250 '4
220 194 331 257 de
348 192 462 236 'omnis
478 189 628 234 creatura
647 194 717 234 Dei
725 191 814 234 bona
825 222 835 241 ,
862 193 902 241 ἀ·
913 191 1234 234 nihilreiiciendum
1252 195 1428 251 quodcum
1441 199 1632 252 gratiarum
1647 204 1820 244 afflone)
1829 202 1896 259 fbf

65 268 190 365 m‘5mr’
196 309 425 361 Sanfflficatur
431 308 524 346 enim
525 317 590 361 per
587 302 785 360 sermonem
794 307 866 347 ,Det¹
879 303 919 352 ό·
922 311 1164 362 precationem.

110 405 124 429 1
173 394 301 441 Spiritus
309 390 436 431 aurem.)
484 384 673 435 Diligenter
680 387 901 421 admonuerat
910 387 949 420 de
960 386 1076 422 multis
1086 387 1323 424 Timotheum.
1341 393 1410 424 Iam
1422 389 1642 426 neceffitatcm
1653 394 1805 430 ostendit:
1815 401 1893 444 quia

63 440 304 478 occurrendum
316 436 352 470 sit
361 434 511 485 periculo
529 436 621 481 quod
631 437 807 470 imminere
817 436 958 483 Spiritus
970 433 1098 470 sanstus
1110 438 1303 475 denuntiat,
1321 450 1479 474 venturos
1493 438 1614 475 scilicet
1625 440 1720 476 falsos
1738 444 1893 481 doctores

60 494 233 539 quinugas
246 498 306 535 pto
321 484 395 519 fidei
405 484 558 518 doctrina
566 482 757 518 obtrudant:
770 485 827 530 qui
838 493 944 517 totam
954 481 1162 518 sanctitatem
1173 483 1375 521 collocantes
1395 491 1429 522 in
1441 491 1581 523 externis
1599 493 1759 525 exercitiis
1770 516 1779 529 ,
1799 491 1891 540 spiri-

60 537 185 574 tualem
196 538 260 571 Dei
271 533 412 570 cultum,
426 533 486 579 qui
497 529 584 566 solus
596 531 830 579 estlegitimus,
845 530 1032 566 obscurent.
1042 534 1081 567 Et
1090 531 1164 566 sane
1176 531 1238 567 fuit
1250 533 1315 569 hoc
1325 534 1423 570 seruis
1445 538 1508 570 Dei
1518 549 1713 585 perpetuum
1725 551 1892 577 certamen

59 599 138 624 cum
148 583 269 620 talibus
279 580 392 630 quales
402 579 457 615 hic
466 581 617 628 depingit
627 579 756 614 Paulus.
785 581 876 625 Qia
885 581 975 613 enirn
990 590 1104 615 natura
1114 580 1270 616 homines
1281 583 1319 616 ad
1329 584 1517 631 hypocrisin
1529 584 1678 621 feruntur
1687 610 1697 625 ‚
1720 586 1814 622 facile
1826 589 1893 624 illis

50 632 224 685 ,persuadet
235 634 343 667 Satan,
355 630 560 665 caeremoniis
573 632 608 662 δε
621 639 751 663 externa
760 627 932 675 disciplina
944 631 1006 662 rite
1015 628 1083 663 coli
1093 629 1293 664 Deumzimb
1305 630 1427 678 absque
1438 632 1593 680 magistro
1604 635 1689 670 hanc
1699 649 1817 671 omnes
1827 636 1892 673 fere

54 681 296 733 persuasionem
307 680 427 713 animis
435 675 569 711 infixam
581 675 715 710 habent.
741 677 878 710 Accedit
887 677 1000 723 postea
1009 679 1134 712 Satanae
1143 677 1226 711 astus
1239 680 1277 712 ad
1291 691 1434 714 errorem
1453 680 1732 718 confirmandum.
1755 687 1835 719 Inde
1845 684 1894 720 fa-

47 734 153 768 .&um
166 730 211 764 est
220 741 256 764 vt
265 725 381 764 seculis
391 725 550 760 omnibus
561 727 727 759 extiterint
739 724 937 772 impostores
947 728 1006 771 qui
1017 725 1155 760 fictitios
1183 726 1291 761 cultus
1302 730 1577 763 commendarent
1589 731 1710 777 quibus
1729 732 1892 769 obrueba-

57 792 111 815 tur
123 791 196 815 vei-a
210 779 326 826 pietas.
351 774 453 810 Porri>
468 773 537 808 haec
548 773 643 820 pestis
658 771 792 807 alteram
802 774 898 820 parit,
911 774 1002 819 quod
1016 776 1049 809 in
1063 773 1159 809 rebus
1169 772 1280 809 liberis
1292 778 1480 823 imponitur
1494 778 1670 814 neceffitas.
1689 781 1778 815 Nam
1793 794 1892 818 mun—

53 830 116 863 dus
125 815 220 862 Ειῖῑὶὶὲ
232 825 273 860 ab
284 836 324 859 eo
334 821 363 858 se
372 820 541 872 prohiberi
554 819 628 856 finit
636 821 728 868 quod
739 822 914 868 per-Deum
926 821 1057 856 licitum
1068 833 1146 860 erat,
1155 833 1191 857 vt
1200 825 1247 857 im
1251 836 1341 871 pune
1352 827 1415 859 Dei
1425 824 1512 872 leges
1522 825 1580 861 sibi
1593 829 1769 876 transgredi
1779 831 1889 865 liccat,

19 876 22 878 ,
47 876 123 912 *Hic
135 888 214 922 ergo
223 872 343 910 paulus
353 874 389 906 jn
401 867 538 919 persona
547 869 723 905 Timothei
734 882 805 904 non
814 868 968 917 Ephesios
980 871 1097 909 modo,
1109 870 1160 905 sed
1170 884 1288 906 omnes
1299 873 1422 920 vbique
1434 885 1591 909 terrarum
1602 877 1755 911 Ecclesias
1767 892 1891 927 praemo

45 937 112 961 ,ner
123 925 162 958 de
173 924 289 958 fucatis
298 918 494 956 do&0ribus
505 920 563 966 qui
574 917 710 953 fictitios
723 917 831 952 cultus
841 918 1057 957 instituendo,
1069 924 1102 953 &
1112 918 1330 955 conscientias
1343 921 1554 968 illaqueando
1564 927 1662 959 nouis
1673 925 1801 973 legibus
1814 951 1823 965 ‚
1835 940 1892 962 ve-

45 985 129 1009 ‚turn
140 974 202 1007 Dei
212 970 342 1006 cultum
352 967 548 1004 adulterant,
561 970 595 1001 Sc
606 970 826 1014 corrumpunt
836 977 952 1014 putam
964 965 1040 1002 fidei
1049 968 1248 1002 doctrinam.
1258 969 1324 1005 Hic
1340 973 1493 1019 propriu-s
1505 972 1549 1005 est
1564 970 1682 1019 scopus
1696 987 1813 1021 :quein
1826 989 1891 1010 no-

45 1024 116 1058 ·tari
127 1023 161 1056 in
173 1021 289 1068 primis
300 1015 424 1053 necelse
435 1016 489 1050 est.
500 1014 603 1049 Porro
616 1027 687 1061 quo
697 1017 821 1048 maiore
831 1017 1016 1050 attentione
1027 1018 1094 1050 exci
1124 1018 1193 1050 iant
1202 1030 1320 1052 omnes
1332 1020 1423 1066 quod
1434 1020 1581 1054 dicturus
1591 1021 1646 1059 est,
1659 1022 1810 1071 praefatur
1821 1036 1891 1058 cer-

46 1081 128 1107 tum
139 1068 200 1104 eise
211 1072 245 1103 δέ
260 1066 401 1102 minime
411 1062 587 1099 obscurum
601 1062 775 1097 oraculum
798 1064 938 1110 Spiritus
952 1062 1063 1098 saneti.
1074 1029 1156 1099 bfon
1169 1065 1210 1099 est
1220 1066 1356 1111 quidem
1375 1066 1515 1102 dubium
1528 1071 1608 1114 quin
1621 1071 1747 1118 reliqua
1762 1084 1797 1106 ex
1809 1072 1892 1107 eod&

45 1120 177 1167 ,Spiritu
187 1117 337 1151 hauserit:
349 1111 463 1148 verum
473 1124 643 1158 vtcunque
656 1109 968 1159 sernperaudiendus
979 1110 1015 1146 sit
1027 1123 1186 1160 tanquam
1199 1114 1321 1149 Christi
1333 1127 1496 1163 organum
1509 1139 1519 1154 ‚
1544 1121 1701 1153 tamenin
1714 1119 1806 1154 causa
1818 1134 1890 1154 ma-

46 1169 111 1216 gui
118 1166 273 1214 ponderis
284 1162 491 1211 peculiariter
501 1159 609 1194 voluit
618 1159 683 1194 hoc
694 1160 857 1197 testatum,
875 1159 963 1194 nihil
975 1158 1005 1193 se
1014 1160 1160 1207 proferre
1172 1161 1231 1196 nisi
1243 1176 1279 1196 ex
1291 1166 1410 1212 Spiritu
1423 1164 1615 1212 prophetiae.
1627 1166 1765 1202 Solenni
1777 1171 1889 1215 itaque

44 1216 220 1264 praeconio
230 1213 330 1248 nobis
341 1211 426 1246 hanc
437 1208 646 1258 prophetiam
658 1209 881 1243 commendat:
893 1220 953 1244 nec
965 1221 1005 1242 eo
1015 1220 1194 1245 contentus
1203 1237 1213 1251 ,
1225 1212 1312 1246 addit
1322 1210 1381 1246 effe
1391 1212 1512 1247 claram
1531 1228 1538 1247 :
1559 1226 1619 1249 nec
1630 1214 1698 1250 vilo
1711 1219 1886 1263 aenigmate

29 1255 262 1346 'implicitam
314 1257 574 1308 Inposterionbus.
623 1256 701 1290 Hoc
713 1257 788 1290 vero
800 1268 901 1290 nemo
913 1268 993 1291 tunc
1003 1257 1194 1304 expectasset
1205 1282 1214 1296 ,
1227 1270 1262 1292 vt
1274 1262 1307 1294 in
1320 1272 1411 1295 tanta
1421 1261 1594 1309 Euangelii
1613 1262 1687 1298 luce
1697 1263 1886 1301 deficerent.

124 1311 243 1346 hooest
254 1307 378 1343 sciiicet
388 1307 479 1354 quod
490 1307 570 1340 dicit
583 1307 708 1341 Petrus,
719 1303 813 1338 falsos
824 1305 976 1339 doctores
987 1328 996 1341 ‚
1008 1303 1088 1339 ficut
1097 1306 1228 1354 populo
1237 1305 1414 1342 israelitico
1425 1309 1554 1344 molesti
1574 1310 1658 1346 olim
1670 1311 1806 1348 fuerunt
1819 1340 1828 1354 ,
1842 1316 1888 1349 ita

45 1355 398 1400 ChristianaeEcclefiae
408 1354 534 1404 semper
542 1353 612 1388 fore
622 1351 766 1387 infestos.
794 1353 930 1386 Perinde
941 1365 1020 1399 ergo
1032 1354 1076 1386 est
1085 1354 1146 1388 acsi
1157 1355 1279 1390 diceret
1289 1380 1298 1393 ,
1311 1356 1414 1391 Nunc
1424 1355 1519 1391 floret
1529 1360 1703 1407 Eiiangelii
1723 1362 1886 1398 doeh-ina:

47 1407 185 1445 sednon
209 1407 265 1440 diu
278 1403 422 1452 quiescet
431 1406 525 1437 Satan
538 1425 547 1439 ,
559 1404 640 1448 quiri
660 1403 798 1437 zizaniis
807 1398 963 1435 suffocare
976 1401 1098 1435 studeat
1110 1415 1229 1450 purum
1243 1402 1363 1439 semen.
1389 1406 1542 1439 Prodetat
1555 1406 1624 1441 haec
1633 1409 1822 1444 admonitio
1841 1410 1889 1445 se-

45 1454 291 1492 culo-Pauli,th
303 1452 414 1487 sedule
424 1452 580 1486 instantes
593 1461 680 1498 purae
691 1450 849 1486 doetrinae
859 1461 926 1483 tam
937 1449 1081 1484 Pastores
1092 1452 1192 1496 quam
1205 1450 1413 1499 reliqui,non
1423 1456 1754 1493 circumuenirentur.
1775 1458 1886 1494 Nobis

43 1505 149 1541 hodie
160 1506 207 1538 n6
219 1505 330 1537 minus
340 1501 384 1535 est
396 1499 496 1537 vtilis‚
508 1511 614 1545 quum
626 1497 712 1531 nihil
722 1499 888 1532 cernimus
899 1496 1049 1532 accidilse
1060 1499 1152 1544 quod
1164 1513 1234 1534 non
1244 1499 1342 1534 fuerit
1353 1496 1472 1535 diserto
1484 1504 1623 1549 Spiritus
1635 1508 1793 1540 vaticinio
1806 1519 1888 1554 Ρη-

8 1562 9 1569 ’
44 1554 187 1589 ὀίᾶωτι.
201 1549 482 1588 'Animaduertere
494 1558 643 1597 praeterea
653 1545 708 1581 hic
719 1545 796 1581 licet
808 1557 966 1592 quantam
978 1545 1123 1581 Ecclefiae
1133 1544 1194 1583 suae
1205 1560 1316 1583 curam
1329 1561 1404 1598 agat
1412 1551 1504 1584 Deus
1513 1575 1523 1591 ,
1539 1551 1618 1586 dum
1631 1555 1676 1586 ita
1688 1555 1814 1588 mature
1827 1568 1886 1590 oc-

44 1603 151 1638 currit
165 1590 332 1649 periculis.
343 1595 549 1644 Multiplices
560 1594 695 1641 quidem
705 1605 786 1628 artes
797 1593 895 1628 habet
906 1596 1002 1628 Satan
1017 1593 1138 1641 quibus
1148 1598 1182 1630 in
1194 1609 1337 1631 errorem
1350 1610 1413 1632 nos
1426 1599 1580 1637 inducat,
1601 1604 1634 1635 ὅ(
1648 1604 1740 1636 miris
1760 1602 1886 1638 insidiis

43 1662 110 1686 nos
120 1649 277 1683 adoritur:
288 1646 400 1682 verimi
410 1640 585 1678 exaduerso
595 1641 668 1677 satis
679 1645 789 1677 munit
799 1655 861 1676 nos
873 1643 1058 1680 Dominus,
1070 1642 1130 1677 nisi
1141 1641 1258 1691 sponte
1267 1646 1375 1693 decipi
1386 1646 1485 1680 nobis
1495 1645 1622 1683 liberet.
1635 1651 1748 1697 Qre
1759 1663 1830 1686 non
1842 1652 1886 1687 est

42 1699 139 1747 quod
158 1706 335 1744 queramur
343 1694 548 1742 potentiores
559 1689 618 1725 effe
629 1690 778 1726 tenebras
789 1689 874 1729 luce,
885 1701 940 1725 aut
950 1689 1092 1738 superari
1101 1695 1272 1727 veritatem
1285 1694 1302 1727 a
1313 1695 1497 1729 mendacio:
1510 1694 1562 1730 sed
1573 1700 1685 1743 potius
1696 1699 1812 1734 nostrae
1831 1701 1886 1734 ina

45 1749 144 1782 curiae
153 1746 362 1793 ignauiaeque
372 1739 487 1789 p'oenas
496 1740 624 1780 damus,
632 1752 738 1786 quum
749 1739 945 1774 abducimur
954 1740 972 1773 a
982 1741 1069 1775 reeta
1078 1738 1189 1774 salutis
1198 1743 1261 1775 via.
1274 1743 1335 1776 Sed
1354 1742 1522 1778 obiiciunt
1533 1747 1592 1790 qui
1603 1744 1660 1780 sibi
1672 1749 1707 1782 in
1719 1746 1783 1781 suis
1794 1760 1885 1782 erro*

43 1794 137 1830 ribus
147 1792 333 1842 indulgent,
345 1787 500 1838 vixpoffe
509 1787 647 1823 discerni
658 1786 819 1835 quosnam
830 1798 888 1822 aur
899 1786 1011 1835 quales
1022 1786 1166 1835 designet
1175 1788 1306 1824 Paulus.
1318 1789 1407 1837 quasi
1417 1791 1496 1825 vero
1507 1794 1647 1848 Spiritus
1658 1793 1744 1832 hanc
1753 1796 1883 1844 prophe

42 1846 127 1879 tiam
136 1839 296 1876 devnihilo
305 1838 453 1878 ediderit,
468 1841 503 1871 &
514 1847 608 1871 tanto
618 1837 694 1870 ante
705 1835 979 1883 promulgauerit.
991 1835 1081 1870 Nam
1093 1835 1115 1870 fi
1125 1836 1257 1872 nullum
1271 1839 1314 1872 est
1324 1849 1449 1874 certum
1460 1840 1635 1877 discrimen
1647 1868 1657 1883 ,
1679 1842 1881 1891 superuacua

40 1890 139 1930 foret,
149 1887 298 1936 adeoque
308 1885 446 1925 ridicula
466 1896 537 1921 tota
547 1884 686 1933 praesens
696 1885 885 1920 admonitio
897 1898 905 1918 ε
927 1882 980 1919 sed
992 1883 1071 1919 absit
1081 1896 1116 1919 vt
1130 1884 1244 1920 frustra
1253 1899 1317 1921 nos
1327 1889 1445 1923 irritari
1459 1899 1615 1937 putemus
1626 1892 1644 1925 a
1655 1892 1723 1928 Dei
1745 1894 1879 1940 Spiritu,

42 1938 447 1988 periculi‘denuntiatione
458 1946 530 1969 non
543 1932 639 1967 simul
650 1933 775 1967 ostendi
786 1934 926 1968 cauendi
937 1934 1112 1969 rationem.
1139 1935 1245 1981 Atqui
1265 1934 1357 1969 illam
1369 1935 1573 1972 calumniam
1595 1937 1668 1974 satis
1679 1946 1734 1986 pe‘r
1752 1940 1781 1974 se
1791 1941 1880 1976 refu-

40 1999 112 2023 tant
119 1985 214 2022 Pauli
225 1984 332 2020 verba.
345 1996 421 2019 nam
432 1981 522 2030 quafi
532 1982 638 2064 di(gito
650 1981 792 2016 ostendit
823 1980 949 2016 malum
960 1982 1050 2029 quod
1059 1981 1257 2029 fugiendum
1269 1996 1398 2019 monet-
1416 1985 1538 2031 Neque
1548 1990 1638 2021 enirn
1655 1991 1690 2022 in
1702 2001 1821 2023 oencre
1839 1990 1879 2025 de

569 2044 585 2064 C

38 2033 337 2085 pseudoprophetis
349 2030 445 2067 verba
456 2030 544 2068 facit,
587 2030 607 2063 d
617 2029 702 2064 clarc⁴
713 2028 854 2077 speciem
865 2032 1021 2078 exprimit
1033 2029 1115 2063 falsae
1125 2030 1294 2066 doetrinae:
1308 2045 1428 2080 nempe
1439 2046 1511 2080 quae
1523 2037 1680 2081 pietatem
1702 2017 1876 2084 t{stigando

1914 1229 2010 1266 amem
2017 1234 2087 1267 3:43.

39 2094 182 2119 externis
192 2082 375 2118 elementis,
388 2080 406 2114 s
425 2077 590 2114 {ritualem
600 2080 663 2112 Dei
675 2078 803 2115 cultum
839 2081 972 2111 eruertit
983 2090 1019 2112 ac
1029 2077 1192 2124 profanat,
1203 2091 1238 2113 vt
1248 2082 1314 2114 iam
1325 2081 1404 2114 dixi.
1453 2081 1627 2126 Desciscent
1634 2083 1761 2128 qnidam
1772 2083 1792 2120 ὲ
1798 2084 1874 2133 fid&
1897 2113 1902 2118 ,

0 2123 2 2152 l
37 2135 208 2168 Incertum
218 2131 258 2164 de
269 2127 471 2176 magistrisne
479 2126 648 2173 loquatur,
658 2139 700 2160 an
715 2126 754 2160 de
762 2139 802 2160 au
828 2124 978 2160 itoribus.
989 2125 1078 2160 malo
1090 2137 1201 2162 tamen
1211 2129 1249 2161 ad
1261 2127 1455 2175 posteriores
1466 2130 1582 2165 referre
1594 2145 1601 2165 :
1614 2135 1692 2179 quia
1705 2147 1734 2167 m
1740 2136 1877 2181 agistros

38 2180 158 2216 deinde
166 2190 264 2213 vocat
274 2180 410 2226 Spiritus
416 2174 593 2224 impostores.
646 2176 688 2209 Et
700 2174 766 2208 hoc
775 2175 819 2208 est
830 2175 1053 2214 ε’μφατικώτερον,
1066 2187 1136 2209 noti
1149 2188 1179 2209 m
1185 2176 1250 2209 odi>
1262 2175 1332 2210 fore
1347 2181 1405 2224 qui
1431 2177 1580 2226 spargant
1593 2182 1696 2232 impia
1706 2182 1875 2229 dogmata,

42 2234 78 2266 &
90 2227 165 2263 fidei
175 2229 354 2276 puritatem
366 2223 536 2260 inficiant:
555 2221 606 2257 sed
616 2221 795 2270 discipulos
806 2225 904 2257 etiam
917 2236 988 2258 non
999 2222 1111 2257 defore
1122 2234 1207 2270 quos
1218 2225 1348 2259 trahant
1367 2224 1502 2261 insuam
1514 2226 1643 2263 sectam.
1662 2230 1752 2264 Hinc
1764 2242 1875 2265 autem

37 2275 180 2314 nascitur
191 2277 297 2310 maior
305 2272 522 2322 perturbatio,
532 2284 637 2318 quum
647 2273 692 2305 ita
704 2272 915 2305 mendacium
926 2268 1107 2306 inualescit.
1116 2272 1220 2306 Porro
1239 2286 1309 2309 non
1320 2273 1393 2308 leue
1404 2276 1447 2308 est
1459 2278 1580 2310 vitium
1591 2279 1682 2323 quod
1693 2291 1788 2312 notat
1802 2306 1811 2317 ,
1823 2278 1876 2313 scd

36 2322 280 2360 atrociffimum
289 2324 428 2358 crimen,
437 2318 591 2368 apostafia
600 2318 748 2366 Afidez&
760 2330 870 2354 tamen
883 2322 989 2367 prima
1000 2318 1103 2368 specie
1110 2333 1181 2354 non
1191 2322 1319 2355 videtur
1329 2325 1363 2356 in
1376 2322 1442 2371 ipsa
1453 2323 1605 2359 doctrina
1615 2339 1714 2372 quam
1729 2330 1870 2374 attingit,

38 2385 173 2409 tantum
181 2369 241 2405 esse
251 2369 341 2405 mali.
360 2370 454 2412 Quid
462 2370 553 2404 enim
564 2375 573 2401 Ξ
584 2381 624 2402 an
634 2379 770 2416 propter
779 2367 932 2402 ciborum
944 2367 996 2402 vel
1007 2370 1159 2416 coniugii
1168 2368 1433 2416 prohibitionem
1445 2372 1596 2408 funditus
1608 2373 1716 2408 euersa
1725 2376 1768 2409 est
1781 2375 1868 2410 fides?

37 2421 99 2457 Sed
110 2418 343 2455 consideranda
352 2419 396 2453 est
405 2417 504 2452 altior
514 2419 610 2454 ratio:
630 2416 722 2463 quod
732 2414 920 2464 peruersum
936 2417 1141 2452 Deicultum
1160 2417 1316 2453 homines
1327 2431 1388 2466 pro
1398 2419 1539 2456 libidine
1557 2422 1874 2462 comminiscuntur,

38 2469 132 2518 quod
140 2480 282 2516 regnum
291 2467 456 2501 inuadunt
465 2467 501 2500 in
509 2463 739 2504 conscientias,
749 2464 841 2512 quod
853 2463 946 2499 vsum
956 2463 1122 2500 bonarum
1134 2478 1243 2500 rerum
1254 2467 1271 2501 ὲ
1280 2468 1434 2502 Domino
1446 2469 1636 2517 permissum
1648 2481 1756 2505 vetare
1767 2473 1874 2509 aude‘tt

38 2516 105 2554 vbi
119 2515 217 2553 semel
227 2517 361 2550 vitiatus
370 2515 415 2549 est
423 2513 533 2549 cultus
541 2515 616 2553 Dei,
627 2511 714 2547 nihil
724 2512 867 2561 ampliu‘s
877 2515 1045 2560 integrum
1055 2525 1112 2548 aut
1122 2512 1323 2550 sanuinzimo
1336 2527 1405 2550 tota
1420 2516 1496 2552 fides
1507 2520 1614 2565 periit.
1626 2521 1738 2566 Qare
1747 2521 1876 2556 rideant

36 2578 100 2602 nos
109 2562 245 2613 Papistae
257 2563 345 2601 licet,
355 2575 461 2612 quum
472 2563 658 2609 tyrannicas
670 2574 785 2597 eorum
797 2561 884 2609 leges
893 2564 1097 2609 exagitamus
1105 2563 1145 2596 de
1155 2561 1441 2599 obseruationibus
1452 2569 1593 2602 externis
1605 2580 1612 2600 :
1624 2565 1701 2602 scim
1707 2581 1743 2606 us
1755 2581 1868 2604 tamen

36 2613 165 2650 causam
179 2612 322 2647 maxime:
334 2611 448 2646 seriam
462 2614 495 2645 &
507 2608 730 2657 grauissimam
742 2623 804 2643 nos
813 2622 926 2657 agere:
937 2613 1015 2656 quia
1024 2608 1192 2656 dissipatur
1204 2610 1279 2646 fidei
1290 2613 1440 2648 doctrina
1451 2613 1646 2662 simulatque
1655 2616 1778 2652 talibus
1798 2630 1875 2652 cor-

34 2661 172 2711 ruptelis
182 2659 330 2696 inficitur
339 2662 404 2694 Dei
412 2658 534 2694 cultus.
558 2659 678 2706 Neque
688 2660 779 2692 enim
791 2658 828 2691 de
842 2670 938 2692 carne
947 2669 1003 2692 aut
1016 2659 1158 2706 piscibus
1170 2659 1210 2694 lis
1223 2661 1278 2699 est,
1291 2674 1400 2707 neque
1409 2662 1447 2707 de
1472 2665 1570 2709 nigro
1582 2675 1638 2698 aut
1647 2667 1802 2700 cineritio
1813 2677 1873 2700 co-·-

35 2708 119 2749 lore,
129 2723 237 2758 neque
250 2710 290 2744 de
299 2710 350 2744 die
361 2710 488 2743 veneris
498 2718 554 2742 aut
567 2708 731 2741 mercurii:
743 2705 794 2740 sed
803 2707 842 2740 de
853 2704 974 2741 insanis
984 2708 1166 2742 hominum
1177 2706 1462 2756 superstitionibus
1472 2715 1530 2757 qui
1540 2713 1651 2747 Deum
1678 2713 1798 2748 talibus
1809 2727 1876 2751 riu*

36 2762 101 2807 gis·
123 2758 226 2793 lacare
235 2756 367 2792 voluntz
382 2760 416 2791 &
427 2755 557 2791 cultum
568 2754 617 2789 illi
627 2753 792 2789 carnalem
804 2754 975 2802 fingendo,
987 2755 1117 2790 idolum
1127 2757 1192 2790 Dei
1205 2756 1284 2793 loco
1299 2757 1354 2792 sibi
1368 2756 1509 2805 fingunt.
1520 2761 1607 2806 Qs
1616 2761 1705 2797 hanc
1716 2763 1734 2795 a
1747 2761 1809 2797 fide
1820 2763 1872 2796 di-

35 2770 225 2843 scesslionem
235 2804 295 2840 effe
306 2811 421 2852 neget?
447 2806 600 2852 Spiritus„
613 2803 793 2850 Prophetas
802 2815 857 2837 aut
868 2805 1033 2840 Doctores
1044 2803 1221 2840 intellioit:
1246 2818 1332 2853 quos
1345 2807 1422 2840 ideo
1434 2806 1476 2841 fic
1488 2811 1662 2847 nominat,
1679 2813 1758 2856 quia
1768 2813 1872 2859 Spiri÷

35 2867 110 2891 turn
127 2855 260 2892 iactant,
270 2864 369 2901 atque
378 2852 445 2887 hoc
458 2850 559 2886 titulo
569 2848 599 2885 se
608 2853 780 2886 venditant
791 2852 829 2885 ad
839 2851 1014 2902 populum.
1025 2852 1076 2886 Est
1087 2834 1223 2901 quid'em
1234 2853 1301 2888 hoc
1311 2855 1473 2901 perpetuo
1484 2869 1613 2898 verum,
1627 2857 1872 2905 qualescunque

35 2903 100 2939 sint
112 2902 264 2937 homines
275 2925 285 2939 ,
316 2902 446 2950 spiritus
457 2900 671 2948 instigatione
682 2899 776 2946 loqui
787 2898 838 2934 sed
849 2913 918 2935 non
929 2901 1015 2937 idem
1028 2900 1159 2948 spiritus
1171 2914 1288 2936 omnes
1301 2903 1445 2950 instigat.
1470 2904 1559 2939 Nam
1574 2907 1671 2941 Satan
1691 2905 1869 2953 aliquando

36 2953 179 3000 Spiritus
189 2950 232 2984 est
244 2952 382 2985 mendax
392 2952 426 2983 in
449 2955 507 2984 'ote
520 2947 882 2996 pseudoprophetarum
896 2949 935 2982 ad
946 2949 1158 2997 decipiendos
1176 2948 1324 2985 infideles
1335 2954 1393 2997 qui
1404 2952 1512 3000 decipi
1523 2966 1699 2988 merentur.
1723 2954 1869 3001 quisquis

35 3011 149 3036 autem
157 2998 298 3032 debitam
317 2996 452 3033 Christo
461 2996 601 3045 gloriam
613 2995 748 3035 tribuit,
768 3009 804 3030 ex
815 2998 937 3044 Spiritu
950 2998 1018 3030 Dei
1030 2997 1198 3043 loquitur,
1218 2997 1298 3032 teste
1307 2999 1422 3033 Paulo.
1444 3001 1566 3035 Verum
1579 3001 1737 3048 loquutio
1759 3003 1815 3036 ista
1829 3006 1869 3038 de

63 3060 103 3082 ua
114 3058 204 3081 nunc
212 3048 352 3093 agimus,
368 3046 448 3080 hinc
457 3047 557 3080 initio
569 3046 729 3084 manauit,
741 3045 831 3091 qubd
842 3043 925 3079 serui
937 3046 1051 3085 Dei,vt
1060 3057 1108 3080 res
1119 3057 1196 3084 erat,
1209 3045 1239 3081 se
1249 3045 1369 3082 habere
1379 3061 1416 3081 ex
1427 3050 1568 3097 Spiritus
1580 3051 1780 3084 reiielation'e
1790 3064 1870 3098 pro-

35 3062 216 3132 {rebantur
235 3106 442 3141 quaecunque
454 3096 489 3127 in
501 3094 651 3128 medium
663 3090 850 3128 afferebant.
861 3093 946 3128 vnde
958 3092 1024 3127 illis
1035 3094 1180 3128 inditum
1191 3093 1254 3130 fuit
1265 3097 1407 3143 Spiritus
1417 3110 1543 3132 nomen
1560 3100 1655 3132 cuius
1668 3110 1757 3132 erant
1769 3109 1868 3147 orga-

36 3158 90 3181 na.
118 3145 241 3177 Satanae
249 3141 326 3176 verb
337 3141 477 3177 ministri
488 3140 563 3176 falsa
585 3140 809 3178 aemulatione,
821 3153 982 3188 tanquam
992 3141 1091 3175 simiae
1100 3165 1109 3179 ,
1122 3142 1207 3176 idem
1221 3142 1333 3189 postea
1353 3146 1470 3179 iactare
1483 3157 1673 3193 coeperunt:
1693 3150 1726 3181 &
1738 3160 1865 3185 nomen

36 3203 175 3240 quoque
183 3189 267 3224 falso
277 3190 315 3223 ad
324 3189 354 3223 se
367 3194 544 3224 traxerunt.
561 3190 751 3224 Secundum
764 3189 850 3223 hanc
873 3190 1037 3223 rationem
1047 3190 1127 3224 dicit
1137 3191 1302 3237 Iohannes
1312 3215 1322 3230 ,
1342 3190 1445 3227 Proba
1454 3205 1485 3226 te
1496 3189 1624 3240 spiritus
1636 3216 1645 3231 ‚
1666 3197 1819 3240 nunquid
1830 3212 1868 3234 cx

34 3244 112 3283 Deo
129 3238 201 3274 fint.
229 3239 268 3272 Et
279 3236 398 3272 Paulus
409 3237 438 3272 se
459 3236 564 3285 ipsum
577 3240 736 3284 exponit,
755 3237 903 3271 addendo
914 3260 924 3274 ,
941 3238 1104 3273 ‘Dominis
1131 3238 1337 3274 daemoniorum
1356 3252 1364 3277 z
1386 3242 1476 3286 quod
1486 3242 1621 3288 perinde
1638 3243 1681 3276 est
1701 3243 1760 3277 acss
1772 3245 1870 3281 dixis-

34 3289 80 3325 set
93 3315 103 3329 ,
125 3287 330 3322 attendentes
346 3284 664 3333 pseudoprophetis,
679 3289 713 3319 &
731 3285 904 3320 diabolicis
934 3297 1050 3320 eorum
1060 3287 1285 3334 dogmatibus.
1323 3291 1447 3322 lterum
1468 3286 1713 3335 obseruaquam
1727 3304 1798 3326 non
1819 3294 1868 3330 le-

34 3340 87 3374 uis
101 3335 139 3371 fit
151 3347 240 3370 error
258 3345 320 3370 nec
339 3332 608 3373 diffimulandus,
625 3347 733 3381 quum
743 3332 921 3381 alligantur
935 3338 937 3343 '
953 3334 1137 3370 hominum
1148 3334 1317 3383 figmentis
1335 3336 1542 3371 conscientiae
1553 3360 1562 3375 ,
1575 3337 1715 3373 &simul
1735 3341 1869 3380 vitiatur

35 3384 143 3423 cultus
152 3385 228 3420 Dei.

1895 2888 2087 2928 1.Reg.22,d.13

1895 2935 1914 2954 1.
1925 2932 1983 2956 Cor.
2000 2939 2089 2967 nna-3.

1893 3218 1989 3243 κλωπ,
2002 3225 2046 3250 4υι
2058 3226 2076 3247 !t
