2268 3705
123 165 223 202 fimus
233 168 320 201 e'xtra
330 162 437 213 ipsum
448 176 566 199 omnes
575 164 746 198 damnati?
786 164 969 210 Apostolos
981 173 1093 199 tamen
1102 166 1141 199 ad
1151 164 1325 212 ligandum
1333 188 1344 205 ‚
1358 181 1429 204 non
1442 172 1553 205 minus
1564 173 1665 218 quam
1675 166 1715 208 ad
1726 174 1975 220 soluendum&

124 216 164 249 ad
175 212 344 249 retinenda
353 225 424 248 non
439 214 552 246 minus
564 214 666 258 quam
674 213 871 246 remittenda
883 215 1145 259 peccata,mittit.
1157 215 1228 249 Lux
1241 216 1283 248 est
1296 218 1427 254 mundis
1440 216 1490 251 sed
1501 218 1651 256 infideles
1663 236 1808 260 excaear:
1822 229 1914 268 Petra
1923 233 1972 267 est

123 261 394 298 fundamentalis,
408 260 460 294 sed
471 260 587 294 multis
598 263 696 294 etiam
708 259 790 306 lapis
801 258 1007 295 offendiculi.
1017 263 1153 310 Semper
1164 274 1244 310 crgo
1254 263 1526 311 distinguendum
1538 268 1587 301 est·
1603 274 1777 317 proprium
1794 276 1969 325 Euangelii

123 310 275 345 ‘officium
285 310 324 344 ab
335 307 530 344 accidentali
540 309 588 350 (vt
598 311 644 342 ita
654 307 784 355 loquar)
795 309 888 354 quod
897 309 1079 345 hominum
1090 313 1246 358 prauitati
1255 313 1492 359 imputandum
1503 315 1628 362 estzqua
1642 316 1689 357 fit,
1699 330 1734 353 vt
1744 324 1810 356 vita
1818 323 1885 362 mis
1896 338 1967 364 vet-

119 368 206 394 tatur
216 362 249 393 in
263 369 418 393 mortem.
1590 388 1594 392 Ι
1964 373 1971 375 ,

165 419 180 440 1
188 410 208 440 6
254 408 297 439 Et
303 404 349 438 ad
360 404 440 448 hac.)
490 403 693 439 Exclamatio
703 404 773 439 haec
783 402 979 452 quibusdam
990 406 1121 440 videtur
1131 403 1190 440 eise
1203 407 1393 456 interpofita
1402 408 1443 443 ad
1454 412 1622 447 vitandam
1633 421 1857 463 arrogantiam·
1866 426 1875 455 ς’
1884 427 1963 469 quja·

119 455 258 491 fateatur
266 466 335 489 rem
346 451 406 486 esse
418 453 563 487 humana
574 452 728 487 facultate
738 450 953 500 superiorem,
964 452 1094 488 bonum
1104 455 1239 489 Christo
1249 456 1450 503 Apostolum
1461 459 1491 493 se
1501 462 1655 508 praestare.
1672 462 1712 499 sic
1723 460 1834 501 autem
1846 467 1916 504 laus
1926 474 1961 506 in

117 506 231 538 Deum
241 499 476 536 transcribitur.
495 501 563 536 Alii
573 512 691 548 putant
702 503 812 535 notari
821 501 991 537 bonorum
1005 503 1234 537 ministrorum
1244 507 1454 551 paucitatem.
1467 509 1538 554 Ego
1550 513 1685 545 tacitam
1698 514 1874 550 antithesin
1885 518 1961 553 sub-

116 549 176 586 effe
186 549 427 596 existimo‚quae
440 551 545 584 statim
557 552 763 598 exprimitur.
777 549 838 584 aefi
850 551 982 587 diceret,
997 550 1149 597 Vulgaris
1160 552 1295 597 quidem
1307 554 1350 586 est
1359 553 1515 600 professio
1527 580 1536 594 ,
1555 562 1590 592 &
1601 559 1699 594 muln
1709 561 1915 600 confidentes
1929 566 1961 602 se-

116 601 250 635 iactant:
267 597 318 633 sed
327 610 396 632 rem
409 596 512 646 ipsam
522 597 730 635 habere,ratae
741 598 784 632 est
795 600 988 645 eximiaeque
997 601 1140 633 Virtutis.
1150 599 1237 633 nihil
1248 601 1332 634 mihi
1342 600 1462 650 vliirpo
1476 607 1646 652 quodnon
1658 611 1693 643 in
1705 622 1758 648 me
1767 617 1957 660 comperias

114 658 169 682 tur
183 673 193 687 ,
208 646 229 681 fi
241 647 280 681 eo
295 658 432 681 ventum
448 645 554 680 fucrit.
565 648 652 693 Ergo
664 658 769 692 quum
782 646 917 681 titulum
928 647 987 681 sibi
997 646 1184 693 promiscue
1195 647 1350 696 vsurpent
1360 672 1370 686 ‚
1385 650 1506 696 quibus
1516 655 1656 690 docendi
1667 655 1820 693 officium
1833 662 1918 696 inter
1929 662 1959 698 se*

113 708 297 732 commune
306 696 361 733 est,
371 694 490 730 Paulus
500 693 728 728 excellentiam
739 694 940 742 peculiarem
950 694 1009 729 sibi
1021 695 1227 733 vidicansffll)
1238 709 1355 732 corum
1365 709 1463 746 grege
1474 699 1503 734 se
1516 706 1707 751 eximit,qui
1717 706 1810 742 nulla
1818 714 1956 747 annexis

115 757 180 792 gua
190 746 331 792 Spiritus
344 744 464 778 virtute
473 741 657 790 pollebant.
1420 772 1422 776 ,
1861 779 1864 782 ,
1899 769 1901 786 ·,
1930 756 1934 760 >

162 803 198 836 17
250 790 328 826 Non
337 794 414 826 enim
415 791 547 835 fiamus.)
592 793 662 824 Iam
671 789 814 838 apertius
824 788 1105 839 pseudoapostolis
1117 791 1147 826 se
1156 795 1303 840 opponit
1316 818 1327 834 ,
1339 805 1437 841 atque
1448 796 1493 834 id,
1505 796 1732 845 amplificandi
1742 802 1834 839 causa
1843 824 1856 846 ,-
1868 809 1902 844 ὃς
1913 805 1955 842 fi„-

114 840 187 875 mul
197 851 231 874 vt
241 853 297 874 cos
308 841 326 874 a
339 839 433 874 laude
442 851 545 885 quam
557 837 616 874 fibi
628 839 828 877 veiidicauit‚
839 839 1217 887 excludat.1ure‚inquit‚
1228 843 1267 876 de
1277 855 1354 877 meo
1364 844 1564 891 Apostolatu
1576 848 1752 894 magnifice
1763 854 1894 899 loquon
1905 858 1954 892 n&

112 891 205 923 enim
215 901 329 923 vereor
339 901 380 922 ne
389 898 506 934 arguar
515 889 683 941 vanu-fatis,
695 886 715 921 [i
727 890 773 921 rei
783 890 1048 936 experimentum
1060 893 1227 935 quaeritur.
1235 891 1296 924 Sed
1307 891 1405 926 multi
1415 891 1599 931 falso„idem
1609 897 1669 930 libi
1678 906 1905 949 arroganr,qui
1917 907 1956 940 m*

109 937 163 974 hil
171 939 373 985 reperientur
383 935 503 970 habere
515 948 648 971 mecum
660 934 776 972 [imile.
785 935 922 971 verbum
932 940 1024 973 enim
1034 939 1179 973 Domini
1187 937 1371 974 adulterant
1388 942 1499 987 :quod
1510 954 1572 990 ego
1583 941 1712 979 summa
1727 945 1788 982 fide
1799 954 1833 984 ὅς
1849 953 1953 988 fince-

108 988 254 1024 ritate‚in
263 982 408 1019 Ecclesiae
417 983 668 1019 aedificationem
681 985 1052 1020 administraCaeoerirm
1062 999 1134 1020 non
1144 987 1188 1020 est
1199 987 1284 1021 inihi
1299 988 1546 1037 veriliinile,qui
1553 991 1610 1026 hic
1619 998 1953 1036 taxantundot‘im'nas

110 1033 219 1083 palam
231 1035 349 1080 impias
359 1044 415 1066 aut
427 1031 517 1066 falsas
528 1030 718 1081 praedicaffe:
729 1030 780 1067 sed
789 1035 902 1080 potius
912 1033 1053 1069 arbitror
1063 1047 1120 1069 eos
1131 1045 1186 1069 aut
1196 1037 1335 1081 quaestus
1347 1049 1404 1071 aut
1413 1038 1611 1074 ambitionis
1623 1041 1715 1077 causa
1723 1061 1734 1081 1
1752 1048 1956 1084 redtumffld..

110 1084 224 1117 ctrinae
235 1079 327 1121 vsuni
337 1080 525 1128 corrupisse,
539 1092 573 1114 vt
584 1083 682 1116 omni
691 1084 823 1128 energia
832 1093 963 1116 careret.
975 1083 1009 1116 Id
1019 1085 1153 1117 vocauit
1164 1083 1362 1119 Adulteram
1373 1086 1524 1122 Erasmus
1535 1094 1715 1136 cauponari
1726 1094 1951 1139 malum-Gre-
1978 1117 1979 1120 =

109 1143 188 1165 cum
199 1129 337 1164 verbum
344 1127 501 1162 καπηλεύειν
509 1130 526 1163 a
539 1129 690 1177 propolis
702 1127 872 1177 sumptum
888 1131 944 1170 est,
954 1142 1011 1164 aut
1020 1131 1242 1178 cauponibus»,
1255 1133 1377 1180 quibus
1390 1147 1464 1170 mos
1474 1139 1516 1170 est
1527 1133 1595 1171 suas
1608 1148 1730 1175 merces
1742 1138 1850 1177 fucare
1859 1159 1870 1181 ,Α
1881 1150 1951 1191 quo?

107 1179 212 1227 pluris
218 1188 380 1213 vaeneant.
399 1181 437 1213 ln
448 1179 509 1212 hac
520 1176 760 1224 significatione
770 1190 812 1212 an
823 1177 960 1212 verbum
972 1180 1165 1226 Cauponari
1174 1179 1301 1227 legatur
1311 1184 1398 1230 apud
1413 1185 1552 1222 Latinos
1561 1203 1572 1223 ‚
1585 1188 1706 1223 nescio.
1723 1190 1864 1227 Certum
1875 1195 1952 1239 qui-

104 1228 182 1261 dem
193 1227 248 1265 est,
259 1239 296 1261 ex
307 1228 474 1268 contrario
488 1225 651 1262 membro,
661 1225 801 1260 Paulum
813 1226 869 1260 hic
878 1227 1037 1261 doemnae
1046 1229 1268 1275 corruptelam
1280 1229 1416 1265 voluisse
1429 1236 1621 1280 exprimere:
1633 1248 1704 1271 non
1715 1241 1794 1284 quia
1803 1237 1952 1277 averita,

105 1286 140 1310 te
150 1274 326 1309 deficerent
335 1300 345 1314 ,
357 1273 408 1308 sed
419 1275 511 1320 quod
520 1287 592 1308 eam
602 1274 745 1308 fucatam
755 1271 998 1322 proponerent,
1011 1288 1082 1309 non
1094 1278 1130 1310 in
1139 1278 1285 1323 genuina
1295 1277 1348 1312 sua
1359 1278 1552 1323 sinceritate.
1565 1284 1754 1330 Dupliciter
1765 1288 1856 1322 enim
1874 1296 1949 1324 co'i:n

105 1324 346 1372 rumpitur-Dei
355 1323 524 1358 doctrina:
555 1323 678 1357 diretste
690 1345 699 1361 ‚
710 1335 817 1369 quum
828 1320 958 1356 falsitati
970 1326 1003 1356 ὃ(
1015 1325 1195 1358 mendaciis
1205 1326 1352 1364 admista,
1362 1340 1433 1362 non
1444 1328 1588 1376 amplius
1598 1344 1679 1378 pura
1688 1358 1699 1373 ‚
1720 1347 1781 1369 nec
1793 1344 1951 1382 germana

103 1373 172 1408 Dei
181 1372 334 1406 doctrina
345 1372 399 1408 est,
415 1369 466 1404 sed
478 1369 564 1405 falso
575 1369 633 1405 sub
642 1372 708 1405 hoc
722 1370 823 1404 titulo
833 1371 1103 1405 commendatur:
1124 1373 1284 1408 indirecte
1293 1397 1302 1411 ‚
1315 1387 1421 1421 quum
1433 1387 1557 1411 retenta
1570 1383 1730 1425 puritate,
1741 1382 1886 1419 flectitur
1897 1397 1951 1420 ta-

105 1433 185 1456 men
202 1420 269 1455 huc
281 1423 314 1454 δε
327 1418 406 1454 illuc
416 1421 452 1453 in
476 1420 657 1453 hominum
668 1421 808 1466 gratiam
817 1441 827 1456 ,
848 1420 1041 1466 &indignis
1054 1419 1233 1455 lenociniis
1244 1421 1462 1461 deformatur,
1477 1427 1517 1458 ad
1531 1430 1765 1474 aucupandum
1785 1430 1946 1469 fauorem.
1963 1457 1966 1459 ,

105 1468 392 1516 quemadmodum
403 1470 606 1514 reperientur
616 1466 787 1504 nonnulli,
800 1469 835 1501 in
845 1479 991 1514 quorum
1003 1468 1155 1503 doctrina
1164 1468 1258 1503 nulla
1268 1472 1328 1504 erit
1341 1474 1504 1520 impietas:
1517 1471 1568 1507 sed
1579 1477 1657 1521 quia
1667 1488 1723 1512 aut
1733 1478 1865 1525 plausus
1876 1486 1952 1517 mii-³

104 1518 139 1551 di
150 1527 322 1553 venantur,
336 1527 478 1549 acumen
487 1513 583 1550 suum
595 1519 629 1550 &
639 1514 827 1550 facundiam
838 1516 1112 1557 venditando,aut
1121 1516 1237 1551 locum
1250 1518 1397 1566 aliquem
1409 1519 1575 1559 ambiunt,
1586 1534 1642 1558 aut
1653 1525 1785 1561 inhiant
1796 1533 1885 1577 turpi
1895 1524 1957 1565 lu?

105 1576 177 1606 cro,
187 1575 243 1599 aut
255 1574 420 1611 emergere
430 1576 571 1610 quoquo
583 1564 685 1598 modo
695 1565 849 1611 cupiunt,
859 1565 1039 1612 deprauant
1049 1565 1276 1601 nihilominus
1287 1565 1388 1615 ipsam
1399 1570 1668 1620 do&rinam‚qua
1678 1585 1850 1622 perperam
1865 1577 1949 1614 abu-2

106 1623 226 1649 tuntur
236 1635 248 1650 ‚
262 1616 295 1646 ἃ.
308 1624 408 1659 quam
419 1614 529 1660 prauis
539 1609 602 1646 suis
611 1611 849 1660 cupiditatibus
859 1609 976 1647 seruire
985 1612 1122 1648 faciunt.
1142 1616 1289 1650 Retineo
1300 1619 1401 1664 igitur
1413 1618 1555 1653 libenter
1566 1620 1783 1661 Adulterandi
1794 1624 1946 1662 verbum&

105 1664 187 1709 quia
198 1659 314 1695 melius
326 1662 481 1708 exprimit
488 1661 568 1707 quid
579 1663 712 1695 euenire
722 1660 883 1696 omnibus
892 1658 992 1695 soleat
1002 1685 1013 1700 ‚
1024 1665 1083 1709 qui
1091 1661 1295 1699 sacrosancto
1305 1668 1370 1699 Dei
1379 1666 1481 1701 verbo
1491 1689 1502 1704 ‚
1510 1678 1670 1714 tanquam
1681 1670 1749 1718 pila
1757 1670 1889 1712 ludunt,
1909 1687 1949 1710 ac

100 1710 188 1746 illud
206 1706 456 1756 transfigurant,
475 1720 576 1756 prout
592 1708 659 1744 illis
669 1710 713 1744 est
725 1710 959 1744 commodum.
1003 1709 1138 1746 Neceffe
1147 1714 1238 1746 enim
1260 1713 1304 1747 est
1319 1724 1353 1748 vt
1364 1714 1563 1761 degenerent
1589 1719 1608 1751 a
1619 1721 1752 1754 veritate
1762 1746 1773 1761 ,
1790 1726 1828 1756 1&
1849 1715 1958 1759 fausti-v

101 1761 192 1793 tium
210 1757 376 1805 quoddam
386 1756 676 1805 adulterinumque
691 1757 912 1806 Euangelium
923 1759 1110 1806 praedicent.
1163 1759 1228 1794 Sed
1233 1771 1382 1806 tanquam
1393 1775 1432 1796 ex
1438 1765 1626 1810 finceritate.
1680 1768 1774 1804 Nota
1782 1768 1944 1806 similitu..

101 1808 189 1842 dinis
199 1807 255 1841 hic
264 1803 463 1853 superuacua
474 1806 519 1840 est
529 1829 539 1844 ‚
549 1817 584 1840 vt
593 1805 666 1841 aliis
681 1806 795 1841 multis
804 1806 898 1841 locis.
922 1807 1130 1855 Corruptelae
1139 1811 1235 1843 cuius
1245 1814 1442 1846 meminerat
1452 1836 1462 1850 ,
1486 1814 1634 1859 primum
1647 1820 1796 1864 opponit
1811 1817 1944 1859 sinceri-

101 1866 223 1898 tatem,
236 1867 307 1901 quae
327 1865 396 1888 tam
406 1855 447 1888 ad
455 1854 697 1902 praedicationis
711 1855 854 1890 formam
866 1855 966 1902 quam
976 1856 1018 1890 ad
1035 1853 1190 1892 affetstum
1200 1861 1305 1892 animi
1315 1859 1425 1894 referri
1434 1861 1559 1916 potest:
1580 1864 1662 1898 mihi
1672 1866 1738 1899 hoc
1758 1864 1942 1904 secundum

101 1907 206 1951 magis
223 1901 393 1951 probatur.
410 1903 541 1937 Deinde
552 1901 650 1937 fidam
662 1907 697 1938 ὃ(
711 1902 900 1952 religiosam
925 1902 1203 1952 dispensationem
1215 1918 1223 1940 ε
1233 1907 1325 1952 quod
1337 1907 1643 1957 ipse-Euangelium
1656 1911 1742 1949 sibia
1753 1916 1828 1950 Deo
1847 1928 1944 1952 coin-

100 1949 234 1987 missum
245 1974 256 1989 ‚
284 1955 319 1986 &
329 1951 415 1998 apud
433 1949 462 1984 se
471 1950 659 1999 depolitum
668 1975 678 1990 ,
696 1952 736 1986 de
750 1963 850 1987 manu
861 1956 897 1987 in
910 1964 1048 1987 manum
1065 1953 1172 2000 (quod
1184 1957 1290 2000 aiunt)
1310 1956 1456 1991 Eccleliae
1469 1957 1606 1993 fideliter
1618 1962 1730 1995 tradat.
1755 1964 1872 1998 Tertiis
1882 1966 1943 2000 ad.-.

98 2002 211 2048 iungit
228 2002 391 2034 intuitum
400 2000 533 2034 Diuinae
555 1998 739 2048 praesentiae.
758 2001 849 2035 Nam
864 2000 932 2035 haec
949 2002 1011 2034 tria
1028 2000 1177 2048 quisquis
1189 2003 1340 2038 habuerit
1363 2029 1373 2043 ‚
1396 2018 1466 2040 non
1478 2007 1521 2040 est
1530 2008 1716 2053 periculum
1734 2023 1778 2045 ne
1799 2011 1941 2048 verbum

97 2050 163 2084 Dei
177 2060 388 2096 corrumpere
408 2050 443 2082 in
454 2050 607 2083 animum
625 2049 771 2084 inducat.
790 2048 940 2083 Primum
951 2047 995 2082 est
1006 2071 1016 2086 ‚
1026 2062 1061 2083 vt
1071 2052 1162 2085 resto
1172 2051 1236 2085 Dei
1248 2052 1323 2087 zelo
1334 2065 1487 2100 agamur:
1511 2055 1649 2089 alterum
1661 2076 1671 2094 ‚
1690 2069 1724 2100 vt
1747 2063 1941 2095 memineri—

100 2110 176 2133 mus
193 2099 262 2131 eius
271 2099 446 2144 negotium
459 2109 522 2130 iios
539 2109 650 2144 agere:
662 2109 722 2132 nec
732 2099 913 2144 quicquam
929 2096 1135 2146 proferamus
1146 2098 1206 2133 nisi
1215 2099 1256 2133 ab
1267 2098 1338 2148 ipso
1351 2101 1557 2148 profectum:
1579 2114 1713 2139 tertium
1724 2121 1733 2142 i
1753 2118 1790 2141 vt
1809 2112 1939 2155 cogite-

99 2158 175 2180 mus
186 2168 195 2182 ,
215 2144 300 2178 nihil
313 2143 372 2178 nisi
385 2142 456 2192 ipso
476 2145 598 2179 testeae
613 2143 794 2194 spectatore
803 2158 867 2180 nos
884 2158 978 2193 agere
991 2159 999 2180 ι
1031 2158 1129 2193 atque
1142 2149 1187 2181 ita
1198 2152 1314 2182 omnia
1322 2151 1364 2183 ad
1374 2152 1443 2183 eius
1453 2148 1616 2185 iudicium
1627 2152 1746 2187 referre
1764 2154 1942 2193 discamus-z,

97 2197 137 2230 ln
156 2191 269 2238 Christo
289 2194 424 2241 perinde
433 2191 518 2227 valet
535 2206 572 2228 ac
583 2195 772 2229 Secundum
790 2193 972 2229 Christum.
990 2195 1080 2230 Nam
1091 2196 1183 2243 quod
1201 2196 1348 2233 Erasmus
1361 2199 1500 2233 reddidit
1510 2201 1569 2234 Per
1581 2200 1753 2238 Christum
1769 2225 1780 2241 ‚
1793 2204 1881 2239 nihil
1903 2208 1942 2241 ad

102 2243 196 2278 Pauli
210 2253 370 2277 mentem.

852 2316 882 2350 C
908 2318 939 2350 A
962 2316 997 2350 P.
1054 2319 1069 2352 1
1091 2319 1105 2351 1
1124 2319 1150 2352 1.

142 2414 326 2468 Ncipimus
347 2411 471 2467 rmficm
481 2427 544 2452 nos
554 2406 640 2469 ipsbs
651 2412 886 2455 commendare
896 2418 917 2454 ἓ
932 2414 1199 2472 nunquidficuti
1209 2416 1353 2471 quidam
1363 2446 1373 2464 ‚
1394 2419 1684 2462 commendatitiis
1699 2420 1848 2479 epssolt's
1857 2427 1937 2480 apia

142 2467 306 2509 habemus
316 2471 457 2508 advos?
467 2481 528 2508 aut
533 2469 823 2512 commendatitiis
832 2469 853 2510 a*
861 2470 965 2512 vobis
973 2474 991 2509 ?
1735 2509 1738 2513 Α

149 2542 171 2565 2
215 2525 371 2582 Eplstola
382 2529 498 2564 nostra
513 2539 580 2565 ‘vos
591 2526 662 2578 estes
673 2557 683 2573 ‚
686 2527 810 2583 scripta
821 2532 860 2568 in
870 2526 1026 2568 cordibus
1036 2526 1243 2585 nqslris,quae
1251 2527 1453 2591 cognofiitfcr
1461 2532 1501 2579 ά
1511 2527 1636 2589 legitur
1643 2531 1686 2573 ab
1695 2532 1852 2575 omnibus
1873 2531 1937 2578 bo-

130 2580 258 2623 inibus.
306 2581 319 2598 ‘

78 2598 128 2624 Mt
148 2654 162 2690 3
220 2646 314 2677 Dum
316 2637 434 2694 paldm
433 2638 567 2691 fit‚vos
574 2634 636 2692 effi
649 2637 826 2693 Epislolam
835 2637 1259 2694 Chnstifiabministratam
1272 2639 1294 2681 ἆ
1303 2640 1578 2700 nobis‚firiptam
1588 2660 1660 2686 non
1667 2648 1941 2703 atramentofid

95 2699 216 2751 Spiritu
227 2697 298 2734 Dei
305 2697 396 2734 viui:
407 2708 478 2734 non
487 2699 526 2734 in
534 2691 658 2732 tabulis
674 2692 890 2748 lapideused
893 2700 933 2736 in
941 2694 1067 2736 tabulis
1082 2697 1191 2737 cordis
1212 2701 1357 2738 carneis.

141 2787 156 2809 1
204 2777 393 2823 Incipimus.)
442 2777 589 2822 Apparet
599 2772 664 2807 hoc
676 2785 814 2820 quoquc
824 2773 917 2809 fuisse
925 2775 977 2810 illi
987 2775 1266 2824 obie&um,qudd
1276 2781 1400 2814 nimius
1412 2777 1486 2815 esset
1495 2783 1528 2816 iri
1539 2783 1752 2830 ptaedicandis
1762 2785 1858 2822 rebus
1870 2784 1935 2821 suis

97 2823 202 2868 gestis:
213 2827 246 2858 &
256 2825 393 2870 quidem
403 2822 444 2857 ab
457 2825 496 2856 iis
508 2820 628 2868 quibus
640 2820 785 2860 dolebat,
796 2835 897 2869 quam
906 2824 1106 2873 appetebant
1120 2829 1270 2861 nominis
1281 2827 1435 2874 gloriam,
1448 2832 1516 2864 eius
1530 2834 1762 2879 magnitudine
1773 2832 1933 2869 suffocari.

95 2872 165 2904 Iam
173 2883 250 2918 ergo
259 2874 294 2906 in
314 2874 422 2919 priore
432 2868 576 2918 Epistola
591 2872 680 2910 (meo
691 2870 830 2915 iudicio)
856 2872 923 2906 hoc
931 2872 1207 2921 reprehenderam
1215 2900 1227 2915 ‚
1245 2877 1336 2922 quod
1348 2879 1381 2910 in
1394 2876 1424 2911 se
1435 2877 1600 2913 laudando
1619 2883 1821 2917 immodicus
1833 2882 1928 2917 foret.

97 2917 314 2952 Commendare
327 2919 380 2954 hic
395 2917 557 2966 fignificat
565 2920 707 2952 inaniter
715 2917 743 2952 se
753 2921 920 2957 iactata&
931 2932 1044 2968 praeter
1055 2923 1264 2960 modum,aut
1273 2925 1358 2958 certe
1368 2924 1564 2962 ambitionis
1575 2927 1667 2962 causa
1678 2926 1789 2964 laudes
1800 2929 1868 2964 suas
1880 2942 1932 2964 re-

95 2964 232 3000 censere.
244 2967 417 3002 Habebam
426 2964 606 3014 speciosum
616 2977 806 3014 praetextum
817 2968 912 3002 Pauli
920 2968 1180 3006 calumniatores
1192 2997 1202 3012 ‚
1214 2972 1305 3018 qubd
1317 2985 1373 3019 per
1382 2971 1411 3007 se
1421 2977 1535 3021 putida
1548 2988 1595 3010 res
1607 2975 1643 3010 fit
1654 2981 1687 3011 Se
1700 2977 1813 3011 odiosa
1828 3000 1838 3014 ‚
1850 2989 1931 3023 pro-

96 3015 174 3061 priae
184 3013 285 3049 laudis
294 3015 542 3050 buccinatorem
554 3012 624 3048 else.
635 3013 687 3048 sed
696 3014 835 3050 Paulum
847 3014 1016 3051 excusabat
1026 3016 1204 3059 necessitas,
1219 3032 1262 3066 qu
1268 3020 1311 3053 bd
1321 3021 1455 3056 nonnisi
1465 3026 1600 3058 coastus
1609 3024 1818 3072 gloriabatur.
1839 3026 1931 3060 Finis

94 3065 196 3096 etiam
209 3060 362 3097 liberabat
373 3076 450 3097 eum
462 3062 502 3097 ab
513 3065 609 3096 omni
620 3062 807 3098 calumnia:
829 3067 993 3110 quoniam
1005 3078 1076 3100 non
1092 3065 1181 3101 aliud
1191 3066 1356 3115 spectabat
1380 3071 1481 3116 quam
1494 3083 1527 3105 vt
1537 3074 1564 3105 A
1571 3072 1750 3118 poilolatus
1761 3071 1808 3105 sui
1819 3073 1932 3109 honor

95 3108 204 3144 saluus
215 3122 358 3145 maneret
367 3115 402 3145 in
411 3109 549 3153 Ecclefie
559 3109 787 3146 aedificatione.
800 3111 860 3146 nili
872 3114 963 3147 enim
975 3115 1176 3150 imminutus
1185 3113 1292 3150 fuisset
1305 3117 1428 3152 Christi
1439 3120 1561 3156 honor.
1577 3118 1672 3154 facile
1685 3123 1800 3153 tacitns
1810 3119 1930 3157 siuiss'er

96 3159 135 3192 de
145 3155 198 3191 sua
208 3156 451 3193 existimatione
461 3160 598 3193 detrahi.
610 3158 750 3194 Videbat
760 3162 859 3194 etiam
871 3161 937 3195 hoc
949 3160 1131 3209 plurimum
1143 3176 1263 3198 nocere
1273 3164 1473 3205 Corinthiis,
1487 3167 1576 3212 quod
1586 3170 1759 3201 autoritate
1770 3170 1883 3203 minus
1893 3182 1931 3203 a-

95 3208 163 3255 pud
173 3218 229 3240 eos
243 3205 368 3240 valeret.
393 3207 541 3241 Primum
553 3219 631 3254 ergo
641 3206 846 3254 calumniam
856 3221 972 3242 eorum
983 3210 1114 3244 adducit
1128 3224 1136 3244 ε
1155 3211 1344 3260 significans
1353 3212 1381 3248 se
1391 3227 1461 3248 non
1478 3213 1608 3261 prorsus
1618 3212 1677 3247 effe
1687 3217 1840 3261 ignarum
1852 3219 1931 3263 qui-

93 3267 172 3290 nam
183 3251 270 3300 apud
279 3267 334 3287 eos
345 3253 509 3290 sermones
519 3253 717 3290 volitaffent.
771 3254 931 3301 Numquid
939 3269 1012 3306 opus
1021 3256 1177 3294 habemus.
1227 3260 1410 3308 Responsio
1421 3262 1464 3294 est
1476 3264 1580 3308 magis
1591 3262 1629 3295 ad
1640 3261 1814 3309 personam
1824 3267 1927 3311 quam

92 3305 133 3337 ad
143 3306 274 3345 rem-(vt
285 3302 386 3347 vulgo
394 3302 650 3346 dicunt)tatnetsi
659 3303 699 3337 de
709 3314 742 3337 re
752 3301 864 3351 postea
873 3305 960 3340 dicet
971 3317 1136 3352 quantum
1144 3306 1218 3342 satis
1229 3311 1300 3343 erit.
1327 3309 1388 3342 Sed
1397 3320 1488 3343 nunc
1499 3320 1613 3344 eorum
1626 3309 1870 3358 malignitatem
1879 3326 1932 3348 ar->

90 3351 272 3400 guit‚quod
285 3349 419 3385 moleste
428 3349 610 3390 fetebautai
620 3351 756 3400 quando
767 3353 1063 3401 inuitus2ade6que
1070 3354 1146 3405 ipfis
1156 3355 1583 3407 cogentibus,mentionem
1591 3356 1712 3407 faceret
1723 3363 1833 3410 gratiae
1841 3359 1902 3410 sibi
1911 3361 1929 3398 ὲ
