2268 3705
105 1153 264 1192 prefi2.a.3.

105 1193 258 1230 Psal.51.b.7.

309 102 369 138 166
774 99 871 147 IN
920 94 1596 149 LEPIST-PA'VLi

314 175 357 206 ris
369 173 458 206 enim
476 171 529 209 est,
538 173 639 220 pietas
649 171 747 206 Vnius
757 171 795 205 ad
806 174 1004 219 coniugium
1016 170 1301 208 sanfflficanduim
1312 172 1413 218 quam
1426 170 1559 205 alterius
1570 170 1722 217 impietas
1733 169 1772 204 ad
1783 171 2041 217 inquinandum.
2065 173 2151 207 Pura

316 222 420 268 igitur
430 221 632 255 conscientia
642 219 788 255 habitare
800 221 906 268 potest
916 220 1019 255 fidelis
1030 232 1108 254 cum
1119 219 1255 258 infideli:
1268 233 1346 261 nam
1358 231 1427 266 quo
1436 220 1475 252 ad
1487 217 1578 253 vsum
1591 222 1624 252 ὃ(
1636 221 1915 254 communionem
1928 222 2038 254 toriae
2048 224 2131 256 totiu
2139 234 2152 255 s

315 273 391 303 vita:
403 292 413 306 ‚
433 265 664 307 sanctificatur,
678 282 718 303 ne
727 266 781 303 sua
794 269 1009 303 immunditia
1019 267 1149 302 fidelem
1161 270 1326 313 inquinet.
1336 270 1461 301 Interea
1472 266 1558 301 nihil
1571 266 1699 314 prodest
1709 266 1776 301 haec
1785 265 2002 302 sanffificatio
2013 272 2154 316 coniugi

316 316 462 352 infideli:
477 317 608 352 tantum
621 330 660 352 eo
671 316 769 357 valet,
781 329 822 351 ne
833 319 901 351 eius
913 315 1034 363 copula
1047 315 1152 350 fidelis
1164 318 1371 361 inquinetur,
1383 321 1416 350 ὅ(
1428 313 1620 364 profanetur
1631 311 1739 362 ipsum
1752 318 2017 351 matrimonium.
2046 318 2135 352 Caete
2144 337 2155 341 -

317 372 392 400 rum
404 365 484 400 hinc
495 368 640 400 exoritur
649 366 795 412 quaestio:
807 362 829 398 fi
841 366 932 399 enim
945 366 1023 398 hdes
1033 366 1095 397 viri
1105 374 1159 397 aut
1172 362 1319 398 mulieris
1329 364 1522 398 Christianae
1532 364 1732 410 coniugium
1750 360 1931 399 ihne'tificet
1941 388 1951 404 ‚
1963 363 2108 412 sequitur
2118 379 2156 399 o-

319 417 412 449 mnia
423 417 608 463 impiorum
620 415 778 460 coniugia
788 413 961 445 immunda
972 410 1108 450 ess'e‚nec
1119 415 1300 459 quicquam
1312 414 1328 446 a
1341 410 1540 446 scortatione
1551 409 1688 445 differte.
1700 410 2027 461 Respondeo‚impiis
2040 426 2157 448 omnia

268 480 271 482 ·
320 461 381 497 esse
394 464 570 497 immunda
581 483 590 500 ,
613 462 704 508 quod
717 462 771 495 sua
781 463 971 507 impuritate
983 462 1081 494 etiam
1103 461 1248 508 optimas
1261 465 1294 494 &-
1305 458 1522 495 seledriffimas
1541 461 1606 493 Dei
1620 470 1779 509 creaturas
1790 459 1952 508 polluant.
1973 463 2063 496 Hinc
2074 460 2110 496 fit
2122 474 2156 495 vr

319 513 520 559 coniugium
533 514 631 544 etiam
643 507 891 557 polluant,quia
901 510 1012 543 Deum
1023 522 1094 543 non
1105 507 1290 556 agnoscunt
1301 507 1634 554 authoremndeoque
1646 519 1725 542 verae
1736 506 2005 544 sanctificationis
2016 511 2157 544 minime

319 557 406 594 fiunt
417 571 562 607 capaces,
575 563 608 592 ἁ
622 554 707 591 mala
719 554 922 591 conscientia
932 559 1094 604 coniugio
1104 559 1297 591 abutuntur.
1323 557 1444 591 Verum
1459 556 1611 604 imperite
1624 556 1890 603 indc⁴colligitun
1908 557 1996 592 nihil
2009 559 2026 592 ὲ
2036 556 2157 592 scorta—

318 609 414 643 tione
428 605 565 641 differre:
581 607 658 652 quia
668 617 838 651 vtcunque
847 604 914 639 illis
924 606 1139 640 immundum
1150 605 1197 643 sir,
1208 617 1266 653 per
1278 602 1307 639 se
1317 607 1405 639 rame
1415 617 1536 652 purum
1548 605 1603 641 est,
1616 615 1777 651 quatenus
1790 605 1860 640 eff‘a
1873 607 1947 640 Deo
1956 607 2159 645 ordinatum,

321 660 356 690 δῑ
368 654 597 691 conseruandae
608 656 693 688 inter
702 653 859 688 homines
870 653 1033 688 honestati
1045 651 1155 692 seruit,
1168 657 1202 688 &
1213 665 1310 700 vagas
1321 653 1474 689 libidines
1483 653 1651 688 refraenat:
1666 653 1817 699 'adeoque
1829 664 1963 701 propter
1973 653 2035 688 hos
2045 653 2126 689 fines
2139 657 2157 689 a

320 706 394 738 Deo
408 703 609 752 approbatur
621 726 630 739 ,
642 713 676 735 vt
687 701 819 749 reliquae
831 714 938 750 partes
949 702 1075 737 ordinis
1088 701 1229 750 politici.
1240 703 1523 749 Distinguendum
1535 714 1613 749 ergo
1628 699 1753 749 semper
1765 704 1850 735 inter
1857 714 1903 736 rei
1914 714 2064 737 naturam
2077 706 2110 737 δε
2120 716 2157 736 a·

320 752 449 787 basum.
510 753 640 796 Alioqui
649 749 851 784 laberivefln‘.
889 752 1135 798 Argumentum
1147 751 1186 785 ab
1198 748 1328 788 effectu,
1340 753 1374 784 Si
1385 751 1602 785 immundum
1614 748 1687 784 esset
1696 750 1838 784 vestrum
1849 753 2061 797 coniugium,
2075 750 2157 785 libe-

320 803 347 835 ri
359 803 416 847 qui
428 799 504 834 inde
515 797 702 837 naicuntur‚
716 799 885 834 immundi
895 798 1015 834 forent:
1025 796 1100 833 sunt
1111 810 1223 833 autem
1233 796 1355 834 fanen:
1370 811 1448 847 ergo
1461 803 1493 834 &
1506 798 1655 835 sanctum
1667 800 1877 846 coniugium.
1897 799 1988 833 Sicut
1998 811 2075 846 ergo
2087 813 2159 834 non

320 849 461 897 impedit
473 847 605 883 alterius
615 858 651 882 ex
663 846 854 895 patentibus
874 849 1028 896 impietas
1038 850 1223 894 quominus
1233 846 1334 883 fausti
1346 847 1441 882 liberi
1453 846 1643 882 nascantur:
1664 849 1708 881 ita
1721 858 1781 881 nec
1793 846 1933 894 impedit
1942 849 2023 894 quin
2034 860 2159 895 purum

318 895 355 931 sit
367 896 590 932 connubium.
602 897 731 931 Locum
742 896 832 930 hunc
842 897 1050 943 grammatici
1060 896 1196 942 quidam
1206 907 1380 944 exponunt
1392 897 1430 930 de
1445 894 1612 931 sandritate
1624 894 1733 935 ciuili,
1747 895 1836 942 quod
1847 895 1993 942 legitimi
2003 894 2158 930 censean-

319 956 381 980 tur:
396 945 493 980 sedin
503 946 563 980 hac
575 955 664 992 parte
674 944 785 979 nihilo
794 943 936 979 deterior
947 945 990 978 est
1000 946 1152 979 conditio
1162 942 1348 980 infidelium
1361 958 1369 978 :
1381 958 1451 979 non
1462 944 1568 992 potest
1579 945 1681 991 igitur
1692 943 1839 978 constare
1849 944 1906 978 illa
1917 943 2087 991 expositio.
2102 945 2160 978 de·

319 995 396 1029 inde
408 1005 533 1028 certum
546 996 590 1028 est
600 992 740 1032 Paulum
752 993 806 1027 hic
817 989 957 1027 voluisse
966 994 1110 1027 eximere
1121 990 1312 1042 scrupulum
1326 991 1672 1039 conscientiis‚nequis
1683 993 1931 1026 immunditiem
1944 993 1973 1026 se
1984 992 2160 1029 contrahe-

318 1055 352 1078 re
366 1041 592 1091 putaret‚sicut
603 1042 680 1076 dixi.
700 1039 840 1087 Insignis
851 1051 930 1089 ergo
941 1041 984 1075 est
994 1042 1049 1076 hic
1059 1041 1203 1079 locus‚&
1216 1053 1254 1076 ex
1266 1043 1386 1076 intima
1393 1040 1564 1089 theologia
1573 1041 1801 1076 du&iis.docet
1813 1043 1902 1075 enim
1914 1039 2071 1088 segregari
2083 1043 2161 1089 pio·

318 1103 393 1126 rum
407 1090 529 1126 liberos
542 1090 582 1124 ab
592 1089 664 1124 :iliis
674 1102 716 1136 qu
722 1090 814 1123 adam
827 1093 1056 1137 praerogatiua,
1067 1101 1104 1124 vt
1115 1088 1217 1125 saneti
1228 1092 1264 1123 in
1275 1088 1414 1124 Ecclesia
1422 1101 1627 1137 reputentur.
1639 1090 1700 1123 Sed
1713 1088 1773 1137 qui
1783 1089 1851 1126 haec
1861 1086 2020 1124 sententia
2029 1101 2106 1124 cum
2115 1103 2158 1125 eo

320 1140 411 1187 quod
422 1139 501 1174 alibi
512 1140 621 1175 tradit,
632 1140 831 1172 conueniet.>
844 1138 919 1173 Nos
930 1136 990 1172 elle
999 1150 1117 1173 omnes
1129 1148 1245 1172 natura
1255 1136 1341 1172 filios
1353 1140 1416 1172 irae.
1428 1140 1604 1175 Item,cum
1615 1135 1775 1173 sententia
1785 1138 2025 1174 Dauidis,Ecce
2037 1140 2071 1172 in
2083 1151 2162 1187 pcc-

317 1199 392 1223 cato
402 1199 585 1236 conceptus
597 1184 680 1228 sum,
696 1189 761 1221 Sec.
771 1184 984 1234 Respondeo‚
998 1184 1214 1221 vniuerialem
1225 1184 1285 1220 eise
1293 1188 1571 1235 propagationem
1584 1189 1618 1220 ὃ(
1631 1188 1758 1234 peccati
1783 1191 1816 1221 ὅ(
1832 1187 2099 1221 damnationisin
2114 1192 2161 1221 ie-

318 1239 410 1272 mine
420 1237 508 1271 Adae:
522 1248 640 1270 omnes
650 1236 752 1282 igitur
763 1235 802 1268 ad
814 1247 919 1276 vnum
930 1233 987 1269 sub
999 1235 1060 1269 hac
1073 1234 1310 1271 maledictione
1321 1234 1448 1270 includi
1460 1258 1469 1272 ,
1489 1232 1554 1268 siue
1570 1246 1607 1268 ex
1622 1234 1772 1268 bdelibus
1783 1233 1848 1269 siue
1859 1247 1896 1268 ex
1907 1236 2021 1282 impiis
2031 1235 2162 1270 descen-

317 1286 406 1320 dant:
424 1297 532 1332 neque
543 1287 634 1319 enim
645 1282 754 1318 fideles
765 1283 886 1318 liberos
897 1294 1054 1331 generant
1065 1280 1243 1318 secundum
1255 1295 1399 1321 carnem,
1411 1294 1573 1329 quatenus
1584 1283 1708 1330 Spiritu
1723 1279 1797 1318 sunt
1807 1285 2002 1330 regenerati.
2014 1285 2050 1317 ἦ
2052 1283 2163 1330 qualis

318 1335 361 1369 est
373 1337 475 1382 igitur
485 1336 521 1367 in
545 1331 706 1368 omnibus
716 1343 838 1366 naturae
858 1332 1010 1366 conditio
1022 1354 1031 1369 ‚
1043 1343 1077 1366 vt
1087 1330 1148 1366 sint
1163 1342 1231 1366 tam
1243 1330 1382 1381 pcccaio
1393 1333 1495 1378 quam
1505 1343 1630 1365 aeternae
1644 1334 1744 1365 motti
1761 1330 1911 1369 obnoxii.
1925 1330 2032 1377 Qod
2049 1343 2162 1367 aurem

316 1382 373 1417 hic
384 1381 501 1418 tribuit
512 1381 623 1416 liberis
635 1379 783 1423 fidelium
796 1379 933 1427 speciale
944 1380 1160 1429 priuilegium
1168 1380 1349 1429 Apostolus
1358 1406 1368 1421 ‚
1397 1381 1429 1414 id
1442 1379 1517 1414 fluit
1528 1392 1565 1414 cx
1573 1378 1739 1415 beneficio
1751 1378 1882 1415 foederis
1893 1403 1904 1418 ‚
1925 1392 1994 1427 quo
2003 1377 2160 1429 superue-

316 1434 432 1466 niente
451 1429 578 1465 deletur
587 1440 710 1464 naturae
721 1428 932 1464 malediffio:
946 1434 979 1464 ὃς
991 1430 1067 1463 Deo
1080 1441 1136 1477 per
1153 1431 1290 1477 gratiam
1308 1426 1540 1464 consecrantur
1550 1430 1609 1475 qui
1618 1439 1734 1463 natura
1745 1427 1876 1475 profani
1887 1439 1990 1463 erant.
2008 1430 2099 1464 Hinc
2108 1442 2160 1464 ax-

317 1490 532 1528 gumentatur
542 1477 659 1512 Paulus
670 1477 708 1511 ad
719 1479 895 1512 Romanos
912 1477 1222 1526 cap.n.b.16,totam
1233 1476 1370 1512 Abrahoe
1379 1479 1539 1525 progenie
1552 1475 1611 1510 ess'e
1621 1475 1860 1522 lhn&am,quia
1871 1475 1976 1512 foedus
1987 1480 2060 1511 vitae
2071 1480 2161 1513 Deus

317 1541 395 1563 cum
409 1527 469 1564 illo
479 1529 660 1576 pepigerat,
673 1528 706 1561 Si
717 1527 806 1560 radix
818 1524 937 1564 lanista,
956 1528 1080 1572 inquit,
1091 1538 1169 1573 ergo
1180 1530 1213 1561 δι
1227 1528 1309 1561 rami
1319 1528 1431 1561 imeri.
1441 1529 1479 1560 ht
1488 1527 1579 1560 Deus
1593 1523 1680 1559 filios
1690 1523 1765 1559 suos
1778 1535 1875 1559 vocat
1885 1537 2004 1559 omnes
2016 1528 2123 1572 quiex
2133 1529 2165 1560 l-

318 1575 415 1612 sraele
425 1574 498 1610 sunt
510 1577 690 1624 progeniti:
701 1587 792 1609 nunc
806 1574 914 1609 diruta
924 1574 1165 1613 maceria‚idem
1181 1574 1291 1609 salutis
1305 1574 1409 1609 foedus
1421 1574 1513 1621 quod
1524 1576 1662 1609 initium
1673 1572 1777 1608 fuerat
1787 1584 1865 1607 cum
1876 1570 2000 1607 semine
2009 1573 2160 1616 Abrahae,

317 1625 417 1661 nobis
429 1624 473 1658 est
482 1625 786 1660 communicatum.
812 1623 918 1670 Qd
938 1621 962 1658 fi
971 1625 1149 1658 communi
1159 1626 1295 1672 generis
1310 1623 1452 1658 humani
1463 1621 1547 1657 sorte
1556 1624 1748 1660 eximuntur
1768 1620 1918 1656 fidelium
1929 1620 2026 1656 liberi
2038 1633 2071 1656 vr
2090 1625 2165 1658 Do-

317 1675 415 1708 mino
427 1671 707 1722 segregentur‚cur
717 1684 773 1707 eos
784 1672 802 1706 ὲ
813 1670 907 1721 signo
914 1670 1122 1710 arceamus,sr
1130 1673 1302 1708 Dominus
1315 1674 1350 1707 iu
1360 1669 1499 1708 Ecclesii
1507 1669 1599 1705 suam
1611 1682 1667 1704 eos
1679 1669 1781 1704 verbo
1792 1670 1952 1704 admittit?
1965 1681 2023 1704 cut
2031 1669 2163 1718 signum

320 1720 387 1756 illis
399 1721 596 1770 negabimus
604 1724 619 1754 ἒ
631 1721 820 1767 Qomodo
829 1731 941 1756 autem
954 1717 1064 1756 saneta
1072 1720 1108 1755 sit
1120 1723 1255 1769 piorum
1265 1717 1408 1761 soboles,
1419 1723 1452 1756 &
1463 1730 1576 1755 tamen
1590 1717 1689 1754 multi
1698 1718 1898 1768 degenerent
1906 1741 1918 1756 ‚
1944 1717 2046 1754 habes
2058 1731 2095 1754 cx
2106 1721 2162 1755 de-

319 1772 411 1806 cimo
424 1774 458 1806 &
471 1771 650 1805 vndecitno
661 1771 767 1817 capite
777 1769 817 1803 ad
826 1770 1054 1807 Romanoa&
1065 1782 1129 1804 nos
1141 1767 1210 1803 illic
1220 1770 1448 1805 tractauimus.

371 1829 400 1865 ¹5
448 1815 741 1869 defiinfidelis.)
789 1818 868 1853 Hoc
879 1815 1059 1853 secundum
1071 1816 1115 1852 est
1126 1816 1328 1855 membrum,
1340 1819 1374 1852 in
1385 1830 1455 1865 quo
1465 1815 1581 1852 liberat
1593 1816 1724 1853 fidelem
1733 1819 1844 1852 virum
1855 1817 1915 1864 qui
1925 1827 2056 1863 paratus
2066 1816 2161 1852 habi-

317 1879 385 1904 tare
397 1877 475 1903 cum
488 1878 588 1902 vxore
598 1868 714 1914 impia,
724 1864 903 1915 respuituri
915 1869 948 1900 &
960 1864 1110 1901 similiter
1121 1865 1294 1901 mulierem
1303 1878 1376 1913 qux
1385 1879 1458 1901 non
1476 1863 1531 1900 sua
1540 1866 1638 1915 culpa
1655 1867 1843 1915 repudiatur
1853 1866 1871 1900 a
1883 1867 1966 1899 viro.
1991 1877 2068 1899 nam
2081 1877 2163 1901 tunc

320 1915 465 1952 infidelis
484 1916 670 1950 diuortium
681 1917 786 1962 magis
805 1925 884 1949 curn
896 1914 974 1949 Deo
986 1916 1088 1962 quam
1109 1927 1187 1949 cum
1196 1914 1338 1950 homine
1354 1918 1500 1962 coniuge
1511 1913 1598 1949 facit.
1628 1916 1682 1950 Est
1703 1917 1805 1963 igitur
1815 1913 1871 1949 hic
1883 1912 2044 1961 pecularis
2061 1918 2160 1956 ratio,

346 1967 398 2000 uia
409 1977 481 2000 non
493 1963 595 1999 modo
606 1961 744 1998 soluitur
761 1986 771 2000 ,
798 1960 850 1997 sed
859 1961 1069 2012 abrumpitur
1079 1966 1229 2016 primum
1252 1967 1286 1999 &
1297 1965 1501 2012 praecipuum
1511 1962 1647 1998 vinculu
1654 1977 1698 1998 m·
1725 1964 1838 1998 Hodie
1848 1961 1974 1996 tametsi
1985 1962 2083 1997 nobis
2095 1961 2161 1999 fere

318 1979 461 2049 amilem
472 2014 638 2047 rationem
652 2023 730 2047 cum
744 2011 878 2060 Papistis
890 2012 1026 2059 quidam
1037 2012 1098 2046 esse
1109 2010 1228 2047 volunt
1238 2038 1248 2053 ‚
1259 2012 1435 2061 prudenter
1444 2022 1555 2048 tamen
1566 2011 1837 2047 considerandum
1857 2012 1939 2058 quid
1950 2010 2075 2045 interiit
2084 2038 2096 2052 ,
2104 2025 2162 2047 ne·

320 2062 402 2110 quid
412 2073 535 2096 temere
544 2071 700 2095 tentetur.
730 2061 748 2093 1
751 2073 770 2092 n
778 2071 864 2109 pace.
892 2058 960 2095 Hie
973 2072 1110 2107 quoque
1123 2062 1250 2096 variant
1262 2063 1454 2109 interpretes
1467 2073 1474 2094 :
1488 2073 1566 2096 nam
1576 2061 1712 2107 quidam
1722 2058 1764 2095 sic
1775 2063 1841 2095 acci
1871 2063 1962 2100 iunt,
1982 2061 2096 2095 Vocati
2109 2059 2162 2097 su-

319 2123 395 2147 mus
405 2112 439 2144 in
452 2121 541 2159 pace,
562 2106 730 2157 fugiamus
740 2121 818 2156 ergo
831 2110 1002 2145 materiam
1016 2111 1050 2143 &
1061 2107 1201 2158 segetem
1214 2107 1398 2144 turbarum.
1415 2110 1486 2156 Ego
1497 2108 1696 2157 simplicius,
1713 2109 1835 2155 Qoad
1846 2072 1924 2142 ficet
1936 2131 1946 2145 ,
1956 2120 2070 2154 pacem
2082 2121 2161 2144 cum
2194 2108 2195 2111 ’

319 2157 482 2193 omnibus
497 2156 660 2199 colamus,
671 2157 710 2191 ad
723 2169 823 2205 quam
833 2154 867 2192 su
873 2170 945 2193 mus
955 2159 1075 2193 vocati:
1090 2170 1161 2194 non
1172 2170 1250 2206 ergo
1260 2168 1382 2192 temere
1392 2157 1622 2192 discedendum
1632 2156 1672 2192 ab
1682 2156 1884 2195 infidelibus,
1895 2155 1954 2191 nisi
1963 2159 2090 2205 priores
2099 2157 2161 2206 ipsi

319 2208 506 2242 diuortium
518 2206 650 2241 faciant.
664 2206 845 2255 Deus-ergo
856 2209 991 2242 vocauit
1000 2219 1063 2242 nos
1074 2209 1109 2243 in
1142 2209 1248 2245 ace,in
1263 2206 1354 2241 hunc
1367 2204 1469 2241 finem
1485 2230 1495 2244 ,
1505 2217 1541 2240 vt
1554 2217 1668 2255 pacem
1678 2219 1757 2241 cum
1770 2203 1930 2240 omnibus
1938 2206 2107 2247 colamus,
2119 2208 2162 2242 de

322 2255 460 2304 singulis
470 2254 555 2291 bene
569 2255 738 2291 merendo.
752 2256 896 2290 Pertinet
907 2257 1009 2303 igitur
1020 2255 1085 2291 hoc
1096 2220 1235 2306 ad'prius
1247 2254 1432 2291 membrum
1444 2277 1454 2293 ‚
1465 2253 1573 2289 fideles
1584 2266 1662 2290 cum
1674 2252 1863 2289 infidelibus
1872 2266 2004 2289 manere
2012 2252 2128 2290 debere
2137 2255 2161 2291 fi

319 2303 543 2341 consentiant,
557 2308 621 2340 διε.
639 2306 720 2350 quia
733 2304 751 2338 ὲ
761 2301 961 2352 profeffione
975 2305 1084 2340 nostra
1093 2305 1246 2342 adhorret
1257 2304 1576 2353 diuortiicupiditas.

369 2356 408 2390 16
456 2351 550 2402 Qd
557 2353 846 2396 enimfit'1‚mulier.)
903 2355 976 2400 Qi
985 2354 1071 2389 hane
1082 2351 1277 2389 sententiam
1289 2352 1409 2389 volunt
1435 2353 1567 2389 secundi
1578 2351 1719 2390 membri
1730 2350 1789 2388 effe
1798 2350 2105 2394 confirmationem,
2115 2351 2159 2390 fic

321 2412 508 2453 exponunt,
523 2401 607 2437 Non
618 2401 714 2436 debet
724 2411 755 2436 te
767 2403 891 2436 incerta
899 2401 968 2451 spes
977 2403 1124 2437 detinere
1136 2429 1147 2444 ,
1169 2406 1235 2438 &c.
1248 2400 1362 2436 veriim
1373 2402 1466 2443 (meo
1475 2402 1612 2444 iudicio)
1623 2401 1809 2436 exhortatio
1820 2400 1862 2435 est
1871 2399 1911 2436 ab
1921 2399 2061 2435 vrilirate
2071 2400 2161 2436 sum·

323 2462 389 2500 pta.
402 2458 563 2498 magnum
577 2451 669 2484 enim
681 2453 713 2484 &
724 2448 917 2498 pra-clarum
927 2449 1059 2485 bonum
1071 2451 1126 2489 est,
1138 2450 1158 2486 fi
1172 2449 1479 2485 mulierlucrifaciat
1490 2451 1667 2484 maritum*
1675 2451 1768 2495 atqui
1781 2461 1852 2483 non
1864 2451 1908 2484 ita
1916 2445 2074 2496 desperati
2083 2449 2158 2486 suut

323 2497 484 2537 infideles,
496 2500 580 2546 quin
591 2499 710 2533 adduci
721 2499 759 2532 ad
770 2496 1019 2550 fidemyoffint:
1041 2497 1115 2533 sunt
1125 2500 1261 2548 quidem
1272 2501 1396 2534 mortui
1410 2525 1420 2539 ,
1431 2496 1483 2532 sed
1495 2499 1589 2532 Deus
1599 2499 1700 2531 ctiam
1713 2508 1864 2531 mortuos
1875 2494 2023 2532 suscitare
2040 2499 2157 2544 potest.

324 2547 473 2594 Qndo
486 2549 587 2595 igitur
597 2544 667 2595 spes
677 2546 788 2593 aliqua
797 2547 994 2594 proficiendi
1006 2546 1145 2595 superest
1157 2571 1167 2586 ‚
1179 2560 1290 2595 neque
1300 2547 1357 2582 scit
1366 2549 1420 2598 pia
1430 2545 1562 2588 mulier,
1573 2543 1714 2593 possitne
1722 2544 1830 2581 fimeta
1841 2543 1895 2580 sua
1904 2548 2158 2581 conuerianone

321 2598 434 2631 virum
445 2596 598 2630 reducere
610 2598 645 2630 in
654 2597 878 2633 viam‚omnia
888 2597 1026 2643 experiri
1037 2595 1131 2630 debet
1143 2596 1231 2644 ptius
1241 2597 1342 2645 quam
1352 2607 1429 2630 eum
1439 2594 1616 2642 relinquat.
1630 2594 1778 2641 quandiu
1789 2595 1879 2629 enim
1892 2595 1926 2628 in
1938 2591 2099 2641 ambiguo
2110 2594 2157 2631 est

320 2641 406 2678 salus
417 2642 809 2692 hominis‚propeniiotes
826 2646 861 2678 in
871 2642 999 2678 bonam
1008 2641 1097 2692 spem
1109 2657 1171 2679 nos
1182 2642 1242 2679 effe
1250 2646 1352 2679 decet.
1386 2643 1551 2679 Caeteriim
1563 2643 1653 2690 quod
1663 2640 1845 2691 dicinposs‘e
1857 2644 2012 2677 maritum
2026 2642 2066 2677 ab
2075 2655 2159 2678 vxo·

323 2705 357 2727 re
369 2689 682 2740 saluari‚imptoptia
693 2691 828 2739 quidem
838 2690 1008 2739 loquutio,
1019 2695 1182 2739 quoniam
1193 2693 1232 2727 ad
1242 2693 1418 2727 hominem
1430 2691 1580 2726 transfert
1590 2691 1681 2737 quod
1691 2692 1755 2726 Dei
1765 2690 1809 2724 cst
1820 2689 2059 2737 propriumzsed
2069 2692 2157 2729 nihil

322 2738 453 2776 absurdi
468 2743 710 2775 continentiam
722 2743 789 2787 quii
797 2741 889 2774 Deus
895 2752 952 2787 per
960 2739 1016 2774 sua
1026 2741 1218 2776 instrumeta
1227 2740 1349 2787 quibus
1363 2743 1478 2778 vritur,
1491 2737 1666 2775 efficaciter
1675 2737 1828 2786 agat,illis
1837 2738 2090 2785 quodammodo
2099 2743 2159 2776 c6.

321 2791 474 2824 municat
483 2786 572 2822 suam
583 2787 806 2826 virtutem‚vel
818 2786 929 2822 saltem
940 2800 1057 2822 eorum
1069 2789 1253 2823 ministerio
1264 2787 1305 2823 sic
1314 2791 1543 2836 coniungit,vt
1554 2787 1645 2834 quod
1656 2785 1778 2835 agit,ab
1789 2785 1854 2821 illis
1863 2786 1948 2820 dicat
1955 2788 2023 2832 agi:
2031 2787 2110 2824 hinc
2121 2794 2159 2826 e<

320 2837 488 2873 honorem
503 2835 562 2871 soli
576 2835 633 2871 fibi
645 2836 808 2875 debitum,
826 2835 892 2870 illis
902 2837 1069 2872 interdum
1079 2836 1206 2872 tribuit.
1216 2839 1474 2873 Meminerimus
1485 2847 1596 2870 tamen
1607 2835 1692 2871 nihii
1703 2838 1739 2871 in
1749 2834 1847 2870 nobis
1857 2831 1917 2871 efl'e
1924 2833 1994 2871 sitii,
2005 2835 2064 2870 nisi
2073 2849 2157 2884 qua.

324 2897 423 2921 tenus
433 2896 469 2920 vt
481 2897 604 2935 organa
613 2883 653 2918 ab
665 2898 704 2918 eo
713 2885 900 2932 dirigimur.

373 2944 411 2979 17
461 2933 540 2980 Nisi
546 2932 748 2978 vnusquifiyue
766 2943 804 2966 vt
811 2936 840 2966 ei
848 2935 1016 2978 Gratiam.)
1067 2934 1120 2968 Sic
1130 2934 1170 2968 ad
1187 2932 1326 2968 verbum
1337 2932 1475 2969 habetur
1486 2946 1494 2966 :
1508 2945 1701 2979 quanquam
1725 2944 1788 2979 ego
1799 2941 1834 2964 vt
1844 2929 1963 2966 melius
1981 2943 2158 2972 contextus

324 2981 451 3020 flueret,
463 2983 497 3016 in
508 2982 724 3016 nominatiuo
734 2981 869 3015 reddidi:
879 2979 997 3016 Sensus
1006 2981 1049 3016 est
1059 3005 1070 3020 ‚
1088 2982 1182 3029 Qd
1192 2995 1270 3030 ergo
1281 2982 1459 3030 agendum,
1475 2981 1534 3016 nisi
1548 2991 1582 3014 vt
1592 2979 1811 3027 vnusquisque
1819 2978 1966 3014 ambulet
1976 2979 2045 3015 secu
2051 2983 2156 3018 ndum

315 3033 465 3078 gratiam
476 3028 534 3065 fibi
546 3029 704 3069 datam&
717 3041 778 3076 pro
788 3027 842 3063 sua
850 3032 1042 3064 vocatione?
1052 3031 1197 3066 Proinde
1207 3033 1241 3065 in
1251 3030 1317 3065 hoc
1327 3029 1465 3077 quisque
1475 3028 1630 3066 elaboret,
1643 3041 1680 3063 ac
1691 3027 1840 3063 conferat
1851 3025 1940 3064 suam
1952 3026 2155 3071 facultatem,

315 3088 359 3113 'vt
371 3080 531 3128 proximis
541 3075 606 3112 suis
620 3075 722 3127 prosit
732 3088 842 3128 :atque
851 3078 884 3110 id
894 3076 1070 3124 praesertim
1081 3079 1161 3114 dum
1175 3078 1332 3127 peculiari
1341 3080 1528 3114 vocationis
1539 3075 1599 3111 suae
1610 3075 1725 3111 officio
1735 3076 1814 3110 adid
1827 3080 1956 3112 moueri
1965 3077 2156 3116 debet-Duo

325 3138 436 3173 ponit,
447 3127 659 3163 vocationem
671 3129 704 3160 &
716 3128 901 3159 meniuram
911 3127 1033 3172 gratiae,
1044 3140 1116 3176 quie
1125 3130 1160 3162 in
1170 3128 1231 3162 hac
1241 3124 1485 3162 consultatione
1497 3124 1611 3175 respici
1622 3124 1725 3160 iubet.
1753 3125 1844 3171 Qia
1853 3124 1919 3161 hoc
1938 3126 2070 3161 stimulo
2083 3140 2153 3163 non

327 3176 442 3210 leuiter
452 3187 514 3210 nos
526 3175 565 3209 ad
573 3172 725 3209 officium
738 3175 844 3223 pungi
853 3174 946 3208 decet
955 3196 965 3212 ,
984 3173 1039 3208 vbi
1049 3188 1111 3210 nos
1122 3177 1213 3210 Deus
1225 3178 1335 3223 gratiae
1346 3173 1408 3209 suae
1429 3175 1597 3209 ministros
1607 3175 1642 3208 in
1653 3172 1789 3209 fratrum
1801 3172 1937 3208 salutem
1955 3173 2157 3212 constituere

326 3224 491 3269 dignatur.
501 3224 634 3258 vocatio
645 3232 754 3256 autem
765 3219 856 3269 quasi
867 3219 925 3256 sub
935 3222 1000 3256 Dei
1009 3225 1090 3273 iugo
1102 3236 1163 3258 nos
1173 3234 1283 3258 tenere
1295 3222 1391 3258 debet
1399 3246 1409 3261 ,
1422 3221 1546 3257 etiamsi
1555 3234 1671 3269 parum
1684 3224 1805 3267 cuique
1815 3219 1998 3258 adlubeseat
2009 3220 2062 3258 sua
2072 3234 2138 3258 con
2146 3241 2156 3254 .

327 3271 424 3304 ditio.
468 3271 560 3317 Etfic
566 3274 598 3304 in
609 3274 637 3305 Ε
640 3271 750 3316 eclesiis
760 3267 906 3304 omnibus.
955 3272 1042 3304 Puto
1053 3272 1118 3306 hoe
1127 3270 1323 3306 addidissevt
1333 3270 1511 3306 calumniis
1521 3270 1704 3317 qnoriidam
1716 3281 1912 3311 occurreret,
1922 3273 1981 3318 qui
1993 3283 2068 3306 eum
2081 3272 2156 3318 plus

328 3317 385 3352 sibi
398 3321 477 3353 iuris
488 3322 523 3353 in
533 3320 732 3354 Corinthios
743 3316 868 3353 sumere
877 3316 1053 3356 iactabant,
1068 3321 1169 3366 quam
1180 3323 1217 3355 in
1225 3319 1309 3356 alios
1321 3320 1463 3355 auderet.
1474 3330 1667 3366 quanquam
1678 3317 1782 3352 alium
1794 3320 1891 3353 etiam
1903 3317 2002 3353 finem
2012 3316 2155 3366 spectare

324 3368 572 3414 potnitznempe
580 3380 649 3413 quo
663 3366 738 3416 plus
749 3367 884 3403 haberet
897 3366 1054 3417 ponderis
1064 3366 1134 3403 haee
1142 3367 1367 3407 doctrinaxbi
1375 3365 1958 3418 intelligebantconmhii,0mnibus
1966 3367 1997 3402 15
2004 3365 2155 3453 Ecciefi?

2022 3425 2126 3464 perun
2143 3435 2156 3443 ·
