2268 3705
326 132 391 171 300
842 109 1727 167 1N11-EpisT-P.AVL11

333 195 427 232 dicit,
435 184 616 239 Tanquam
626 191 826 241 impostores
839 216 848 230 ‚
859 196 894 227 δε
905 203 1019 226 tamen
1029 203 1168 226 veraces.
1185 192 1296 237 Atque
1307 189 1377 224 haec
1386 187 1461 225 sane
1471 203 1547 225 vera
1557 191 1601 224 est
1608 188 1733 237 regula
1755 200 1789 224 vt
1801 189 1912 224 Pastor
1923 211 1933 226 ‚
1943 189 2130 237 posthabita
2142 191 2191 227 sui

121 233 205 279 &upra
216 235 295 268 ΝΜ·
336 245 480 280 tatione,
490 244 527 276 in
538 238 642 276 solam
650 240 801 276 Ecclesiae
811 240 1067 275 aedificationem
1077 239 1114 273 fit
1124 242 1285 273 intentus.
1296 240 1430 272 Famam
1441 244 1711 285 euret‚quatenus
1721 237 1863 286 publica:
1874 237 2030 273 vtilitatis
2041 239 2191 275 intercise

126 815 251 844 lausans.
259 824 297 846 ιε.

124 853 304 892 ῌεόν.13.τ.17.

127 2488 287 2520 RothdG.

125 2576 157 2597 26

126 2529 211 2569 Supra
218 2541 246 2559 ι.
256 2531 279 2560 b.
288 2538 323 2568 ις.

336 291 469 326 viderit:
481 289 650 338 negligere
664 301 794 337 paratus
806 288 854 328 sit,
866 291 998 335 quoties
1009 288 1140 322 licuerit
1150 285 1270 333 absque
1280 285 1420 334 publico
1431 289 1666 321 incommodo.
1719 302 1722 306 ⁴

387 340 407 375 8
459 339 538 373 Non
547 342 630 373 enim
637 338 809 388 possumus.)
860 338 937 371 Hoc
949 338 1004 374 est,
1016 349 1087 371 non
1098 336 1197 369 aliam
1207 339 1320 381 quaero
1329 336 1539 383 potestatem,
1553 348 1662 382 neque
1671 342 1806 384 appeto,
1816 337 1918 383 quam
1928 349 2001 383 quae
2012 336 2124 371 miliia
2135 339 2192 373 Do

339 389 439 423 mino
449 386 571 422 col-lata
584 388 639 424 est,
653 398 688 421 vt
699 389 835 420 leruiam
846 386 976 418 veritati
991 397 999 417 z
1011 383 1296 432 pseudoapostolis
1307 386 1442 431 perinde
1453 385 1508 421 est,
1521 385 1623 418 modo
1635 379 1768 432 pey'ffint.
1790 398 1900 431 neque
1910 385 1975 419 illis
1987 397 2073 420 curae
2082 387 2126 419 est
2136 385 2193 421 sua

343 435 505 485 potestate
514 438 565 471 vti
577 438 613 470 in
624 435 768 469 bonum.
778 438 817 468 In
827 432 1136 472 summa‚honotem
1148 433 1197 466 sui
1209 434 1382 467 ministerii
1393 439 1504 466 ‘tuetur
1514 445 1550 466 ac
1560 436 1714 467 vendicat
1723 457 1733 471 ‚
1757 445 1921 480 quatenus
1933 436 2137 469 coniuneffls
2149 437 2193 470 est

336 497 420 520 cum
434 486 500 519 Dei
513 486 658 518 veritate.
671 481 733 517 acsi
745 482 879 519 diceret,
889 481 982 527 Qd
991 482 1032 514 ad
1043 482 1110 514 me?
1121 479 1182 530 nisi
1193 483 1286 515 enim
1300 481 1385 515 mihi
1399 481 1466 515 hoc
1476 480 1513 515 sit
1522 481 1704 529 propolitu,
1717 481 1835 515 seruire
1847 480 2074 527 vheritati‚falsa
2083 485 2143 516 erit
2156 489 2192 518 Se

330 534 462 568 «iniusta
471 535 584 567 omnis
597 532 737 578 potestas
748 542 850 576 quam
860 528 1072 576 vsurpaucro.
1084 530 1117 563 Si
1127 539 1239 565 autem
1253 530 1414 576 quicquid
1426 528 1536 569 valeo,
1545 530 1577 563 id
1586 528 1726 571 confero
1739 531 1779 564 ad
1787 532 2058 577 promouendam
2071 534 2190 566 vetita=

336 592 416 623 tem
431 584 515 615 :iam
528 594 598 614 non
610 592 674 626 ago
685 581 861 626 proprium
874 591 987 612 meum
998 580 1192 625 negotium:
1209 577 1294 612 salua
1308 591 1419 612 autem
1428 579 1591 613 'doctrinae
1600 582 1790 616 autoritate,
1800 581 1935 612 veritate
1946 578 2041 614 illaesa
2051 603 2061 616 ‚
2083 579 2192 614 liabeo

340 630 433 676 quod
446 628 537 663 volo.
549 629 641 675 quod
654 629 756 675 igitur
774 630 947 674 tantopere
958 626 1128 660 contendo
1138 650 1149 664 ‚
1167 626 1233 660 huc
1244 628 1375 674 priuato
1385 625 1530 673 personae
1551 638 1630 660 meae
1641 627 1748 660 studio
1758 625 1829 660 no'n
1839 626 2006 674 impellor.
2024 628 2191 664 Caeterum

340 678 402 713 hac
413 679 543 711 ratione
557 678 682 712 innuit,
695 688 733 710 eu
739 688 770 709 m
782 677 840 722 qui
851 688 912 723 pro
922 673 988 709 sola
997 676 1133 708 veritate
1143 687 1270 722 pugnat
1279 687 1317 709 ac
1327 673 1490 712 laborat,si
1502 677 1546 708 ita
1557 687 1642 722 opus
1653 674 1702 712 fit,
1717 688 1787 708 non
1799 676 1881 721 aegre
1892 673 2058 722 passurum
2068 688 2104 711 vt
2114 687 2192 712 tan-

366 738 442 760 uam
454 724 614 773 reprobus
626 724 783 759 habeatur
793 726 978 758 hominum
987 725 1153 771 opinione
1163 747 1173 760 ,
1185 724 1287 757 modo
1301 724 1427 770 nequid
1437 722 1521 757 obsit
1531 725 1595 757 Dei
1606 723 1730 771 gloriae,
1744 722 1891 757 Ecclefiae
1905 722 2137 764 aedilicationi,
2156 730 2194 760 ὃς

337 739 422 808 Panae
433 775 594 808 doctrina:
613 775 793 808 autoritati.
825 774 936 807 Locus
949 773 1004 806 hic
1022 771 1200 818 diligenter
1212 774 1256 807 est
1268 771 1490 806 obseruandus
1502 795 1511 809 ,
1529 783 1701 819 propterea
1712 771 1804 818 quod
1815 769 2121 819 potestatem-quam
2133 774 2193 809 ha-

338 822 415 857 bere
428 822 550 856 debent
567 821 715 856 Ecclefiae
724 822 869 855 Pastores
879 844 889 858 ,
911 819 974 855 suis
1005 819 1129 854 finibus
1140 823 1314 855 terminat:
1325 833 1447 868 nempe
1457 833 1491 854 vt
1501 819 1562 854 sint
1576 821 1718 854 ministri
1731 823 1886 854 veritatis.
1918 819 2076 856 Clamant
2095 822 2194 871 Papi-

337 872 389 906 stae
405 871 534 906 dictum
545 868 625 908 effe,
645 872 718 917 Q
729 882 788 904 vos
807 871 898 903 audit
909 892 919 906 ,
940 882 994 903 me
1003 869 1113 903 audit:
1128 871 1255 916 quivos
1273 867 1415 917 spernit,
1438 882 1490 903 me
1500 867 1632 916 spernit.
1662 871 1745 902 ltem
1757 892 1766 905 ‚
1789 868 1934 912 Obedite
1945 869 2127 917 praepositis
2138 884 2194 906 ve-

334 921 418 955 stris.
447 931 547 966 atque
580 919 646 954 hoc
665 929 822 967 praetextu
843 917 931 952 nihil
941 930 1013 951 non
1032 916 1175 952 licentiae
1184 916 1242 952 fibi
1261 916 1293 951 su
1299 931 1330 951 m
1336 929 1397 951 unt
1407 918 1445 951 ad
1466 917 1634 952 infinitam
1654 918 1926 951 dominationem
1952 914 2172 966 vsurpandam
2180 944 2193 959 ‚

331 981 445 1016 'quum
456 979 569 1008 tamen
581 969 728 1002 veritatis
739 964 872 1014 profeffi
884 965 945 1000 lint
956 969 990 1000 &
1016 968 1115 1000 iurati
1126 966 1234 1001 hostes
1244 990 1253 1004 ‚
1274 964 1407 1012 eiusque
1419 966 1676 1001 destructionem
1689 968 1771 999 totis
1781 966 1907 1001 viribus
1918 965 2113 1002 moliantur.
2140 971 2195 1004 Ad

331 1027 463 1052 tantam
484 1014 959 1064 impudentiamrefellendam
973 1012 1112 1049 sufficiet
1123 1027 1188 1050 vna
1197 1015 1266 1051 haec
1279 1014 1372 1048 Pauli
1383 1013 1544 1049 sententia
1554 1039 1564 1053 ‚
1588 1027 1660 1062 quae
1670 1017 1868 1062 pronuntiat
1890 1017 2019 1049 veritati
2033 1014 2152 1051 subeffc
2165 1021 2196 1052 i-

335 1065 413 1115 psos
426 1076 591 1113 oportere.

382 1126 403 1158 9
455 1111 734 1162 §audemus'enim
747 1114 825 1157 &c.)
879 1113 950 1146 Aut
961 1110 1121 1159 particula
1129 1109 1263 1146 causalis
1276 1111 1330 1152 yae?
1339 1111 1417 1146 loco
1431 1111 1567 1146 illatiuae
1577 1113 1682 1159 accipi
1692 1111 1788 1146 debet
1799 1137 1810 1151 ‚
1837 1122 1893 1145 aut
1904 1109 2044 1145 secunda
2053 1112 2097 1146 est
2107 1117 2195 1150 ratio

334 1175 392 1198 cur
403 1175 473 1196 non
487 1160 609 1196 recuset
618 1161 731 1196 haberi
743 1160 846 1194 veluti
859 1160 1031 1208 reprobus,
1044 1163 1078 1194 in
1091 1171 1208 1194 eorum
1218 1163 1358 1207 gratiam
1372 1166 1405 1195 ἃ·
1420 1161 1651 1194 commodum.
1668 1159 1774 1207 Eligat
1785 1161 1891 1194 lector
1900 1171 2011 1194 Vtrum
2021 1161 2121 1196 volet.
2135 1175 2195 1211 pa-

330 1223 410 1246 rum
420 1213 511 1244 enim
523 1209 629 1244 refert.
649 1212 768 1256 Qum
779 1209 872 1246 dicit,
886 1208 993 1243 Modb
1005 1208 1070 1244 sitis
1081 1207 1179 1243 validi
1191 1232 1200 1246 ‚
1211 1208 1528 1244 libenter‘sustinebo
1539 1208 1651 1242 haberi
1663 1207 1816 1243 infirmus
1829 1221 1836 1241 :
1851 1206 2020 1255 oppositio
2035 1210 2078 1244 est
2095 1215 2193 1250 vocii,
2225 1236 2228 1238 v

332 1273 404 1294 nou
418 1256 580 1293 sensuum:
592 1271 671 1293 nam
681 1261 715 1292 in
722 1257 858 1292 firmitas
868 1268 1102 1306 contemptum
1115 1256 1277 1305 significat.
1287 1257 1367 1293 ficut
1377 1261 1477 1306 prius.
1497 1255 1634 1292 Validos
1643 1267 1753 1291 autem
1765 1256 1835 1291 fore
1851 1257 2052 1292 Corinthios
2062 1260 2193 1296 intelli-⁴

334 1310 396 1355 git,
412 1306 433 1341 fi
449 1306 542 1355 pleni
552 1306 613 1341 sint
624 1310 747 1342 virtute
758 1310 791 1340 &
804 1309 907 1353 gratia
916 1308 990 1340 Dei.
1043 1309 1118 1341 Hoc
1127 1303 1282 1346 verb,&c.
1292 1307 1590 1355 Quemadmodum
1602 1307 1668 1340 iam
1677 1305 1854 1352 aliquoties
1865 1303 1941 1338 fecit
1950 1307 2101 1345 antehac,
2131 1311 2196 1344 ite—

335 1369 411 1390 rum
422 1368 514 1391 nunc
525 1359 654 1404 repetit,
668 1357 706 1390 Se
717 1352 915 1392 necestitate,
926 1368 996 1389 non
1007 1357 1145 1402 proprio
1154 1353 1298 1402 impulsu
1310 1354 1401 1390 fuiffe
1411 1354 1622 1389 austeriorem
1633 1356 1734 1401 quam
1751 1354 1886 1388 vellent.
1901 1355 2018 1388 deinde
2028 1354 2094 1390 hoc
2105 1368 2194 1404 quo-

336 1417 406 1451 que
416 1405 520 1438 modo
535 1404 563 1439 se
573 1403 638 1438 illis
652 1403 838 1452 pepercisse,
851 1417 892 1437 ne
903 1404 1017 1437 coram
1028 1404 1161 1437 duriore
1170 1405 1318 1438 remedio
1329 1415 1500 1451 cogeretur
1512 1406 1571 1439 vti.
1580 1405 1752 1449 Integritas
1763 1403 1803 1436 de
1814 1415 1878 1449 qua
1889 1401 2041 1448 loquitur
2050 1426 2061 1441 ,
2084 1405 2194 1442 confi-‘-

336 1454 390 1488 stit
401 1456 436 1487 in
449 1464 525 1500 apta
537 1452 763 1488 membrorum
777 1455 935 1486 omnium
948 1449 1134 1496 symmetria
1146 1455 1179 1486 δέ
1192 1450 1337 1486 sanitate.
1366 1451 1483 1486 alludit
1494 1463 1607 1485 autem
1618 1452 1657 1484 ad
1668 1451 1778 1485 bonos
1788 1452 1933 1485 medicos
1943 1474 1952 1488 ‚
1981 1453 2040 1498 qui
2051 1453 2192 1490 morbos

336 1502 549 1550 particulares
561 1504 605 1535 ita
616 1512 744 1546 curant,
755 1512 789 1534 vt
801 1499 888 1535 nihil
899 1502 934 1534 in
945 1512 1085 1548 corpore
1100 1499 1283 1535 mutiletur.
1295 1506 1328 1535 δε
1341 1503 1418 1548 quia
1429 1500 1593 1535 eiusmodi
1606 1502 1806 1546 integritatis
1817 1511 1928 1533 curam
1945 1499 2043 1533 habet
2052 1524 2062 1538 ‚
2076 1502 2153 1538 ideo
2163 1503 2194 1539 se
2233 1531 2235 1534 ⁴

330 1551 416 1583 dicit
427 1549 648 1594 neceffitatem
660 1551 840 1598 praeuenire
850 1551 975 1583 acriora
985 1550 1129 1583 remedia
1139 1549 1328 1584 adhibendi.
1348 1550 1509 1584 Videmus
1522 1550 1614 1582 enim
1624 1559 1658 1581 vt
1669 1550 1728 1594 qui
1740 1549 1964 1596 puxthionem
1974 1561 1992 1581 v
2001 1547 2031 1582 el
2043 1550 2192 1588 morsum

334 1596 573 1645 cataplasmatis
584 1601 685 1633 initio
696 1598 885 1638 exhorrent,
899 1597 938 1631 ad
948 1597 1086 1632 vstionis
1098 1597 1150 1632 vel
1160 1596 1315 1633 sectionis
1325 1599 1568 1633 cruciatumadi
1573 1607 1694 1644 gantur
1708 1598 1863 1634 tandem,
1888 1598 1988 1630 etiam
2002 1599 2191 1644 periculoso

335 1658 473 1681 euentu.

396 1710 435 1733 10
495 1703 669 1751 Propterea
680 1693 745 1734 bac
757 1692 1001 1750 absbnsfiribo:
1010 1709 1055 1734 ne
1065 1709 1169 1751 quum
1173 1692 1431 1752 prasenrfieem,
1438 1693 1637 1753 rigidmfim
1649 1723 1660 1740 ,
1670 1696 1773 1733 iuxta
1773 1693 1972 1750 potestatem
1981 1707 2085 1748 quam
2093 1697 2195 1739 dedit

329 1750 430 1791 ‘mihi
438 1756 611 1792 Dominus
620 1755 659 1791 in
671 1751 938 1803 adificationem,
954 1751 995 1798 ὠ·
1002 1764 1073 1790 non
1082 1752 1400 1805 indestructioncm.

329 1803 331 1805 ’
397 1823 427 1846 11
484 1805 1023 1864 Qadsuperest,fratres,valete,
1033 1811 1157 1863 integri
1165 1807 1262 1860 estote
1269 1837 1281 1855 ‚
1291 1807 1546 1863 consiliationem
1555 1804 1689 1855 habete,
1703 1807 1978 1865 vnanimesfitis
1994 1838 2006 1855 ,
2019 1810 2059 1848 in
2059 1821 2142 1866 pace
2151 1827 2191 1858 ι,

331 1868 418 1924 gite:
431 1864 472 1912 ἀ·
482 1872 580 1904 Deus
589 1861 766 1904 charitaus
775 1877 814 1901 ac
814 1866 911 1917 pacis-
921 1861 1177 1917 eritvobiscum.
1345 1888 1346 1891 =
1458 1905 1467 1909 „

396 1935 433 1962 12
487 1920 638 1960 Salutate
646 1933 714 1959 vos
723 1925 839 1958 mutue)
846 1920 885 1957 in
894 1918 1302 1975 ostulosanli‘o.filutant
1308 1935 1376 1960 vos
1375 1919 1495 1976 sancti
1504 1934 1637 1959 omnes.

395 1992 429 2027 13
488 1978 607 2017 Gratia
622 1978 769 2016 Domini
779 1973 852 2029 leste
861 1973 1034 2027 Christi,&
1049 1973 1200 2016 charitas
1207 1978 1290 2022 Dei,
1317 1976 1358 2024 ἀ·
1367 1978 1623 2017 communicatio
1632 1978 1770 2033 Spiritus
1774 1971 1943 2034 sanclifit
1951 1990 2026 2017 cum
2034 1975 2191 2018 omnibus·

338 2032 453 2077 vobis,
471 2038 535 2072 cA
535 2045 626 2071 men.
1832 2035 1836 2036 ⁷

394 2089 456 2131 Ad
462 2085 662 2130 Corinthios
658 2085 811 2140 stranda
819 2083 1015 2142 mtfflcfuita
1024 2072 1188 2145 Philippis
1200 2088 1436 2131 eynacedom'ae
1439 2100 1504 2144 per
1511 2094 1635 2129 Titum
1646 2088 1685 2136 ὠ·
1702 2095 1841 2128 Lucam.

387 2188 426 2212 10
476 2178 494 2210 1
495 2185 574 2210 uxta
579 2175 779 2224 potestatem.)
830 2174 979 2210 Primum
991 2178 1134 2224 rigorem
1147 2176 1245 2212 illum
1256 2179 1367 2211 munit
1375 2179 1440 2211 Dei
1453 2178 1611 2212 mandato
1623 2201 1633 2215 ‚
1646 2191 1688 2212 ne
1697 2179 1826 2211 tonitru
1837 2178 1982 2211 videatur
1993 2176 2058 2212 fine
2071 2176 2186 2214 fulmi-

338 2240 393 2268 ne,
404 2236 460 2261 aut
471 2235 595 2260 temere
606 2226 792 2259 concitatus
802 2225 1076 2272 impetus.deinde
1086 2225 1245 2260 admonet
1254 2225 1283 2259 se
1295 2225 1393 2259 malle
1403 2239 1597 2260 conuertere
1608 2226 1698 2261 suam
1709 2227 1902 2274 potestatem
1916 2228 1950 2260 in
1961 2225 2065 2261 alium
2076 2227 2184 2267 vsum,

341 2277 378 2309 in
392 2287 494 2321 quem
507 2274 639 2321 proprie
654 2273 811 2306 destinata
822 2273 865 2306 cst
874 2296 884 2310 ‚
906 2285 1028 2320 nempe
1039 2277 1074 2308 in
1086 2286 1202 2309 eorum
1225 2273 1491 2309 aedificationem.
1503 2274 1564 2309 acsi
1575 2276 1696 2310 diceret
1706 2298 1715 2311 ‚
1744 2275 1827 2310 Non
1836 2285 1958 2308 temere
1967 2274 2134 2322 prosiliam
2145 2278 2185 2312 ad

334 2334 477 2359 cruenta
488 2323 642 2360 remedia,
655 2334 762 2367 neque
772 2322 948 2355 iracundiae
962 2334 1040 2355 meae
1050 2323 1232 2370 indulgebo
1244 2346 1253 2360 ‚
1264 2320 1314 2356 sed
1325 2323 1454 2357 tantum
1467 2336 1607 2370 exequar
1617 2324 1708 2370 quod
1721 2323 1893 2357 Dominus
1904 2322 1988 2357 mihi
2002 2326 2184 2360 mandauit.

335 2373 537 2406 Potestatem
548 2369 605 2404 [ibi
617 2370 656 2404 ad
667 2371 884 2403 extruendum
895 2370 1016 2407 datam,
1028 2384 1098 2405 non
1108 2383 1219 2405 autem
1231 2372 1269 2405 ad
1279 2372 1510 2406 destruendum
1520 2396 1532 2410 ,
1544 2371 1644 2419 paulo
1653 2370 1776 2405 diuersa
1786 2370 1957 2406 occasione
1969 2373 2049 2407 dicit
2059 2397 2071 2411 ,
2079 2374 2185 2420 quam

338 2418 489 2468 superius
500 2422 607 2467 capite
617 2420 759 2453 decimo.
770 2417 841 2452 Illic
852 2420 943 2452 enim
952 2429 1017 2452 erat
1028 2422 1280 2455 commendatio
1291 2419 1331 2454 ab
1341 2419 1490 2454 vtilitate:
1501 2424 1578 2466 quia
1588 2417 1768 2468 gratiosum
1781 2418 1839 2453 effe
1851 2419 2044 2467 solet,atque
2054 2423 2072 2456 ὲ.
2082 2421 2185 2459 nobis

342 2468 484 2503 libenter
494 2470 652 2515 recipitur
662 2466 754 2513 quod
766 2466 782 2499 ὲ
793 2479 825 2499 re
836 2468 944 2500 nostra
953 2465 1062 2502 est.hic
1073 2468 1150 2501 vero
1161 2470 1318 2503 duntaxat
1328 2467 1435 2502 testati
1449 2468 1558 2503 voluit
1567 2492 1577 2506 ‚
1601 2470 1807 2519 anuam
1819 2468 1938 2502 merito
1948 2469 2098 2504 acerbam
2110 2470 2183 2518 pla-

344 2530 419 2565 gam
431 2516 581 2565 infligere
593 2513 696 2564 polset
708 2515 896 2549 Corinthiis
906 2539 916 2552 ,
927 2526 1039 2550 tamen
1050 2515 1108 2550 sibi
1119 2515 1221 2565 longe
1231 2516 1291 2551 effe
1302 2515 1494 2564 optabilius,
1505 2517 1700 2565 potestatem
1712 2520 1801 2550 luam
1813 2518 1847 2551 in
1856 2516 2115 2553 bonumeorum
2127 2533 2184 2554 ex-

339 2576 450 2600 ·ercere
461 2588 470 2602 ‚
483 2566 584 2611 quam
599 2567 634 2598 in
645 2565 785 2597 exitium
799 2577 806 2597 ε
819 2565 1063 2611 quiaproprius
1074 2563 1111 2598 sit
1122 2564 1212 2599 illius
1222 2564 1308 2600 finis.
1320 2566 1411 2600 Nam
1422 2564 1744 2612 ficutiEuangelium
1755 2563 1866 2613 suapte
1877 2577 2010 2603 natura,
2029 2571 2187 2614 potentia
2236 2563 2238 2565 ’

345 2615 414 2648 Dei
426 2614 468 2647 est
484 2616 518 2647 in
531 2612 717 2649 salutem&
729 2613 812 2645 odor
822 2614 897 2646 vitae
906 2615 941 2646 in
952 2614 1055 2646 vitam
1071 2625 1147 2660 :per
1157 2615 1308 2648 accidens
1320 2613 1397 2647 verb
1409 2614 1493 2648 odor
1504 2612 1548 2648 est
1560 2615 1696 2648 mortis:
1707 2615 1752 2648 ita
1761 2615 1919 2655 autoritas
1929 2626 2001 2661 quae
2012 2615 2102 2649 illius
2114 2619 2183 2659 mi·

346 2663 454 2698 nistris
465 2660 585 2695 collata
595 2662 649 2698 est,
662 2659 805 2694 salutaris
817 2658 876 2693 effe
887 2659 982 2695 debet
992 2661 1199 2696 auditoribus
1211 2675 1218 2695 :
1239 2661 1260 2696 si
1271 2673 1382 2696 autem
1391 2662 1477 2696 cedit
1487 2665 1522 2697 in
1533 2662 1850 2697 condemnationem
1859 2684 1868 2698 ‚
1882 2662 1916 2696 id
1930 2663 1973 2696 est
1985 2673 2100 2709 praeter
2110 2667 2182 2699 eius

343 2721 512 2746 naturam.
524 2707 639 2744 Sensus
648 2709 691 2742 est
705 2711 816 2755 igitur,
825 2708 944 2743 Nolite
951 2709 1053 2743 vestra
1062 2708 1160 2757 culpa
1169 2721 1380 2745 committere
1391 2722 1425 2745 vt
1435 2712 1470 2745 in
1481 2713 1618 2746 exitium
1630 2709 1725 2745 vobis
1734 2720 1878 2744 vertatur
1886 2711 1978 2756 quod
1987 2712 2077 2745 Deus
2089 2714 2123 2747 in
2134 2711 2183 2747 sa-

346 2758 452 2793 lutem
464 2758 640 2791 ordinauit.
666 2760 791 2791 Interea
800 2758 944 2792 pastores
954 2770 1072 2792 omnes
1086 2760 1246 2793 admonet
1255 2758 1438 2806 Apostolus
1449 2758 1507 2794 suo
1518 2757 1828 2808 exemplo‚qualiter
1838 2757 1931 2792 vsum
1941 2758 2002 2793 suae
2012 2761 2181 2807 potestatis

346 2807 510 2842 moderari
522 2805 672 2840 debeant.

394 2867 407 2889 1
416 2868 424 2888 ι
469 2852 837 2908 Qodfiaperestfratresf)
886 2854 1236 2911 Temperat-quicquid
1245 2853 1308 2889 fuit
1317 2855 1501 2891 acerbitatis
1512 2858 1546 2890 in
1555 2867 1625 2890 tota
1634 2853 1798 2902 Epistola:
1813 2857 1891 2900 quia
1905 2854 2039 2890 nolebat
2049 2856 2182 2907 exaspe-

316 2921 320 2925 -
345 2914 433 2938 ratos
445 2902 630 2949 relinquere
639 2914 754 2935 eorum
766 2914 910 2940 animos,
920 2901 972 2937 sed
983 2916 1087 2951 magis
1097 2902 1234 2953 placare.
1245 2915 1326 2938 tunc
1337 2907 1427 2938 enim
1445 2903 1583 2953 prosunt
1595 2903 1855 2950 obiurgationes,
1866 2916 1970 2950 quum
1982 2903 2086 2940 veluti
2097 2908 2181 2941 mel-

345 2952 378 2986 le
388 2951 605 2991 condiuntur,
616 2961 650 2983 vt
661 2961 712 2983 eas
723 2951 854 2983 auditor
866 2950 993 2997 placide
1002 2953 1166 2986 admittat:
1175 2951 1198 2986 si
1209 2953 1343 2998 quidem
1357 2952 1423 2986 fieri
1436 2953 1550 3000 potest.
1561 2964 1753 2999 quanquam
1765 2951 1892 2986 videtur
1902 2953 1919 2986 a
1930 2955 2042 3000 paucis
2053 2954 2182 2990 morbi·

345 3001 395 3035 dis
406 3001 508 3034 redire
517 3000 557 3033 ad
567 3009 672 3033 totam
685 2997 874 3032 Ecclesiam.
883 3001 999 3046 Itaque
1009 3003 1079 3036 eius
1088 3002 1269 3048 integritati
1280 2997 1309 3034 se
1317 2999 1490 3035 consulere
1500 3001 1632 3035 testatur
1643 3022 1653 3036 ,
1669 3003 1703 3034 ἃ
1714 2996 1981 3035 consolationem
1994 3013 2118 3050 optare.
2126 3006 2180 3038 V-

346 3052 486 3082 nanimes
497 3049 549 3094 effe
561 3071 571 3085 ,
585 3051 618 3081 &
631 3050 745 3094 inpacc
755 3058 842 3093 agere
852 3071 862 3084 ,
871 3045 1044 3082 differunt:
1068 3052 1146 3095 quia
1156 3049 1245 3083 aliud
1256 3061 1292 3082 ex
1302 3048 1369 3083 alio
1379 3051 1547 3097 prouenit.
1567 3050 1657 3097 prius
1669 3050 1811 3095 pertinet
1829 3050 1867 3082 ad
1879 3052 2084 3096 opinionum
2094 3063 2180 3087 con·

345 3095 484 3142 sensum:
496 3096 599 3130 altero
610 3094 846 3129 beneuolentia
857 3098 889 3129 ὅ(
902 3097 1094 3131 animorum
1102 3099 1302 3132 coniunctio
1313 3096 1524 3145 significatur.
1565 3100 1609 3131 Et
1619 3098 1808 3143 Deuspacis.
1835 3098 1910 3131 Hoc
1921 3099 2092 3146 addit,quo
2104 3099 2180 3147 plus

346 3145 433 3192 apud
445 3157 500 3179 eos
512 3144 615 3178 valeat
624 3143 821 3179 exhortatio.
836 3141 934 3178 simul
945 3156 1055 3178 autem
1064 3148 1176 3180 innuit
1184 3147 1295 3179 Deum
1306 3147 1405 3181 nobis
1414 3145 1603 3180 adfuturum
1612 3170 1622 3184 ,
1636 3143 1658 3178 si
1668 3156 1782 3191 pacem
1795 3146 1881 3179 inter
1890 3159 1952 3181 nos
1963 3146 2132 3182 colamus:
2144 3160 2180 3182 a-

345 3192 454 3227 lienos
464 3193 542 3227 verb
553 3191 613 3227 effe
621 3192 662 3226 ab
672 3205 712 3225 eo
734 3193 927 3238 quicunque
937 3190 1099 3228 diffident.
1127 3194 1189 3228 Vbi
1200 3195 1291 3228 enim
1301 3193 1466 3228 discordiae
1478 3198 1511 3228 &
1523 3195 1769 3231 contentiones,
1780 3192 1848 3227 illic
1859 3194 2031 3230 diabolum
2043 3207 2179 3242 regnare

341 3252 471 3275 certum
483 3242 534 3275 est.
556 3241 659 3276 Porro
673 3253 744 3287 quae
755 3241 940 3274 conuentio
950 3239 1017 3274 luci
1029 3254 1107 3276 cum
1117 3242 1260 3278 tenebris
1272 3243 1286 3275 P
1303 3244 1415 3277 Deum
1426 3245 1513 3290 pacis
1524 3245 1560 3276 ὃς
1569 3241 1759 3276 dilectionis
1769 3253 1879 3281 vocat,
1888 3246 1946 3290 qui
1956 3256 2070 3291 pacem
2083 3248 2116 3278 &
2128 3244 2161 3277 di
2171 3262 2180 3268 -

344 3288 525 3323 tottionem
536 3289 635 3325 nobis
645 3287 897 3324 commendauit
906 3312 917 3327 ,
927 3291 986 3335 qui
998 3302 1050 3323 eas
1061 3302 1149 3325 amat
1159 3316 1168 3330 ‚
1179 3294 1238 3338 qui
1248 3302 1360 3325 earum
1376 3292 1418 3326 est
1429 3302 1535 3325 autor.
1544 3291 1599 3324 De
1609 3291 1718 3333 Oftulo
1730 3289 1874 3326 diximus
1885 3293 1920 3326 in
1931 3293 2011 3326 duas
2021 3291 2180 3339 Epistolas

343 3335 535 3384 superiores.

388 3394 418 3429 1⁴3
468 3388 577 3419 Gratia
590 3388 717 3420 Domini
729 3388 816 3430 lists.)
860 3384 996 3422 Claudit
1005 3385 1185 3434 Epistolam
1195 3390 1387 3435 precatione
1400 3401 1472 3437 quae
1486 3389 1547 3423 tria
1558 3385 1706 3426 membra
1716 3389 1883 3430 continet,
1895 3390 1929 3424 in
1938 3387 2059 3436 quibus
2070 3384 2181 3424 salutis

2065 3436 2184 3473 nostrae

2240 1574 2268 1628 s]

2242 2024 2268 2114 l:

2259 2127 2268 2217 ἑ
