2268 3705
2 6 21 160 ll
551 79 652 129 'AD
702 80 1061 129 TIMOTH-
1110 85 1279 131 CAP·
1328 89 1358 132 1.
1871 98 1919 145 ὃς

122 156 216 209 Qd
225 159 257 191 in
265 164 294 191 te
310 155 411 204 estper
418 154 653 202 impofitionem.)
704 153 789 187 Non
814 152 955 188 dubium
968 155 1012 188 est
1022 157 1106 201 quin
1117 154 1215 189 fuerit
1226 156 1467 193 communibus
1487 159 1632 196 Ecclcfiae
1643 165 1731 199 voti‘s
1750 170 1912 214 expetitus

0 212 9 266 J
76 206 290 244 Timotheus,
301 217 372 239 non
382 214 494 237 autem
506 201 629 236 electus
641 203 773 249 priuato
786 204 883 236 vnius
893 202 1143 238 Pauliarbitrio.
1157 201 1208 238 sed
1220 217 1290 238 non
1305 206 1348 239 est
1358 205 1529 241 absurdum
1543 222 1577 243 vt
1590 210 1647 244 sibi
1658 213 1776 248 Paulus
1791 215 1912 251 electio

0 271 6 299 ι
76 269 155 293 nem
166 256 323 302 priuatim
334 249 502 286 adscribat,
513 252 607 284 cuius
618 253 801 297 praecipuus
815 249 919 284 fuerat
930 252 1060 286 author.
1069 254 1275 299 Qanquam
1287 252 1342 288 hic
1352 255 1392 288 de
1402 256 1615 292 ordinatione
1627 264 1739 306 potius
1758 266 1858 309 quam
1872 266 1911 299 de

77 305 242 341 electione
253 303 329 349 agit:
342 300 408 334 hoc
420 299 463 334 est
473 298 512 332 de
522 297 650 332 solenni
662 298 853 332 instituendi
865 300 942 332 ritu.
967 300 1070 334 Porro
1081 314 1153 334 non
1163 300 1293 347 liquido
1303 304 1485 340 constat‚an
1496 317 1602 350 quum
1612 309 1732 355 aliquis
1742 311 1911 347 consecrfr„

40 380 42 382 .
74 354 135 387 dus
148 362 213 386 erat
225 348 381 388 minister,
398 358 516 381 omnes
527 344 614 379 soliti
624 345 746 380 fuerint
758 359 895 380 manum
906 349 1081 395 imponere
1091 351 1160 383 eius
1170 351 1270 395 capiti
1290 364 1297 384 :
1311 363 1351 385 an
1362 364 1446 385 vnus
1457 353 1613 387 duntaxat
1624 355 1702 390 loco
1715 362 1748 392 ὃ(
1768 364 1909 396 nomine

74 402 243 435 omnium.
253 395 326 431 lmb
335 395 402 431 huc
413 397 517 444 magis
527 393 665 428 inclinat
676 397 879 433 coniectura,
890 408 996 430 vnum
1007 397 1135 431 tantum
1146 396 1238 431 fuisse
1248 401 1307 444 qui
1317 412 1435 434 manus
1445 403 1643 448 imponerer.
1655 406 1760 448 Quod
1770 409 1808 440 ad
1820 421 1910 445 cese-

73 449 226 484 moniam
238 446 392 493 pertinet,
403 456 473 478 eam
489 445 631 477 mutuati
643 440 771 476 fuerant
781 442 936 489 Apostoli
946 457 983 477 ex
994 448 1096 478 veteri
1107 448 1216 492 gentis
1228 444 1288 480 suae
1299 447 1555 483 consuetudine:
1571 450 1622 485 vel
1632 456 1743 499 potius
1755 468 1797 500 qu
1805 447 1860 490 un}
1873 460 1908 491 jn

75 494 133 532 vsu
143 494 457 535 foret,retinuerant.
468 492 520 526 Est
529 493 619 524 enim
632 490 700 525 haec
709 503 782 539 pars
792 492 903 525 decori
915 493 1006 538 quod
1016 492 1136 527 Paulus
1146 493 1226 528 alibi
1238 507 1313 528 com
1321 499 1462 531 mendar.
1473 500 1678 546 Qanquam
1691 502 1832 537 dubitari
1846 518 1908 552 po·
1934 536 1945 554 1
1958 533 1980 556 C
2038 536 2042 539 Α
2118 528 2126 534 -,

9 554 13 580 t
74 542 134 579 test
144 555 186 578 an
195 540 350 576 referatur
360 536 496 590 praesens
506 551 668 573 manuum
679 539 850 587 impositio
863 541 902 573 ad
912 541 1242 588 ordinationem,qua
1252 554 1331 578 tunc
1342 547 1482 591 Spiritus
1493 551 1595 593 gratie
1606 549 1644 581 de
1655 549 1776 595 quibus
1788 553 1826 585 ad
1837 555 1909 587 Ro-
1948 550 1954 557 “
1981 538 2130 570 ⁰⁷'¹4'g'4⁵

7 582 11 655 ἓ
74 601 193 629 manos
204 592 310 638 capite
321 600 364 627 12,
381 592 415 623 &
429 599 453 623 1.
463 586 620 622 Corinth·
631 598 671 632 13-
681 586 813 624 diffinit,
822 600 880 635 per
893 601 1054 623 manuum
1067 590 1317 637 impositionem
1331 593 1584 629 conferebantur
1605 598 1717 631 multis
1730 603 1825 633 etiam
1837 601 1908 636 aliis

8 657 10 680 y
73 641 214 688 quinon
226 636 480 673 instituebantur
490 635 645 669 Pastores.
656 636 718 670 Sed
727 648 790 683 ego
802 649 839 670 ex
850 638 960 683 priore
971 636 1119 685 Epistola
1128 637 1222 672 facile
1234 639 1516 686 collig0‚Paulum
1527 646 1565 677 dc
1575 644 1690 680 officio
1703 649 1840 683 Pastoris
1852 650 1907 685 hic

6 683 11 726 l
71 699 177 736 agere.
200 698 279 721 nam
289 686 424 734 quadrat
435 684 490 718 hic
501 682 596 718 locus
609 696 686 718 cum
698 681 769 720 illo,
782 684 866 718 Noli
877 685 1047 732 negligere
1058 688 1195 733 gratiam
1208 700 1279 733 quae
1289 689 1361 722 data
1386 688 1502 724 esttibi
1515 704 1590 726 cum
1603 695 1818 742 impositione
1837 711 1908 733 ma-

51 737 53 740 ’
69 748 181 773 nuum
198 723 402 780 Preffiyterii.
417 733 494 768 Hoc
502 731 697 772 constituto,
712 734 868 779 quaeritur
879 745 920 767 an
934 745 990 780 per
1001 745 1170 768 externum
1183 734 1312 782 signum
1326 739 1429 784 gratia
1444 737 1541 773 fuerit
1551 742 1631 775 data.
1645 745 1694 777 Ad
1712 757 1811 791 quam
1826 759 1908 792 que-

71 786 214 820 stionem
225 781 424 831 respondeo,
435 781 568 827 quoties
579 779 818 815 ordinabantur
827 782 989 822 ministri,
1010 781 1161 829 precibus
1171 787 1275 818 totius
1287 784 1430 820 Ecclesiae
1440 785 1531 820 fuisse
1541 790 1615 823 Deo
1637 796 1905 830 commendatos.-

22 832 60 861 a»
69 844 170 880 atque
180 831 246 866 hoc
257 831 362 865 modo
373 832 581 876 impetratam
589 826 655 862 illis
666 827 758 863 fuilse
769 830 907 876 gratiam
918 830 936 863 a
949 831 1034 867 Deo,
1047 843 1117 866 non
1130 843 1238 866 autem
1251 836 1372 867 virtute
1383 833 1465 882 signi
1477 834 1567 869 fuiss'e
1578 836 1642 871 illis
1653 831 1769 875 datamss
1786 844 1907 889 Qan-

69 893 174 930 quam
184 879 316 926 signum
330 891 400 914 non
411 876 524 911 frustra
532 888 594 911 nec
607 877 769 911 inutiliter
779 876 1004 911 adhibebatur:
1015 876 1068 913 sed
1077 878 1187 914 tessera
1198 892 1263 914 erat
1274 883 1413 916 minime
1439 882 1535 918 fallax
1546 887 1614 919 eius
1625 892 1735 932 gratiae
1752 903 1851 936 quam
1867 905 1906 926 cx

69 927 142 978 ipsa
150 929 215 963 Dei
226 940 328 962 manu
341 923 577 975 percipiebant.
596 925 718 971 Neque
730 927 818 959 enim
829 924 968 973 profana
976 927 1125 973 quaedam
1136 927 1199 962 fuit
1209 931 1421 976 inauguratio
1432 935 1514 966 ritus
1525 931 1580 966 ille
1592 957 1601 970 ‚
1610 936 1647 967 ad
1658 939 1905 976 conciliandam

71 977 176 1012 modo
186 979 222 1010 in
232 976 413 1010 hominum
422 972 530 1008 oculis
539 974 751 1008 autoritatem
763 975 912 1008 inuenta:
925 975 976 1008 sed
986 975 1189 1011 consecratio
1200 990 1312 1012 coram
1323 980 1397 1013 Deo
1409 978 1645 1027 legitima,quae
1656 997 1725 1018 non
1736 987 1906 1033 perficitur

68 1025 131 1063 nisi
141 1026 282 1073 Spiritus
292 1024 395 1058 sandri
404 1024 536 1056 virtute.
547 1022 701 1056 Praeterea
712 1020 842 1068 lignum
854 1035 915 1070 pro
926 1034 996 1058 tota
1009 1036 1041 1058 re
1052 1024 1103 1058 vel
1113 1027 1246 1060 afflone
1257 1030 1376 1074 accipit
1387 1029 1515 1063 Paulus.
1526 1029 1687 1077 significat
1697 1047 1785 1068 enim
1802 1038 1905 1071 instrn

67 1077 162 1110 &um
172 1070 263 1107 fuiffe
272 1074 376 1119 gratia
383 1069 604 1105 Timotheum
616 1092 626 1108 ‚
637 1082 742 1116 quum
752 1069 883 1105 oblatus
894 1070 956 1105 fuit
966 1073 1044 1106 Deo
1055 1074 1214 1107 minister.
1236 1078 1284 1108 Ita
1294 1079 1329 1110 in
1340 1076 1400 1111 hac
1411 1076 1613 1123 loquutione
1623 1081 1667 1114 est
1689 1080 1902 1126 synecdoche,

68 1123 130 1158 Sed
141 1119 299 1156 obiicitur
307 1119 371 1153 alia
385 1121 571 1153 etiamnum
583 1119 722 1165 qthstiO.
732 1118 820 1152 Nam
832 1117 854 1153 si
865 1121 899 1153 in
910 1118 964 1154 sua
975 1121 1109 1155 demum
1121 1122 1333 1158 ordinatione
1344 1127 1481 1171 gratiam
1491 1127 1714 1173 consequutus
1726 1130 1769 1164 est
1783 1134 1886 1167 Timo
1895 1153 1906 1159 -

65 1170 164 1206 theus
176 1170 307 1203 muneri
318 1166 378 1203 suo
388 1167 575 1214 peragendo
586 1165 804 1201 necessariam:
816 1166 922 1214 qualis
939 1167 1001 1202 fuit
1014 1168 1133 1204 electio
1144 1169 1294 1206 hominis
1328 1174 1480 1207 nondum
1492 1176 1605 1209 idonei
1615 1188 1670 1211 aut
1681 1177 1815 1214 formati
1826 1205 1836 1219 ,
1853 1181 1905 1216 sed

62 1220 130 1256 Dei
139 1218 232 1252 dono
243 1216 350 1250 adhuc
359 1218 503 1250 vacui&
512 1215 658 1249 destituti
669 1221 679 1247 ?
691 1213 976 1262 Respondeo‚n0n
987 1221 1031 1250 ita
1042 1216 1133 1251 fuisse
1144 1229 1225 1253 tunc
1235 1219 1285 1253 illi
1296 1221 1508 1268 datum,quin
1520 1224 1608 1270 prius
1620 1225 1761 1261 haberet.
1773 1241 1903 1265 certum

65 1267 112 1304 est
125 1268 215 1302 enim
224 1265 377 1300 doctrina
389 1267 424 1298 δε
434 1262 508 1297 aliis
518 1262 652 1298 dotibus
664 1263 753 1310 prius
765 1276 840 1297 eum
852 1263 1045 1302 excelluisse,
1059 1266 1159 1312 quam
1170 1267 1288 1302 Paulus
1300 1282 1374 1303 eum
1388 1272 1570 1305 ministerio
1581 1273 1826 1311 destinaret.Sed
1837 1282 1904 1312 mi-

63 1315 159 1353 nime
168 1311 342 1348 absurdum
353 1313 408 1350 est,
422 1324 527 1359 quum
539 1313 630 1346 Deus
641 1324 740 1359 opera
750 1310 848 1358 ipfius
858 1314 906 1345 vti
916 1312 1025 1353 vellet,
1037 1313 1186 1361 adeoque
1200 1328 1274 1349 eum
1287 1315 1521 1358 vocalset,tunc
1532 1332 1668 1367 quoque
1680 1328 1784 1372 magis
1799 1325 1903 1373 aptas—

29 1361 32 1366 ’
63 1362 96 1400 se
106 1367 140 1400 Sc
149 1359 326 1398 cumulasse
337 1373 414 1395 eum
425 1362 524 1394 nouis
534 1359 642 1394 donis:
654 1359 705 1394 vel
716 1372 826 1407 priora
836 1372 901 1406 que
911 1361 1106 1402 contulerat,
1119 1362 1305 1410 duplicaffe.
1316 1366 1397 1400 Non
1410 1379 1488 1414 ergo
1499 1370 1589 1414 prius
1602 1371 1636 1403 in
1646 1371 1831 1409 Timotheo
1842 1374 1902 1410 nul

63 1411 138 1448 lum
148 1422 214 1446 erat
222 1411 364 1446 donum,
379 1406 432 1444 sed
444 1410 548 1454 magis
559 1419 640 1442 tunc
655 1410 776 1442 enituit
786 1421 892 1455 quum
903 1408 953 1442 illi
966 1409 1161 1457 impositum
1172 1410 1235 1446 fuit
1244 1413 1386 1448 docendi
1401 1428 1498 1449 onus.

112 1472 136 1506 7
185 1458 267 1493 Non
275 1460 357 1491 enim
368 1455 455 1490 dedit
465 1456 575 1494 nobis.)
626 1454 852 1490 Confirmatio
864 1457 908 1490 est
918 1460 1077 1504 proximae
1087 1458 1265 1499 sententiae,
1278 1474 1342 1508 qua
1353 1463 1573 1498 Timotheum
1587 1468 1723 1501 incitare
1735 1472 1843 1516 pergit
1861 1471 1901 1505 ad

61 1511 135 1545 vim
145 1508 315 1542 donorum
325 1517 392 1552 que
401 1506 527 1552 accepit
538 1502 891 1551 explicandam.Vtitut
900 1517 1010 1540 autem
1021 1506 1087 1541 hoc
1097 1510 1401 1556 argumento‚quod
1414 1513 1503 1546 Deus
1515 1513 1684 1549 ministros
1696 1515 1769 1550 suos
1779 1518 1901 1564 guber-

59 1567 120 1594 net
135 1556 251 1605 Spiritu
257 1555 402 1602 potentia:
415 1564 480 1599 que
494 1554 657 1586 contraria
667 1553 710 1586 est
723 1552 757 1587 T
758 1551 913 1587 imidttati.
969 1555 1065 1589 Vnde
1075 1554 1232 1602 sequitur,
1245 1571 1315 1592 non
1330 1558 1445 1593 debere
1480 1564 1692 1609 erignauiam
1704 1567 1824 1603 iacere,
1848 1564 1902 1601 sed

16 1604 20 1609 ’
60 1616 186 1652 magna
195 1600 398 1638 confidentia
409 1604 444 1635 &
453 1600 617 1634 alacritate
627 1602 752 1636 erectos
761 1625 772 1639 ,
799 1600 893 1636 illam
904 1603 1044 1649 Spiritus
1054 1606 1212 1639 virtutem
1234 1605 1408 1641 manifesto
1424 1572 1541 1644 efieetu
1552 1610 1698 1661 proferre
1712 1617 1745 1647 ὅ(
1759 1626 1898 1649 exerere.

58 1654 172 1690 Locus
183 1652 227 1692 est
235 1651 275 1686 ad
283 1652 459 1685 Romanos
469 1650 575 1695 capite
584 1649 699 1694 8.c.14‚
711 1652 746 1683 in
758 1648 897 1697 speciem
909 1649 974 1684 fere
982 1649 1109 1686 fimilisz
1120 1650 1170 1686 sed
1182 1664 1292 1688 tamen
1305 1658 1362 1701 qui
1371 1655 1535 1691 diuersum
1548 1658 1674 1694 lensum
1688 1660 1786 1695 habet
1797 1675 1834 1696 ex
1845 1662 1900 1698 sua

59 1701 306 1738 circunstantia.
316 1698 450 1732 TraCtat
460 1699 551 1731 enim
564 1695 634 1731 illic
643 1698 682 1731 de
693 1698 884 1746 adoptionis
897 1696 1027 1738 fiducia,
1061 1712 1137 1734 uam
1146 1699 1270 1736 habent
1281 1700 1398 1738 omnes
1409 1702 1623 1742 fideles:nunc
1632 1720 1742 1743 autem
1753 1711 1901 1757 peculia-

60 1752 140 1785 riter
149 1750 218 1797 agit
227 1748 267 1782 de
277 1746 444 1782 ministris,
455 1757 492 1780 ac
502 1757 558 1780 eos
569 1743 721 1780 hortatur
731 1743 789 1781 sub
799 1747 973 1781 Timothei
983 1712 1133 1796 persona,
1145 1760 1180 1783 vt
1191 1748 1220 1783 se
1230 1754 1382 1796 gnauiter
1392 1764 1510 1787 acuant
1523 1756 1562 1788 ad
1572 1760 1898 1803 magnanimitatem:

62 1800 143 1846 quia
150 1810 223 1833 non
230 1795 309 1831 velit
318 1807 375 1830 eos
383 1795 556 1828 Dominus
567 1791 685 1841 frigide
696 1794 790 1828 obire
801 1807 923 1829 munus
936 1793 1044 1836 suum,
1056 1795 1107 1830 sed
1117 1798 1246 1844 poti-,ter
1256 1799 1372 1833 instare
1382 1799 1483 1835 fretos
1496 1804 1637 1849 Spiritus
1649 1803 1898 1844 efficacjaJ-ljnc

58 1847 280 1881 admonemur
290 1854 502 1889 nequaquam
515 1840 575 1877 vlli
585 1843 736 1876 nostrum
749 1842 920 1890 suppetere
932 1855 1004 1878 eam
1015 1846 1156 1893 Spiritus
1168 1847 1378 1882 altitudinem
1392 1852 1425 1883 δε
1438 1849 1611 1886 infractam
1626 1855 1820 1894 constantia,
1831 1870 1896 1904 que

57 1895 99 1929 ad
110 1893 328 1929 exercendum
343 1891 564 1925 ministerium
573 1890 723 1925 nostrum
736 1893 925 1937 requiritur,
937 1893 1044 1927 donec
1056 1892 1173 1936 celitus
1185 1895 1363 1930 induamur
1373 1910 1463 1931 noua
1473 1901 1605 1934 virtute.
1630 1902 1671 1935 Et
1684 1900 1896 1939 sanernaiora

57 1941 134 1978 sunt
148 1946 182 1976 <Sc
194 1941 289 1990 plura
298 1938 476 1979 obstacula,
486 1940 588 1986 quam
597 1948 632 1972 νε
641 1937 706 1973 illis
716 1937 904 1987 superandis
914 1952 972 1987 par
979 1939 1089 1975 futura
1098 1941 1136 1976 sit
1146 1941 1212 1976 vlla
1224 1943 1372 1978 hominis
1382 1944 1555 1981 tortitudo.
1566 1950 1656 1983 Deus
1668 1951 1711 1984 est
1724 1954 1826 1998 igitur
1835 1956 1897 2000 qui

57 2003 122 2027 nos
132 1990 263 2025 instruit
274 1990 396 2036 Spiritu
406 1988 574 2035 potent-iae.
586 1986 676 2021 Nam
687 1989 746 2034 qui
756 1986 884 2033 alioqui
895 1988 1041 2023 multum
1050 1989 1151 2024 robur
1160 1991 1336 2030 ostentant,
1349 1995 1533 2030 concidunt
1545 2009 1719 2031 momento
1731 2023 1741 2037 ,
1751 2000 1808 2035 vbi
1822 2012 1894 2037 non

57 2037 258 2074 sustinentur
267 2037 388 2072 Diuini
399 2038 537 2083 Spiritus
551 2038 715 2082 potentia.
727 2036 878 2069 Secundo
890 2035 1083 2084 colligimus
1095 2064 1106 2078 ‚
1120 2040 1314 2086 quicunque
1325 2040 1476 2075 seruilem
1487 2045 1522 2077 in
1535 2045 1673 2078 modum
1697 2049 1806 2082 timidi
1817 2047 1892 2085 sunt

60 2091 97 2122 &
109 2086 241 2126 abiecti,
251 2095 286 2118 vt
296 2082 382 2119 nihil
393 2095 453 2132 pro
463 2082 650 2118 defensione
658 2085 803 2117 veritatis
814 2084 954 2117 audeant
964 2097 1070 2130 quum
1080 2099 1165 2132 opus
1177 2087 1231 2123 est,
1244 2088 1386 2122 minim&
1397 2090 1541 2137 guberna
1549 2095 1574 2125 ri
1586 2092 1646 2127 illo
1657 2095 1779 2141 Spiritu
1796 2098 1814 2131 a
1823 2090 1894 2144 quo

55 2145 220 2183 reguntur
231 2132 354 2168 Christi
366 2129 460 2166 serui.
472 2131 567 2166 Vnde
576 2129 722 2178 sequitur
730 2129 941 2178 pauciffimos
952 2132 1052 2167 hodie
1062 2133 1123 2167 effe
1133 2137 1218 2169 exiis
1228 2138 1287 2182 qui
1299 2137 1434 2171 titulum
1446 2151 1566 2186 gerunt
1575 2142 1818 2184 Ministrorum‚
1833 2150 1893 2192 qui

19 2180 22 2183 ⁴
55 2185 239 2232 genuinam
249 2180 457 2229 probationis
467 2188 583 2213 notam
594 2178 744 2213 habeant.
761 2181 897 2226 Qotus
907 2183 997 2214 enim
1009 2180 1149 2228 quisque
1158 2187 1318 2231 reperitur
1326 2188 1384 2231 qui
1396 2185 1496 2221 fretus
1507 2189 1648 2235 Spiritus
1659 2196 1821 2238 potentia,
1832 2198 1892 2228 c64

54 2234 176 2267 stanter
186 2242 325 2265 omnem
350 2227 565 2262 altitudinem
577 2227 733 2275 despiciat
742 2240 807 2275 que
818 2226 959 2275 insurgit
969 2228 1119 2264 aduersus
1131 2231 1325 2267 Christum?
1345 2233 1461 2269 nonne
1470 2235 1620 2283 plerique
1642 2237 1706 2272 fere
1719 2253 1837 2276 omnes
1853 2243 1894 2277 si..

55 2278 138 2315 bi&
150 2281 222 2313 otio
232 2274 479 2313 suoconsulunt
489 2283 499 2308 Ξ
511 2275 626 2310 nonne
636 2275 770 2310 fimulac
780 2278 945 2324 increpuit
956 2276 1096 2324 aliquid,
1109 2281 1259 2326 prostrati
1271 2280 1364 2316 silent
1373 2287 1388 2315 ,ἕ
1414 2286 1460 2317 Ita
1472 2283 1509 2318 fit
1523 2297 1556 2319 vt
1568 2289 1602 2320 in
1615 2300 1729 2321 eorum
1744 2292 1894 2325 ministe-

56 2330 111 2362 rio
120 2325 213 2362 nulla
220 2322 371 2373 appareat
381 2326 445 2358 Dei
456 2324 612 2358 maiestas.
622 2324 760 2358 Nomen
771 2326 910 2371 Spiritus
923 2327 1148 2372 metonymice
1158 2327 1213 2362 hic
1225 2333 1374 2377 ponitur,
1387 2342 1420 2364 vt
1434 2331 1546 2367 multis
1558 2333 1653 2368 locis.
1673 2338 1735 2370 Sed
1748 2350 1805 2372 cur
1827 2342 1892 2373 Di-

56 2377 215 2410 lethonem
225 2374 335 2422 postea
346 2373 434 2407 addit
444 2371 933 2415 &fibriecaeem?1ne0iudicio,
948 2385 982 2408 vt
993 2374 1085 2409 illam
1095 2377 1235 2423 Spiritus
1245 2381 1429 2425 potentiam
1440 2378 1633 2417 discerneret
1644 2383 1683 2417 ab
1695 2387 1892 2434 intemperie

53 2422 276 2458 fanaticorum
289 2421 482 2462 hominum,
495 2423 554 2468 qui
568 2433 673 2467 quum
684 2432 780 2455 ruant
791 2423 918 2468 impetu
929 2421 1122 2458 turbulento
1139 2449 1149 2462 ‚
1159 2426 1319 2472 Spiritum
1331 2428 1394 2460 Dei
1408 2426 1560 2464 ferociter
1574 2432 1706 2466 iactant.
1727 2436 1813 2481 Ergo
1826 2449 1893 2471 no-

57 2473 216 2507 minatim
228 2467 376 2518 expreffit
385 2493 395 2507 ,
407 2471 476 2504 vim
489 2469 581 2503 illam
590 2480 762 2516 potentem
774 2468 947 2504 sobrietate
958 2475 991 2505 δε
1002 2471 1182 2509 diletfitione
1194 2497 1204 2510 ‚
1215 2473 1281 2509 hoc
1291 2473 1336 2508 est
1348 2474 1478 2522 placido
1491 2477 1664 2520 edificandi
1677 2479 1786 2516 studio
1796 2509 1806 2523 ‚
1831 2483 1892 2519 effe

53 2530 284 2568 temperatam.
299 2515 457 2561 Ceterum
467 2531 538 2552 non
548 2528 646 2564 negat
659 2517 777 2551 Paulus
791 2520 873 2563 quin
886 2519 1002 2553 eodem
1012 2519 1135 2555 fuerint
1145 2523 1268 2568 Spiritu
1280 2523 1393 2557 donati
1405 2525 1569 2573 Prophete
1582 2532 1615 2561 &
1627 2529 1795 2565 Doehnres
1815 2545 1892 2567 ame

54 2566 229 2615 Euangelii
243 2565 564 2614 promulgationem:
575 2565 626 2600 sed
636 2565 722 2600 hanc
731 2568 869 2613 gratiam
884 2565 1044 2614 fignificat
1053 2581 1146 2604 nunc
1157 2572 1265 2619 vigere
1273 2569 1480 2619 potiffimiim
1492 2574 1607 2610 debere
1627 2579 1661 2610 ὅ(
1674 2581 1820 2614 eminete
1831 2579 1890 2616 sub

50 2616 182 2658 chtisti
193 2628 307 2663 regno.
1593 2664 1598 2670 ι

103 2666 124 2699 8
174 2664 216 2699 N
217 2677 253 2697 on
264 2674 328 2711 crgo
337 2672 367 2695 te
373 2660 513 2712 pudeat.)
548 2663 625 2696 Hoc
634 2661 763 2697 dicebat
773 2675 879 2709 quum
894 2663 1052 2712 probrosa
1061 2678 1110 2701 res
1121 2664 1195 2701 effer
1205 2668 1377 2715 Euangelii
1389 2669 1557 2706 confeffio.
1571 2672 1727 2720 prohibet
1737 2677 1838 2722 igitur
1848 2691 1890 2712 ne
2072 2691 2090 2707 r

56 2712 199 2749 ambitio
211 2711 260 2746 vel
272 2710 409 2753 infamio
430 2722 538 2744 metus
549 2723 626 2745 eum
637 2712 808 2758 impediat,
821 2711 874 2746 vel
884 2724 1069 2748 remoretur
1079 2715 1097 2748 a
1106 2714 1256 2751 libertate
1266 2718 1647 2767 predicandiEuangelii.
1667 2726 1700 2756 ὃς
1712 2723 1777 2758 hoc
1788 2725 1890 2760 infert

57 2773 97 2796 ex
106 2759 337 2808 s'·¹l,·‘e¹'-i⁶’¹7st>[¹⁵·
347 2758 438 2793 Nam
449 2760 508 2805 (1ιιί
518 2769 660 2793 armatus
672 2761 731 2793 erit
739 2761 803 2793 Dei
816 2762 947 2798 virtute,
957 2774 1029 2796 non
1039 2762 1215 2810 trepidabit
1225 2764 1406 2812 obstrepete
1419 2769 1556 2803 mundo:
1572 2767 1624 2803 sed
1634 2769 1817 2817 gloriosum
1829 2773 1890 2808 fibi

56 2810 155 2845 ducet
165 2809 255 2856 quod
265 2809 363 2856 impii
374 2806 540 2841 notabunt
550 2809 749 2854 ignominia.
761 2809 801 2842 Et
813 2808 931 2843 merito
942 2810 1124 2857 Euangeliii
1134 2811 1278 2859 appellat
1288 2817 1420 2848 ‘Domini
1429 2816 1626 2860 testimonium
1636 2832 1647 2850 :
1667 2821 1745 2865 quia
1761 2822 1886 2856 tamctfi

57 2856 199 2894 minime
208 2856 306 2891 nobis
315 2854 520 2890 adiutoribus
532 2856 658 2902 indiget
667 2881 678 2896 ,
698 2855 796 2890 nobis
807 2868 920 2891 tamen
930 2857 987 2892 has
999 2870 1105 2905 partes
1116 2861 1264 2907 imponit
1273 2884 1283 2898 ‚
1304 2873 1339 2895 vt
1351 2863 1579 2900 testimonium
1591 2868 1763 2902 reddamus
1781 2868 1839 2904 fibi
1848 2871 1888 2904 ad

56 2905 201 2954 gloriam
211 2904 300 2939 suam
311 2903 519 2938 afferendam.
529 2905 595 2938 Hic
607 2916 746 2952 magnus
759 2908 792 2939 &
804 2904 974 2952 singularis
983 2907 1095 2940 honor
1106 2908 1150 2941 est
1160 2921 1229 2954 quo
1239 2922 1301 2942 nos
1312 2910 1478 2957 dignatur,
1491 2917 1523 2947 ὃς
1537 2915 1671 2959 quidem
1684 2929 1740 2949 om
1747 2930 1801 2950 nes
1815 2921 1886 2960 (ne-

58 2964 119 2989 rno
130 2955 220 2988 enim
231 2953 437 2988 Christianus
446 2975 456 2990 ,
476 2954 616 2998 quinon
626 2964 775 2999 reputare
800 2952 914 2987 debeat
925 2952 955 2988 se
965 2952 1025 2988 effe
1036 2954 1161 2990 Christi
1173 2955 1310 2998 testem)
1334 2959 1385 2992 sed
1395 2961 1551 3008 prqcipue*
1570 2974 1680 2996 tamen
1690 2965 1832 2999 Pastores
1852 2971 1886 3000 &

56 3004 232 3038 Doctores.
244 3000 528 3048 quemadmodum
540 3000 690 3034 Christus
698 3000 868 3048 Apostolis
877 3001 1006 3036 dicebat
1017 3026 1026 3040 ‚
1037 3005 1105 3037 Vos
1116 3006 1204 3039 eritis
1222 3005 1306 3039 mihi
1315 3008 1418 3041 testes.
1440 3010 1583 3043 Proinde
1597 3023 1665 3056 quo
1688 3011 1833 3046 odiofior
1844 3015 1887 3048 est

57 3053 96 3086 in
109 3050 235 3084 mundo
244 3048 417 3096 Euangelii
426 3048 591 3088 dostrina,
605 3061 645 3082 eo
662 3046 777 3083 fortius
787 3048 923 3084 eluetari
933 3050 1053 3085 debent
1063 3052 1102 3085 ad
1111 3056 1292 3099 ingenuam
1304 3057 1372 3089 eius
1383 3055 1633 3092 confeffionem.
1658 3060 1774 3102 Qum
1786 3062 1887 3100 addit,

58 3098 178 3144 Neque
185 3099 254 3134 mei,
266 3096 330 3131 hoc
341 3096 441 3131 verbo
456 3097 682 3131 Timotheum
691 3097 848 3131 admonet
858 3111 899 3132 ne
908 3097 966 3132 sibi
976 3122 986 3135 ‚
1010 3109 1169 3146 tanquam
1182 3103 1217 3135 in
1233 3107 1409 3137 communi
1419 3105 1510 3138 causa
1519 3129 1528 3143 ‚
1555 3104 1676 3140 recuset
1687 3106 1746 3140 effe
1769 3107 1885 3144 socius.

56 3147 149 3182 Nam
159 3157 265 3192 quum
287 3147 468 3192 incipimus
479 3144 657 3179 subducere
665 3157 729 3179 nos
750 3144 790 3179 ab
802 3158 918 3180 eorum
938 3146 1092 3181 societate
1104 3151 1162 3195 qui
1173 3161 1308 3197 propter
1320 3151 1442 3185 Christi
1451 3166 1577 3188 nomen
1596 3153 1887 3201 persequutionem

55 3193 228 3234 sustinent,
239 3193 321 3239 quid
331 3191 419 3227 aliud
431 3194 530 3239 quam
542 3192 762 3241 Euangelium
777 3196 948 3240 querimus
971 3194 1011 3229 ab
1021 3199 1117 3231 omni
1140 3196 1367 3245 persecutione
1377 3202 1548 3234 immune?
1575 3205 1679 3247 Atqui
1692 3216 1797 3249 quum
1817 3220 1887 3241 non

56 3241 199 3277 deessent
210 3239 309 3276 multi
318 3242 414 3287 impii
423 3243 482 3288 qui
493 3244 537 3275 ita
548 3239 740 3276 insultarent
750 3242 945 3280 Timotheo,
957 3243 1040 3286 Non
1052 3245 1142 3279 vides
1154 3247 1234 3293 quid
1245 3248 1399 3293 magistro
1412 3259 1471 3281 tuo
1482 3250 1633 3283 acciderit
1644 3252 1657 3282 ?
1667 3264 1708 3285 an
1721 3251 1824 3288 nescis
1837 3255 1891 3289 ide

83 3293 227 3334 rqmium
238 3301 269 3324 te
278 3300 414 3335 quoque
423 3301 554 3323 manere-
562 3293 577 3322 ἒ
586 3290 670 3336 quid
681 3289 777 3324 nobis
788 3290 976 3325 doctrinam
987 3291 1137 3327 obtrudis
1147 3307 1249 3340 quarn
1260 3294 1407 3328 exibilari
1417 3297 1505 3330 vides
1518 3297 1535 3330 a
1545 3308 1618 3331 toto
1629 3300 1769 3333 mundo?
1782 3301 1893 3336 neces..

55 3304 161 3375 sefuit
171 3351 249 3375 eum
259 3338 340 3385 erigi
349 3336 410 3372 hac
420 3337 660 3378 exhortatione,
670 3338 756 3374 Non
766 3338 810 3374 est
819 3338 912 3386 quod
922 3350 953 3374 te
962 3343 1029 3375 mei
1039 3341 1208 3392 pudeat—in
1221 3355 1290 3389 quo
1299 3341 1385 3378 nihil
1405 3343 1448 3378 est
1457 3345 1661 3392 pudendum.
1712 3350 1791 3383 Sunt
1800 3353 1892 3387 enim

1913 3029 1969 3067 Aa
1980 3034 2062 3071 ,rask
