2268 3705
552 93 666 147 AD
723 95 1089 146 TIMOTH-
1147 101 1324 147 CAP·
1375 104 1434 151 V·
1890 126 1948 162 ,οι

152 173 190 218 ’17
239 169 407 216 Presbyteri
426 168 480 214 qm·
489 167 590 214 bene.)
641 169 717 203 Hoc
736 180 873 216 quoque
881 169 921 202 ad
932 169 1143 204 retinendum
1153 168 1299 205 Ecclefiae
1309 172 1460 206 ordinem
1473 174 1506 208 in
1518 177 1635 221 primis
1645 178 1688 212 est
1707 181 1933 220 necellarium:

106 225 176 257 ’non
188 220 314 268 negligi
324 217 540 263 Presbyteros‚
553 216 604 250 sed
619 229 733 251 corum
748 217 859 251 habeti
869 220 1046 252 rationem.
1069 218 1163 259 Quid
1178 221 1265 252 enim
1283 218 1499 255 inhumanius
1510 227 1609 269 quam
1626 240 1681 260 eos
1692 240 1761 262 non
1775 230 1833 264 else
1843 244 1933 276 cute,

104 272 163 316 qui
176 258 278 303 torius
297 265 443 302 Ecclefiae
455 277 565 299 curam
579 272 717 312 gerunt?
732 278 839 312 neque
851 268 940 299 enim
950 265 1007 305 hic
1015 269 1116 301 aetatis
1124 279 1251 302 nornen
1264 266 1308 302 est
1317 271 1502 311 «πρεσβύτερος,
1514 271 1564 305 scd
1575 270 1690 307 oflicii.
1710 277 1815 324 Qod
1825 280 1930 329 dupli-

105 329 168 350 cem
177 317 314 351 honorem
323 318 555 362 intcrpretatur
566 312 821 358 Chrysollomus
830 315 957 349 vistum
970 318 1004 348 &
1014 317 1233 355 reuerentiam
1244 338 1254 353 ,
1265 329 1334 351 non
1346 319 1533 366 impugno:
1550 319 1701 366 sequatur
1711 327 1780 360 cius
1791 331 1929 374 opinio-

104 378 181 399 nem
193 367 251 411 qui
262 362 362 397 volet.
373 362 461 396 Mihi
472 372 583 396 tamen
607 361 811 408 probabilius
824 363 968 399 videtur,
983 362 1038 397 hic
1049 361 1119 402 fieri
1130 367 1415 412 comparationem
1428 369 1515 401 inter
1526 369 1639 402 viduas
1662 375 1695 404 ὅ(
1711 367 1930 419 Ρῐοίῦγῑςιοεζ

99 414 193 447 Prius
205 409 331 446 iusserat
343 409 477 447 Paulus,
490 410 656 444 honorem
667 409 779 444 haberi
791 410 910 444 viduis:
921 413 1013 456 atqui
1023 411 1153 445 honore
1164 412 1332 460 digniores
1343 412 1415 448 sunt
1426 413 1606 461 Presbyteri
1619 420 1717 464 quam
1731 420 1795 454 illae
1808 434 1815 453 z
1829 436 1927 469 quare

102 462 152 496 his
162 459 279 507 duplex
292 459 402 493 honor
411 470 521 493 earum
533 456 678 506 respetstu
689 457 900 492 exhibendus.
933 459 994 492 Sed
1004 470 1037 493 vt
1049 459 1196 498 ostendat
1205 459 1234 501 se
1246 460 1350 496 laruas
1362 476 1432 497 non
1442 466 1789 509 commendare,ad‚dit‚
1834 484 1864 504 uz
1874 471 1927 506 be-

99 507 276 556 nepraesunt:
287 507 352 541 hoc
361 505 407 540 est
417 507 476 553 'qui
486 503 624 541 fideliter
637 512 670 540 ὁὶ
681 506 807 541 strenue
818 506 1020 542 incumbunt
1029 506 1086 541 suo
1099 511 1239 548 muneri.
1250 522 1327 544 nam
1339 522 1372 544 vt
1385 514 1507 547 centies
1517 516 1591 559 quis
1601 512 1714 549 locum
1726 515 1928 557 obtimae&

98 555 234 595 titulum
246 557 355 593 ιἐιξὲετ,
366 554 425 589 nisi
439 567 560 593 munus
571 552 665 588 limul
676 566 830 593 exerceat,
840 553 936 589 nullo
947 557 1017 589 iure
1027 556 1196 603 stipendiis
1205 556 1348 592 Ecclesia:
1359 557 1388 592 se
1398 559 1440 593 ali
1452 561 1642 612 postulabit.
1658 564 1814 611 Denique
1825 566 1926 614 ligni-

96 604 169 640 ficar
180 618 250 639 non
262 602 363 639 titulo
374 602 482 637 deberi
493 602 657 637 honorem
675 626 681 641 ‚
699 602 749 636 sed
763 615 868 650 operae
879 615 979 655 quam
991 605 1191 653 impendunt
1207 605 1348 651 quisunt
1362 611 1394 640 in
1406 608 1520 642 officio
1531 611 1714 646 constituti.
1735 613 1865 649 Praefert
1877 628 1926 650 ta·

97 666 174 687 rnen
185 666 241 687 eos
251 655 351 700 quiin
361 650 454 684 verbo
465 653 502 689 ὠ·
513 649 647 684 Αοὲἳνιηα
658 650 811 685 laborant:
834 651 900 687 hoc
912 651 955 685 cst
966 677 976 692 ‚
989 655 1046 698 qui
1058 653 1209 686 docendo
1221 653 1321 687 verbo
1333 653 1406 688 sunt
1418 659 1549 690 intenti.
1571 659 1658 693 Nam
1671 661 1741 695 duae
1754 662 1818 696 istae
1828 676 1927 698 voces

94 714 164 736 rem
177 713 277 736 vnam
288 699 485 748 lignificmt,
495 711 615 746 nempe
630 698 730 733 Verbi
740 699 1017 746 praedicationem.
1038 701 1096 739 Sed
1106 713 1148 735 ne
1160 700 1247 734 verbi
1258 705 1398 737 nomine
1410 704 1553 739 otiosum
1566 706 1707 742 studium
1723 714 1756 749 ἃ
1780 708 1927 758 specula-

54 753 63 758 ’
94 752 205 784 riuum
216 751 264 791 (vt
272 747 416 788 vocant)
425 745 588 795 quispiam
601 747 817 794 intelligeret,
825 748 943 783 adiecit
953 746 1128 782 dollrinam.
1156 748 1326 796 Colligere
1336 763 1445 786 autem
1458 752 1537 786 hinc
1549 752 1625 788 licet
1638 779 1646 792 ,
1659 759 1725 792 duo
1740 757 1925 796 fuulssftunc

55 831 57 836 ,
94 797 358 842 Presbyterorum
372 798 581 844 generatquia
591 808 661 830 non
672 809 727 829 om
734 808 789 829 nes
797 796 835 830 ad
844 795 1035 834 docendum
1045 797 1294 832 ordinabantur.
1307 799 1393 837 Nam
1404 801 1512 849 aperte
1524 801 1620 836 verba
1630 801 1730 839 sonan
1736 807 1925 852 t‚qt·.0sdam

51 838 55 843 ,
94 847 179 882 bene
191 851 224 880 ὃς
241 845 375 880 honeste
387 843 552 892 praefuifl'e:
567 843 688 889 quibus
702 856 812 878 tamen
832 857 902 878 non
916 856 1006 880 erant
1016 843 1195 883 commissa·
1208 847 1348 881 docendi
1359 859 1474 895 partes.
1503 850 1540 884 Et
1554 848 1625 884 sane
1638 865 1673 885 ex
1693 855 1823 901 populo
1841 857 1925 892 dcli-

94 894 256 944 gebantur
265 905 379 942 graues
392 898 426 927 ὃ(
436 891 565 940 probati
577 892 807 938 homines‚qui
821 893 886 926 vna
895 904 973 927 curn
985 892 1169 927 Pastor-ibus
1180 898 1354 930 communi
1365 896 1506 936 consilio.
1515 899 1759 935 &authoritate
1770 905 1922 949 Ecclclie,

90 940 302 991 disciplinam
312 942 586 978 administrarent,
597 953 634 974 ac
645 938 742 979 essent
752 939 839 986 quasi
849 940 996 976 censores
1006 942 1156 976 moribus
1167 945 1380 990 corrigendis.
1399 946 1501 980 Hunc
1514 959 1642 981 morem
1652 948 1849 987 Ambrosius
1865 955 1924 988 ob-

92 987 239 1026 soleuiss'e
255 991 472 1037 conqueritur
490 990 642 1023 Dodoru
650 1002 680 1022 m
704 989 855 1035 ignauia,
883 988 935 1023 vel
946 992 1058 1036 potius
1069 987 1236 1037 superbia,
1248 992 1327 1025 dum
1340 991 1399 1026 soli
1412 993 1531 1028 volunt
1541 998 1696 1030 eminere.
1726 999 1829 1036 Nunc
1841 1003 1925 1036 vead

91 1039 231 1076 Paulum
246 1039 386 1076 redeam,
395 1040 522 1072 victum
534 1038 696 1084 praecipue
707 1036 904 1084 suppeditari
915 1039 1006 1072 iubet
1016 1038 1201 1077 Pastoribus
1213 1043 1271 1086 qui
1282 1041 1432 1076 docendo
1444 1040 1517 1076 sunt
1527 1047 1693 1093 occupati.
1721 1048 1765 1080 Ea
1777 1050 1866 1083 enim
1880 1051 1923 1084 est

92 1087 209 1121 mundi
220 1086 425 1133 ingratitudo
443 1109 452 1123 ‚
474 1097 508 1119 vt
518 1086 556 1119 de
575 1084 728 1119 fouendis
749 1085 846 1120 Verbi
868 1086 1023 1121 ministris
1035 1099 1106 1121 non
1117 1086 1261 1122 multum
1275 1088 1310 1122 sit
1321 1088 1484 1124 solicitus:
1508 1095 1541 1125 &
1553 1093 1647 1126 Satan
1659 1092 1720 1129 hac
1730 1106 1797 1129 arte
1817 1108 1922 1133 tentat

88 1136 241 1171 doctrina
253 1137 382 1181 ptiuare
393 1133 578 1170 Ecclesiam,
592 1135 670 1168 dum
682 1135 806 1180 inopiae
815 1138 848 1167 &
859 1133 956 1168 famis
967 1147 1056 1169 meru
1067 1134 1232 1182 plurimos
1243 1135 1394 1172 absterret
1406 1152 1448 1174 ne
1460 1140 1491 1172 id
1503 1142 1613 1174 oneris
1625 1139 1809 1189 suscipiant.

134 1185 169 1220 18
221 1183 298 1216 Non
307 1181 452 1230 obltgabis
462 1195 505 1222 os,
521 1186 600 1220 δίε.)
651 1183 852 1229 Ptaeceptum
864 1183 908 1221 est
919 1182 1110 1229 politicum,
1120 1185 1210 1229 quod
1224 1184 1322 1219 nobis
1335 1188 1369 1220 in
1380 1199 1499 1232 genere
1511 1191 1697 1234 aequitatem
1713 1194 1885 1229 commfida
1894 1204 1916 1228 η

86 1230 181 1267 sicuti
191 1233 226 1265 in
237 1231 429 1278 prioremad
441 1230 638 1265 Corinthios
648 1230 826 1278 Epistolam
838 1231 991 1264 diximus.
1001 1232 1090 1265 Nam
1104 1230 1124 1265 fi
1136 1232 1291 1279 prohibet
1301 1247 1342 1267 ne
1354 1234 1531 1270 inhumani
1542 1235 1598 1270 sim
1605 1250 1640 1271 us
1651 1236 1754 1273 brutis
1764 1243 1920 1276 animali·
1939 1248 1942 1250 ’

41 1283 43 1286 “
86 1279 161 1317 bus,
172 1281 298 1326 quanto
311 1279 384 1327 plus
394 1279 611 1314 humanitatis
623 1281 723 1325 exigit
735 1290 808 1326 erga
819 1277 905 1326 ipsos
913 1279 1091 1315 homines?
1102 1281 1187 1326 Ergo
1198 1282 1333 1329 perinde
1345 1283 1430 1316 valet
1441 1283 1509 1318 haec
1520 1283 1690 1326 sententia,
1705 1299 1740 1321 ac
1751 1287 1772 1321 s1
1785 1302 1921 1336 generaa

83 1328 159 1363 liter
167 1329 338 1364 diceretur,
351 1340 421 1362 non
448 1326 506 1361 effe
525 1326 636 1361 labore
648 1327 758 1361 alieno
769 1327 983 1365 abutendum.
996 1328 1192 1362 Triturandi
1211 1341 1284 1363 mos
1294 1330 1393 1365 hodie
1404 1331 1518 1366 multis
1528 1332 1643 1369 Gallia:
1668 1335 1815 1379 partibus
1826 1340 1869 1372 est
1890 1342 1920 1373 i-

83 1388 221 1425 gnotus‚
237 1375 293 1410 vbi
303 1375 440 1423 flagellis
455 1377 603 1409 triticum
619 1377 800 1413 excutiunt:
811 1372 870 1409 soli
881 1374 1104 1411 Prouinciales
1116 1387 1242 1414 norunt
1254 1379 1334 1423 quid
1345 1377 1381 1412 lit
1392 1382 1550 1414 triturare.
1562 1379 1612 1414 sed
1625 1381 1690 1416 hoc
1699 1383 1785 1418 nihil
1797 1387 1834 1419 ad
1846 1386 1921 1421 sen-

81 1425 166 1461 sum:
178 1427 256 1471 quia
266 1424 462 1458 tantundem
474 1424 512 1456 de
522 1426 669 1457 aratione
679 1424 744 1457 dici
755 1424 869 1471 potest.
882 1424 987 1469 Qod
996 1421 1127 1458 subiicit
1137 1425 1304 1462 continuo
1317 1427 1362 1473 po
1368 1428 1402 1464 st,
1413 1429 1597 1477 Operarium
1606 1427 1729 1475 dignum
1741 1435 1792 1477 effe
1802 1447 1917 1468 merce-

82 1472 194 1517 λιβρι,
205 1486 275 1507 non
284 1475 363 1507 cisat
374 1471 463 1518 quali
472 1473 644 1521 Scriptum:
654 1471 894 1510 testimonium:
905 1471 957 1505 sed
968 1470 1056 1519 quafi
1065 1473 1192 1509 dietum
1205 1475 1423 1520 prouerbiale.
1437 1477 1530 1522 quod
1541 1477 1701 1518 omnibus
1711 1480 1810 1514 dietat
1822 1494 1918 1517 com-

80 1523 195 1556 munis
205 1516 321 1555 sensus.
333 1520 630 1566 Qmadrnodum
639 1519 868 1554 testimonium
883 1524 917 1554 &
929 1520 1079 1554 Christus
1089 1524 1156 1566 qut]
1166 1521 1253 1555 idem
1263 1522 1391 1557 dicebat
1425 1523 1608 1572 Apostolis,
1620 1524 1706 1567 nihil
1717 1527 1804 1562 aliud
1815 1533 1915 1575 quam

82 1568 276 1606 sententiam
287 1567 471 1616 proferebat
481 1570 637 1605 omnium
648 1566 807 1606 consensu
818 1567 1048 1615 approbatam.
1061 1570 1150 1615 Ergo
1161 1569 1309 1606 crudeles
1320 1570 1394 1606 sunt
1405 1575 1439 1606 Sc
1455 1574 1567 1611 omnis
1578 1576 1740 1620 aequitatis
1751 1578 1796 1609 im
1803 1590 1915 1613 memo

59 1651 62 1654 ,
82 1630 144 1657 tes,
159 1620 218 1664 qui
229 1617 514 1654 iumenra‚nedum
526 1615 681 1653 homines
692 1615 809 1655 esurire
818 1615 1091 1663 linunt‚quorum
1103 1616 1253 1652 sudorem
1266 1631 1414 1667 exugunt
1424 1622 1460 1654 in
1470 1621 1564 1662 suum
1574 1623 1806 1658 commodum.
1817 1627 1912 1671 Qui-

81 1666 119 1701 τὸ
131 1678 242 1700 autern
254 1667 363 1700 minus
370 1663 501 1698 ferenda
515 1675 630 1698 eorum
642 1665 847 1713 ingratitudo
858 1667 916 1711 qui
925 1667 1054 1708 victum
1064 1665 1249 1706 pastoribus
1260 1664 1324 1708 suis
1336 1680 1459 1716 negant
1471 1693 1482 1707 ‚
1495 1669 1618 1716 quibus
1629 1670 1758 1711 nullam
1771 1671 1845 1709 satis
1866 1676 1916 1710 di*

79 1726 182 1763 gnam
193 1713 376 1748 mercedem
389 1711 520 1760 possunt
530 1712 729 1758 rependere?
875 1713 879 1719 ”

129 1774 165 1807 19
212 1760 369 1804 Aduerfics
379 1759 609 1806 Presbyterum.)
651 1761 827 1808 Postquam
842 1762 1001 1810 stipendia
1009 1760 1097 1796 iuffit
1107 1763 1669 1810 erogaripastoribus,T1·motheum
1680 1771 1780 1804 etiam
1791 1770 1913 1805 admo.‘

78 1822 147 1849 net,
158 1823 199 1845 ne
210 1809 290 1845 sinat
299 1822 355 1844 eos
366 1807 518 1843 infamari
530 1808 718 1851 calumniis,
732 1822 795 1845 nec
804 1809 872 1844 vlla
881 1811 1116 1850 criminatione
1129 1814 1256 1858 grauari
1268 1836 1279 1854 ‚
1310 1811 1371 1847 nisi
1381 1825 1454 1860 quae
1465 1817 1588 1849 nitatur
1597 1815 1752 1864 legitimo
1763 1820 1913 1853 testimo-

78 1862 150 1893 nio.
162 1859 222 1893 Sed
239 1856 341 1906 posset
351 1857 417 1892 hoc
427 1857 529 1892 videri
538 1856 725 1895 absurdum,
737 1858 832 1904 quod
841 1857 960 1905 legem,
974 1871 1046 1905 quae
1057 1862 1213 1893 omnium
1226 1861 1270 1894 est
1280 1864 1472 1896 communis
1482 1886 1492 1900 ‚
1503 1863 1701 1910 Presbyteris
1711 1866 1798 1913 quafi
1811 1878 1911 1914 pecu-

77 1907 190 1943 liarem
201 1904 290 1941 facit.
299 1906 376 1941 Hoc
385 1907 465 1940 iuris
477 1908 512 1940 in
524 1905 624 1940 caulis
635 1904 794 1941 omnibus
803 1908 893 1940 Deus
905 1905 1092 1952 praescribit:
1106 1918 1142 1942 vt
1154 1921 1190 1942 ex
1200 1920 1257 1942 ore
1266 1909 1409 1943 duorum
1420 1923 1476 1945 aut
1488 1912 1589 1948 trium
1602 1915 1732 1949 testium
1744 1914 1909 1950 definian-

76 1966 139 1990 tur.
151 1956 222 1989 Cur
232 1967 310 2002 ergo
321 1955 387 1989 hoc
396 1953 485 2001 quasi
494 1953 648 2002 singulari
662 1953 840 2002 priuilegio
851 1953 939 1989 solos
949 1955 1156 2000 Presbyteros
1171 1959 1280 1990 munit
1290 1958 1473 2005 Apostolus
1487 1983 1496 1996 ‚
1510 1971 1545 1993 vt
1556 1962 1573 1993 a
1583 1959 1667 1999 fallis
1687 1963 1908 2000 delationibus

75 2015 147 2038 tuta
157 2002 193 2036 fit
207 2016 324 2038 eorum
335 2005 539 2038 innocentia?
550 2001 761 2050 Respondem
776 2004 841 2037 hoc
852 2001 912 2037 effe
922 2003 1134 2037 neceffanurn
1146 2004 1328 2039 remedium
1350 2005 1500 2041 aduersus
1510 2008 1691 2044 hominum
1717 2011 1909 2059 malignita-

76 2063 156 2086 tem.
170 2050 268 2085 Nulli
278 2054 367 2086 enim
377 2050 554 2093 calumniis
565 2054 600 2086 δέ
611 2049 910 2089 obt'testationibus
923 2053 1027 2097 magis
1037 2050 1111 2085 sunt
1122 2050 1274 2090 obnoxii,
1285 2055 1384 2099 qnam
1395 2057 1444 2102 pii
1455 2057 1629 2094 Doctores.
1645 2059 1861 2105 Praeterquam
1874 2075 1908 2101 ς-

74 2101 148 2134 nim
159 2099 250 2146 quod
261 2101 406 2133 muneris
417 2097 593 2136 difficultas
603 2097 681 2133 facit
692 2110 726 2133 vt
738 2099 904 2133 interdum
916 2098 967 2132 vel
979 2097 1206 2140 succumbant,
1220 2101 1270 2134 vel
1281 2101 1438 2140 titubent,
1450 2102 1502 2136 vel
1513 2103 1698 2140 claudicent
1715 2130 1725 2143 ‚
1735 2108 1786 2141 vel
1799 2109 1908 2143 hallu-

74 2148 331 2185 cinentur‚vnde
343 2145 460 2183 multas
470 2147 623 2194 carpendi
633 2145 722 2180 ansas
731 2148 894 2193 arripiunt
908 2147 1065 2194 improbi:
1078 2147 1145 2182 huc
1156 2150 1254 2183 etiam
1266 2151 1392 2184 accedit
1402 2151 1493 2197 quod
1503 2158 1722 2197 quantumuis
1734 2158 1842 2190 exacte*
1856 2157 1906 2190 fu-

72 2206 194 2244 gantur
204 2194 268 2230 suis
280 2194 437 2243 partibus,
457 2205 491 2229 vt
501 2208 543 2232 ne
554 2197 735 2229 minimum
748 2195 883 2241 quidem
895 2205 1035 2229 erratum
1046 2196 1233 2236 admittant,
1245 2202 1418 2245 nunquam
1433 2199 1525 2233 mille
1537 2202 1802 2248 reprehensiones
1822 2204 1907 2239 effu-

72 2247 180 2291 giunt.
190 2246 302 2290 Atque
313 2244 366 2277 hic
385 2243 428 2277 est
439 2243 523 2277 astus
533 2245 662 2286 Satane,
673 2242 811 2277 alienare
820 2242 1000 2277 hominum
1011 2246 1142 2279 animos
1152 2245 1170 2278 a
1183 2247 1355 2286 Ministris,
1371 2258 1406 2281 vt
1417 2248 1567 2282 doetrina
1578 2250 1737 2297 paulatim
1750 2256 1859 2287 veniat
1869 2256 1905 2288 in

72 2300 318 2340 contemptum.
330 2294 457 2326 Itanon
468 2289 598 2325 tantum
610 2289 645 2325 fit
656 2293 777 2326 iniuria
785 2290 1034 2330 innocentibus,
1046 2293 1137 2338 quod
1148 2295 1319 2328 immerito
1330 2293 1454 2338 leditur
1463 2309 1577 2331 eorum
1591 2299 1786 2333 existimatio
1800 2303 1903 2347 (quod

73 2347 187 2375 tamen
201 2339 307 2387 ipsum
316 2340 474 2388 perquam
485 2340 663 2385 indignum
679 2336 730 2373 'est
741 2341 775 2373 in
787 2350 855 2376 tam
866 2339 1006 2382 honesto
1017 2341 1146 2379 ordine)
1165 2339 1216 2375 sed
1226 2342 1408 2378 detrahitur
1417 2344 1599 2380 authoritas
1619 2345 1817 2391 sacrosancte
1831 2351 1903 2387 ,Dei

71 2389 234 2431 doctrine.
245 2389 355 2435 Atque
364 2388 398 2422 id
406 2386 563 2435 precipue
573 2388 621 2429 (vt
631 2387 711 2426 dixi)
725 2387 863 2422 molitur
872 2390 978 2422 Satan.
995 2389 1115 2435 Neque
1125 2391 1216 2423 enim
1226 2389 1282 2430 hic
1291 2391 1418 2431 tantum
1431 2392 1516 2428 valet
1530 2393 1612 2428 illud
1622 2394 1782 2433 Platonis,
1800 2398 1903 2432 Mali-

72 2434 247 2484 gnumeffe
257 2437 391 2483 vulgus,
401 2448 438 2470 ac
447 2434 720 2483 prestantioribus
731 2435 890 2470 inuidere:
902 2434 952 2470 sed
963 2436 1032 2483 quo
1043 2435 1196 2472 sincerius
1207 2437 1346 2486 quisque
1358 2441 1525 2475 Pastorum
1540 2454 1740 2489 promouere
1753 2445 1856 2479 studet
1869 2459 1904 2480 re

69 2497 177 2532 gnum
189 2484 324 2522 Christi,
337 2484 376 2518 εὸ
387 2486 512 2518 maiore
521 2496 675 2518 oneratur
687 2485 864 2524 inuidia,&
874 2487 1095 2531 proteruiores
1106 2484 1255 2520 aduersus
1266 2501 1340 2521 eum
1356 2486 1441 2522 fiunt
1455 2488 1607 2532 insultus.
1618 2493 1685 2525 Iam
1699 2493 1779 2527 vero
1790 2492 1905 2536 simul-

67 2545 168 2580 atque
177 2524 286 2579 aliqua
299 2534 337 2567 de
348 2531 448 2566 Verbi
458 2533 614 2566 ministris
625 2535 818 2569 criminatio
838 2534 917 2566 exiit
930 2557 940 2571 ‚
952 2533 1088 2580 perinde
1101 2533 1162 2574 acsi
1175 2535 1241 2568 iam
1253 2538 1402 2571 conuicti
1413 2535 1540 2575 forent,
1560 2551 1646 2573 certa
1656 2538 1720 2581 side
1731 2544 1904 2589 excipitur.

66 2581 104 2615 Id
114 2580 232 2616 accidit
243 2592 314 2615 non
325 2581 454 2615 tantum
466 2583 544 2627 quia
557 2583 666 2627 maior
673 2580 714 2614 ab
725 2579 791 2614 illis
802 2582 942 2627 exigitur
953 2583 1135 2628 integritas:
1147 2580 1198 2616 sed
1209 2585 1284 2629 quia
1295 2583 1471 2632 plerosque
1484 2584 1549 2619 fere
1559 2600 1676 2621 omnes
1688 2590 1786 2624 Satan
1799 2591 1838 2627 ad
1849 2593 1903 2625 ni-

67 2631 171 2664 miam
181 2629 408 2664 credulitatem
421 2630 564 2676 instigat,
576 2641 611 2663 vt
623 2628 714 2663 nulla
727 2627 944 2675 inquisitione
955 2629 1077 2666 habita,
1088 2631 1206 2678 cupide
1217 2632 1377 2678 damnent
1389 2633 1463 2667 suos
1480 2634 1625 2673 Pastores
1639 2662 1648 2676 ,
1659 2648 1804 2682 quorum
1816 2642 1902 2673 tueri

66 2676 189 2712 firmam
201 2679 313 2726 potius
324 2676 512 2716 debuerant.
525 2679 610 2724 Ergo
622 2688 711 2721 tante
722 2678 893 2724 iniquitati
903 2690 971 2713 non
984 2676 1098 2714 frustra
1107 2679 1136 2712 se
1146 2678 1267 2715 Paulus
1279 2681 1435 2728 opponit:
1446 2694 1482 2715 ac
1493 2682 1647 2729 prohibet
1660 2683 1778 2722 subiici
1789 2688 1902 2734 impro

67 2723 188 2760 borum
204 2724 664 2770 maledicentiqPresbyaeros,
676 2726 785 2759 donec
796 2724 956 2771 legitimis
967 2726 1165 2768 testimoniis
1175 2726 1237 2763 fint
1247 2731 1410 2764 conuicti.
1432 2730 1553 2778 Neque
1563 2734 1654 2766 enim
1667 2736 1790 2768 mirum
1825 2735 1868 2769 est
1878 2734 1900 2769 fi

67 2772 192 2808 multos
201 2773 342 2808 habeant
352 2773 472 2811 hostes,
483 2786 628 2820 quorum
639 2771 791 2808 officium
804 2774 859 2813 est,
867 2776 1024 2808 omnium
1037 2776 1118 2808 vitia
1125 2776 1484 2825 reprehendere-,prauis
1494 2782 1651 2814 omnium
1662 2782 1899 2829 cupiditatibus

65 2820 232 2862 aduersari,
250 2821 418 2856 seueritate
427 2820 481 2856 sua
491 2820 647 2856 cohibere
657 2820 874 2873 quoscunque
883 2834 986 2859 errare
995 2822 1119 2868 vident.
1133 2824 1229 2871 Qd
1241 2837 1320 2873 ergo
1335 2824 1390 2860 fiet
1399 2825 1421 2866 fi
1432 2828 1619 2874 promiscue
1630 2830 1805 2864 audientur
1817 2843 1900 2877 (1ης-

67 2874 200 2916 c'unque
209 2871 247 2904 de
262 2869 328 2904 illis
341 2868 442 2918 sparse
451 2868 574 2904 fuerint
593 2869 786 2904 calumniae?
1856 2907 1859 2910 ,

84 2924 87 2927 ’
112 2927 154 2950 20
192 2921 356 2952 Peccantes
365 2929 456 2966 argue
466 2931 567 2951 coram
575 2917 737 2962 omnibus.)
777 2919 922 2965 Qoties
930 2918 1031 2954 bonis
1043 2930 1178 2955 cauetur
1197 2943 1208 2958 ‚
1219 2920 1285 2955 hoc
1296 2920 1375 2956 mali
1386 2922 1425 2957 ad
1447 2925 1695 2961 immunitatem
1708 2926 1798 2961 suam
1819 2929 1899 2960 atria

65 2966 176 3014 piunt.
186 2968 299 3012 Itaque
310 2967 400 3014 quod
411 2967 449 3000 de
459 2965 654 3014 repellendis
665 2967 793 3001 iniustis
804 2962 1068 3002 accusationibus
1078 2968 1200 3002 dixerat
1210 2968 1342 3010 Pardus,
1352 2969 1394 3005 fic
1412 2981 1572 3019 temperat
1583 2974 1642 3007 hac
1652 2974 1822 3013 sententia,
1837 2988 1897 3008 ne-

66 3016 122 3048 cui
132 3024 241 3048 tamen
251 3017 389 3062 impune
398 3015 464 3049 hoc
475 3026 624 3061 pretextu
632 3027 766 3064 peccare
776 3014 883 3049 liccat.
896 3017 935 3049 Et
945 3013 1019 3050 sane
1028 3017 1178 3050 videmus
1188 3019 1321 3063 quantis
1333 3022 1368 3052 &
1390 3021 1489 3066 quam
1505 3020 1747 3068 multiplicibus
1759 3022 1897 3070 priuile-

66 3064 129 3109 giis
141 3059 234 3096 suum
245 3061 368 3096 clerum
381 3065 539 3097 munierit
548 3064 698 3109 Papatus:
713 3074 749 3096 vt
759 3076 863 3109 quum
876 3061 1070 3110 nequiss'ime
1083 3064 1278 3104 viuant,sint
1288 3077 1400 3101 tamen
1413 3067 1452 3102 ab
1462 3070 1557 3102 omni
1570 3069 1820 3115 reprehensione
1830 3073 1898 3104 im-

66 3107 303 3144 munes.'Certe
315 3109 336 3144 fi
347 3113 517 3145 cautiones
529 3110 742 3146 obseruentur
761 3123 842 3157 quas
854 3109 985 3158 colligit
997 3111 1174 3147 Gratianus
1186 3112 1290 3154 (causa
1300 3113 1440 3149 secunda
1451 3139 1460 3152 ‚
1470 3116 1578 3161 quaest.
1589 3127 1624 3161 4.
1639 3118 1718 3150 item
1731 3117 1835 3163 quest.
1846 3123 1895 3163 7.)

65 3171 138 3194 non
154 3159 213 3191 erit
224 3157 407 3205 periculum
422 3172 462 3193 ne
472 3172 620 3206 vnquam
632 3160 672 3193 ad
680 3159 879 3194 reddendam
890 3161 964 3194 vitae
973 3162 1138 3196 rationem
1148 3173 1321 3209 cogantur.
1332 3162 1398 3197 Vbi
1413 3166 1502 3197 enim
1516 3162 1718 3211 septuaginta
1728 3166 1795 3199 duo
1806 3168 1900 3200 testes

62 3207 363 3254 reperientur,qttos
373 3208 408 3240 in
417 3206 582 3255 Episcopo
591 3207 779 3242 damnando
791 3210 928 3254 requirit
939 3209 1092 3255 putidum
1104 3209 1251 3245 edictum
1263 3208 1321 3244 sub
1331 3214 1471 3245 nornine
1482 3211 1634 3256 Syluestri
1645 3219 1654 3244 Ξ
1666 3212 1783 3247 deinde
1792 3226 1900 3260 quum

63 3265 155 3290 totus
168 3254 330 3288 laicorum
340 3255 421 3288 ordo
431 3255 470 3289 ab
479 3255 686 3290 accusatione
695 3257 891 3293 arceatur-,in
901 3255 991 3291 clero
1003 3259 1103 3292 etiam
1114 3260 1261 3292 minores
1273 3258 1453 3292 maioribus
1464 3258 1703 3306 prohibeantur
1714 3261 1900 3299 molestiam

62 3301 210 3338 facessere
221 3317 228 3336 ι
240 3302 320 3348 quid
331 3302 470 3349 impedit
480 3306 663 3350 quominus
675 3303 776 3338 securi
789 3304 911 3338 iudicia
920 3306 1036 3340 omnia
1045 3306 1194 3340 rideant?
1210 3307 1352 3341 Proinde
1360 3305 1474 3341 sedulo
1489 3307 1550 3348 hec
1561 3309 1744 3344 moderatio
1757 3312 1899 3344 tenenda

63 3351 119 3394 est,
128 3361 163 3387 vt
173 3361 385 3387 coerceantur
395 3349 510 3399 lingue
517 3351 702 3400 petulantes
711 3375 721 3391 ,
734 3364 776 3388 ne
785 3350 871 3388 fictis
884 3352 1081 3389 criminibus
1095 3353 1304 3399 Presbyteros
1315 3352 1496 3389 infament:
1520 3357 1552 3389 ἃ
1565 3366 1677 3392 tamen
1688 3369 1723 3396 vt
1741 3356 1895 3406 quisquis

1937 1908 2042 1938 Deu.17.
2052 1903 2106 1936 Μ.

1936 1948 2076 1975 Matt.18.c.
2087 1949 2126 1985 163
