2268 3705
323 109 393 151 ³274
801 101 893 147 IN
943 96 1671 148 II·EPIST·PAVLI

323 172 458 219 penitus
469 166 604 204 vacabat
614 171 719 205 nimia
728 168 914 207 tolerantia,
928 183 993 217 qua
1005 170 1050 205 vsi
1067 170 1205 205 fuerant:
1220 168 1270 203 sed
1284 181 1339 202 eos
1351 167 1466 202 liberat
1477 170 1494 202 a
1504 171 1643 203 crimine
1654 165 1840 202 consensus.
1848 169 2024 205 Notidum
2033 172 2076 206 est
2089 171 2170 221 praei

324 230 424 255 tetea,
434 231 504 252 non
515 231 632 252 omnes
643 219 682 252 ad
694 231 800 254 vnum
812 218 952 253 liberari:
962 217 1013 253 sed
1026 219 1176 254 Ecclesia:
1187 230 1307 265 corpus
1317 216 1484 251 duntaxat.
1492 216 1662 251 Credibile
1673 214 1831 262 siquidem
1843 216 1898 257 est,
1911 219 2097 255 nonnullos
2109 219 2180 255 fuis

326 265 357 301 se
368 264 517 301 conscios
528 279 564 301 ac
577 266 730 303 fautores.
762 266 813 302 sed
824 280 929 314 quum
942 278 1061 302 omnes
1074 266 1169 302 simul
1183 264 1320 300 infamia
1330 265 1533 299 laborarent:
1558 267 1668 313 postea
1676 267 1826 312 appatuit
1836 291 1844 303 ,
1857 266 1991 300 nonnul
2000 268 2038 301 ad
2049 281 2172 315 paucos

325 316 462 362 culpam
472 318 645 362 pertinere.

291 368 295 371 ’
374 375 405 397 12
457 363 724 413 ltaquestscripfi.)
773 365 864 397 Facit
873 363 964 409 quod
977 361 1084 396 solent
1093 364 1152 408 qui
1166 361 1476 397 reconciliationem
1483 372 1657 408 “quaetunn
1666 361 1736 395 vult
1749 364 1858 409 priora
1869 365 1984 396 omnia
1993 361 2116 410 sepulta
2126 363 2174 398 cil

325 408 463 449 se,.nihil
475 411 618 460 amplius
629 411 813 459 exprobrat,
829 411 915 445 nihil
926 410 1148 458 reprehendit,
1156 411 1194 445 de
1207 410 1299 445 nulla
1312 423 1345 445 re
1357 410 1697 458 expostttlat‚denique
1708 414 1863 444 omniurn
1875 410 2173 458 obliiiilcitur:quia

325 471 504 494 contentus
515 461 558 494 est
570 458 637 494 sola
649 472 767 493 eorum
777 458 1003 506 resipiscentia.
1020 460 1062 493 Et
1073 457 1146 494 sane
1159 459 1213 494 hic
1223 462 1330 494 restris
1343 461 1386 494 est
1397 459 1528 497 modus,
1539 460 1609 492 non
1624 459 1706 492 vltr‘a
1719 471 1831 506 vrgerc
1841 471 2027 506 peccatores
2047 483 2058 497 ‚
2068 459 2123 494 vbi
2134 462 2174 495 ad

326 511 560 555 paenitentiam
571 509 705 542 addu&i
716 506 848 542 fuerint.
862 507 951 542 Nam
964 507 984 541 li
995 508 1102 542 adhuc
1113 521 1230 543 cotum
1243 507 1362 543 delicshi
1373 508 1562 542 reducimus
1572 510 1606 541 in
1619 510 1817 541 memoriam
1835 533 1844 545 ‚
1863 505 2101 542 maleuolentia
2109 521 2173 556 po-

324 559 390 590 tius
401 559 501 603 quam
513 560 569 602 pio
587 554 704 590 affectu
718 580 724 591 ‚
752 567 807 589 aut
819 554 930 590 salutis
941 568 1058 598 eorum
1069 558 1175 591 studio
1197 555 1325 604 impelli
1336 568 1462 590 certum
1475 556 1530 590 est.
1539 554 1703 589 Caetenim
1715 556 1950 592 haec‘dicuntur
1962 557 1979 590 a
1989 555 2091 591 Paulo
2116 569 2194 604 per·

324 603 585 638 concessionem:
598 616 675 638 nam
688 604 773 638 certe
787 602 876 638 suam
891 602 1107 639 offenfionem
1123 603 1344 652 'prosequutus
1355 604 1469 642 fuerat,
1483 608 1516 638 &
1527 615 1680 637 :intorem
1690 600 1884 638 offendiculi
1897 606 2043 652 castigari
2055 605 2172 640 volue-

324 664 383 686 rat.
397 653 446 685 scd
456 664 547 686 nunc
561 653 653 699 quod
664 652 823 686 nonnihil
836 651 988 687 odiosum
1001 665 1078 692 erat,
1091 652 1276 701 supprimit.
1290 654 1426 701 perinde
1435 651 1494 686 acii
1510 653 1643 689 dicerer,
1654 654 1722 684 lam
1736 651 1815 685 volo
1828 657 1897 686 noh
1910 655 1941 686 in
1955 657 2057 687 alium
2070 652 2174 688 finem

324 698 481 747 scriptum
494 697 553 734 eise
564 701 724 747 quicquid
735 699 841 748 scripsi
851 724 860 738 ‚
874 701 934 735 nisi
943 713 978 736 vt
989 703 1130 736 studium
1143 714 1217 749 erga
1230 714 1282 735 me
1294 701 1436 735 vestrum
1448 699 1669 749 perspiceretis
1679 713 1688 731 .·
1707 699 1770 733 alia
1779 704 1895 734 omnia
1905 714 1996 735 nunc
2007 702 2175 748 relinqua-

326 761 411 783 mus.
424 748 490 782 Alii
503 748 544 782 sic
556 761 741 796 exponunt,
753 750 843 796 quod
855 763 925 784 non
938 750 1089 785 habuerit
1101 753 1266 784 rationein
1281 752 1379 784 vnius
1390 752 1510 797 priuati
1522 750 1683 785 hominis,
1697 745 1748 782 scd
1759 746 1958 795 cogitauerit
1968 750 2007 782 cle
2016 762 2174 789 commu-

324 799 360 831 ni
391 800 548 832 omnium
565 797 715 832 Vtilitate.
735 799 846 832 verum
858 801 949 846 prior
961 797 1067 833 sensus
1086 801 1190 846 magis
1201 799 1243 832 est
1257 802 1434 845 genuinus.
1486 795 1768 838 studiumvestr‘um
1781 807 1835 844 pro
1848 795 1952 830 nabin
2034 802 2173 833 uoniam

324 845 393 880 haec
404 844 518 892 passim
529 858 657 894 recepta
668 847 711 880 est
722 846 823 881 1εᾶἰο
837 847 923 894 apud
936 850 1067 882 Graecos
1078 874 1086 885 ‚
1100 861 1170 881 non
1182 847 1275 881 ausus
1288 845 1358 881 suin
1372 844 1502 894 prorsus
1512 845 1628 880 delere.
1643 847 1787 891 quanuis
1797 845 1905 880 adhuc
1916 848 1950 880 in
1964 848 2078 881 codice
2087 850 2175 881 anti-

324 906 395 941 quo
407 895 534 942 legatur
543 895 613 935 »ἷμῶγ
624 919 634 933 ,
649 899 683 928 Sc
697 908 735 928 ex
745 894 973 940 Chrysostomi
983 898 1233 930 commentariis
1245 908 1407 943 appareat,
1421 897 1574 929 Latinam
1585 893 1768 929 lectionem
1782 892 1872 928 illius
1891 892 2041 943 tempore
2053 898 2177 931 Graecis

324 955 462 989 quoque
473 942 563 978 fuiffe
576 942 734 978 vsitatam:
748 956 880 990 nempe,
894 946 935 977 Vt
946 944 1054 992 palam
1068 943 1156 978 fieret
1168 945 1253 991 apud
1266 957 1324 978 vos
1338 945 1486 978 nostrum
1500 944 1643 977 studium
1656 954 1716 990 pro
1727 941 1833 976 vobis:
1846 941 1913 976 hoc
1924 945 1979 979 eli,
1996 954 2029 978 vt
2039 942 2176 990 patefie-

322 1002 372 1024 ret
383 992 571 1026 Corinthiis
583 993 685 1038 quam
697 990 844 1025 solicitus
852 990 930 1031 ‚else-t
940 1005 1000 1040 pro
1016 992 1091 1041 ipsis
1100 992 1231 1027 Paulus:
1241 992 1340 1026 altera
1349 1004 1460 1026 tamen
1472 991 1574 1026 lcc‘tio
1583 1018 1593 1032 ‚
1607 994 1642 1025 in
1660 1003 1760 1037 quam
1773 1002 1863 1024 nun-s
1875 990 2088 1026 consentiunt
2099 1005 2173 1026 ma-

323 1052 390 1086 gna
400 1053 437 1078 ex
447 1052 537 1087 parte
549 1043 652 1074 Graeci
663 1040 794 1075 codices
805 1063 814 1078 ,
827 1039 1051 1075 nihilominus
1064 1040 1255 1089 probabilis.
1274 1039 1465 1074 Gratulatus
1477 1043 1566 1074 enim
1579 1038 1700 1073 Paulus
1712 1040 1918 1076 Corinthiis,
1938 1039 2105 1085 quod‘hoc
2118 1042 2175 1076 de-

323 1101 419 1122 mum
432 1092 659 1136 experimento
672 1089 780 1123 edocn
794 1087 916 1124 fuerint
926 1102 995 1136 quo
1008 1087 1105 1123 essent
1117 1102 1276 1136 etgaeum
1288 1087 1408 1123 affectu
1421 1102 1427 1122 z
1438 1087 1499 1122 acsi
1509 1089 1628 1122 diceret
1639 1114 1649 1128 ,
1671 1089 1738 1121 Vos
1749 1086 1808 1134 ipsi
1838 1089 1992 1122 nondum
2007 1088 2175 1137 intellige-

321 1135 406 1171 batis
418 1150 486 1183 quo
501 1135 603 1171 effetis
617 1140 651 1171 in
665 1149 716 1171 ine
728 1137 846 1174 studio,
856 1138 963 1172 donec
976 1141 1010 1172 in
1020 1137 1080 1172 hac
1092 1138 1184 1172 causa
1195 1140 1319 1184 experti
1331 1138 1413 1171 estis.
1438 1136 1508 1170 Alii
1518 1137 1556 1170 de
1569 1135 1757 1183 particulari
1769 1136 1927 1181 cuiusque
1937 1136 2055 1172 affeetu
2068 1151 2175 1185 «1.Ρο-

321 1195 420 1224 nunt,
432 1186 496 1220 hoc
510 1187 611 1220 modo
632 1209 642 1223 ,
659 1187 702 1219 Vt
712 1187 798 1219 inter
809 1198 867 1225 vos
876 1185 1043 1233 patefieret
1055 1198 1219 1233 quantum
1231 1185 1315 1220 inihi
1327 1184 1462 1219 deferret
1473 1183 1697 1231 vnusquisque
1708 1197 1716 1217 ;
1727 1195 1826 1230 atque
1838 1184 1948 1218 oblata
1959 1185 2020 1219 hac
2030 1185 2189 1220 occasio-⁴

320 1246 375 1270 ne,
391 1232 512 1280 singuli
527 1235 608 1280 quid
616 1236 734 1268 animo
744 1235 819 1267 ante
831 1233 936 1269 fuiffet
947 1235 1081 1269 occultu
1088 1247 1132 1276 m,
1148 1234 1335 1282 proderent.
1349 1235 1525 1280 Qoniam
1538 1235 1572 1267 in
1586 1245 1625 1266 co
1636 1245 1706 1266 non
1718 1245 1749 1265 m
1756 1233 1864 1266 ultum
1876 1233 1919 1266 cst
1929 1238 2096 1269 momenti
2106 1262 2116 1275 ,
2134 1235 2177 1268 li·-

319 1281 437 1316 berum
457 1294 513 1329 per
526 1296 578 1316 me
600 1281 637 1316 lit
648 1281 829 1317 leostoribus
843 1286 1007 1318 vtrumuis
1031 1285 1160 1330 eligere.
1185 1282 1237 1316 sed
1248 1285 1325 1329 quia
1336 1281 1431 1318 simul
1450 1281 1538 1315 addit
1564 1285 1597 1315 in
1618 1282 1769 1334 conspefln
1781 1283 1855 1315 ‘Dei
1865 1303 1875 1318 ,
1895 1281 1979 1315 mihi
1990 1285 2103 1329 potius
2123 1285 2176 1317 vi-

320 1330 413 1364 detur
423 1331 489 1365 hoc
498 1330 581 1366 velle
589 1330 674 1365 serio
684 1334 835 1366 examine
846 1332 963 1366 habito
974 1359 985 1373 ‚
998 1330 1145 1379 singulos
1155 1329 1215 1365 acii
1228 1333 1263 1366 in
1275 1333 1339 1365 Dei
1352 1343 1416 1366 con
1422 1329 1569 1378 spectum
1581 1330 1741 1364 vcnissent
1749 1351 1762 1366 ,
1779 1328 1897 1363 melius
1909 1331 2010 1376 quam
2022 1342 2117 1365 antea
2134 1330 2176 1367 si·-

323 1377 358 1413 bi
370 1377 462 1413 fuisse
474 1390 586 1414 noros.

369 1438 398 1471 13
444 1429 683 1472 Consolationem
693 1431 885 1478 accepimus.)
936 1428 1044 1463 Totus
1057 1430 1093 1462 in
1104 1441 1143 1463 eo
1156 1426 1200 1463 est
1209 1427 1330 1463 Paulus
1341 1439 1376 1463 vt
1388 1426 1577 1462 Corinthiis
1589 1423 1776 1473 persuadeat
1786 1451 1798 1465 ‚
1816 1424 1876 1459 fibi
1885 1426 1971 1461 nihil
1990 1425 2049 1462 ess'e
2061 1431 2176 1476 potius

320 1488 438 1511 eorum
449 1475 553 1511 bono.
564 1479 675 1523 itaque
687 1490 802 1512 eorum
816 1474 1083 1512 consolationem
1095 1476 1152 1511 sibi
1164 1479 1347 1512 commune
1359 1474 1450 1510 fuiile
1461 1477 1551 1510 dicit.
1569 1475 1673 1509 Porro
1683 1473 1752 1507 haze
1760 1476 1864 1507 iuerat
1875 1473 2071 1514 consolatio,
2082 1477 2175 1523 quod

317 1524 549 1573 agnitavculpa,
564 1539 635 1559 non
649 1527 751 1560 modo
762 1526 844 1560 boni
855 1523 1071 1559 consulebant
1081 1528 1338 1563 correctionem,
1353 1525 1404 1559 sed
1413 1524 1478 1558 laeti
1489 1537 1561 1557 eam
1572 1521 1855 1569 amplexabantur.
1869 1535 1948 1557 nam
1957 1527 2177 1560 correctionis

317 1572 476 1608 acerbitas
495 1572 591 1608 facile
602 1573 758 1608 dulcestit
779 1573 978 1619 simulatque
990 1575 1116 1621 gustare
1127 1576 1309 1622 incipimus
1337 1574 1438 1620 quam
1451 1572 1550 1606 nobis
1561 1571 1659 1605 fuerit
1669 1571 1769 1604 vtilis.
1790 1571 1896 1617 Qod
1906 1572 1994 1606 addit
2004 1572 2033 1606 se
2044 1574 2177 1609 vberius
2203 1587 2207 1601 ¹

318 1619 470 1670 gauisum
482 1621 541 1656 esse
553 1620 646 1669 supet
658 1624 729 1656 Titi
741 1621 984 1659 consolatione,
995 1622 1225 1670 gratulationis
1237 1620 1306 1656 est..
1322 1620 1530 1656 Exhilaratus
1541 1619 1644 1654 fuerat
1653 1620 1752 1653 Titus
1770 1644 1782 1659 ,
1795 1621 1887 1666 quod
1899 1619 1985 1667 ipsos
1997 1625 2101 1669 magis
2113 1623 2176 1663 ob-

317 1670 488 1717 sequentes
503 1674 536 1705 &
553 1669 665 1704 faciles
676 1668 948 1719 deprehendisset,
962 1673 1063 1716 quam
1075 1670 1230 1705 credibile
1241 1682 1318 1705 erat:
1333 1669 1405 1704 imo
1416 1670 1508 1716 quod
1520 1665 1730 1717 comperisset
1740 1666 1882 1702 subitam
1893 1672 2117 1710 mutationem
2133 1674 2170 1706 in

318 1718 450 1754 melius.
463 1720 549 1753 vnde
560 1719 743 1766 colligitur,
755 1718 874 1766 procul
886 1718 926 1752 ab
937 1717 1126 1754 adulatione
1138 1717 1272 1754 abfuisse
1281 1718 1453 1754 lenitatem
1463 1716 1567 1754 Pauli,
1581 1715 1660 1763 quia
1672 1720 1714 1750 lic
1725 1715 1851 1750 laetatus
1863 1717 1906 1751 est
1917 1722 1996 1752 eoru
2002 1720 2175 1766 gaudiowt

320 1768 485 1816 praecipue*
496 1778 607 1802 tamen
618 1770 657 1801 in
673 1766 892 1815 resipiscentia
900 1770 1115 1813 acquieuerit.
1848 1803 1850 1805 ,

368 1826 410 1860 14
458 1812 661 1864 Qdfiqm'd
675 1814 760 1865 apud
778 1817 890 1859 illum.)
940 1815 1134 1850 Subindicat
1151 1816 1253 1862 quam
1263 1816 1374 1849 amico
1393 1812 1518 1861 semper
1542 1814 1658 1847 animo
1670 1811 1813 1847 fueritin
1826 1814 2045 1854 Corinthios,
2070 1817 2173 1862 quam

320 1862 444 1900 sincere
464 1869 496 1898 ὃ(
513 1865 704 1899 humaniter
716 1864 755 1898 de
774 1863 840 1898 illis
851 1864 1056 1899 indicauerit.
1077 1877 1236 1911 namquo
1259 1875 1411 1910 tempore
1422 1861 1619 1896 videbantur
1633 1862 1768 1907 indigni
1785 1861 1845 1896 else
1864 1864 2174 1904 commendatione,

317 1912 426 1947 multa
434 1913 472 1946 de
484 1912 549 1947 illis
557 1912 708 1960 ptaeclara
720 1913 827 1946 adhuc
838 1911 1068 1959 pollicebatur.
1095 1914 1171 1946 Hoc
1201 1912 1274 1946 sane
1286 1913 1412 1958 insigne
1426 1911 1469 1944 est
1479 1908 1646 1957 specimen
1657 1915 1738 1944 teeti
1748 1922 1784 1944 ac
1807 1911 1937 1946 candidi
1953 1914 2098 1959 pectoris
2111 1937 2120 1950 ,
2134 1916 2172 1948 in

319 1960 438 1996 faciem
450 1961 688 2008 reprehendere
698 1973 784 2007 quos
794 1971 900 1994 ames:
919 1959 1004 1995 bene
1025 1973 1138 1995 tamen
1155 1962 1194 1994 de
1203 1959 1269 1994 illis
1282 1959 1424 2007 sperare,
1443 1962 1475 1993 &c
1490 1960 1615 1992 bonam
1627 1957 1716 2005 spem
1727 1958 1800 1992 aliis
1811 1961 1896 1993 dare.
1912 1962 1991 1993 Haec
2005 1960 2171 1996 linceritas

317 2008 434 2043 debuit
443 2008 520 2043 illos
536 2021 744 2057 permonere,
757 2010 882 2055 nequid
893 2007 932 2042 ab
945 2022 985 2043 eo
1001 2008 1190 2056 profectum
1202 2011 1236 2043 in
1249 2009 1368 2042 malam
1380 2018 1506 2054 partem
1518 2009 1716 2054 acciperent.
1732 2009 1867 2041 interim
1877 2008 1938 2042 hac
1949 2008 2120 2044 occasione
2131 2023 2171 2044 o-

318 2057 406 2091 biter
415 2059 535 2092 iterum
545 2055 633 2091 suam
647 2059 682 2092 in
694 2057 831 2103 reliquis
842 2056 1000 2091 omnibus
1011 2060 1155 2104 negotiis
1169 2056 1266 2091 fidem
1278 2054 1572 2101 commendatiacii
1583 2058 1715 2091 diceret,
1727 2056 1832 2090 Vobis
1843 2057 2003 2091 hactenus
2017 2069 2173 2105 compet-

318 2117 373 2140 tus
383 2104 447 2139 fuit
458 2118 550 2140 meus
561 2107 733 2143 candor,vt
745 2117 892 2139 veracem
903 2118 956 2138 me
967 2106 1126 2140 ominbus
1139 2107 1174 2140 in
1185 2104 1280 2139 rebus
1292 2117 1327 2138 ac
1340 2104 1478 2138 minime
1488 2115 1612 2137 vanum
1627 2103 1995 2150 probauetim.(3audeo
2006 2107 2107 2153 igitur
2118 2120 2171 2142 me

319 2166 458 2201 quoque
466 2165 615 2188 veracem
628 2166 719 2189 nunc
728 2151 831 2191 fuisse,
842 2154 880 2187 de
890 2152 987 2188 vobis
1002 2155 1088 2202 apud
1099 2153 1182 2188 'alios
1194 2153 1381 2201 gloriando.

366 2213 396 2244 15
445 2204 478 2236 V
480 2201 573 2245 tscera
585 2206 648 2236 etus
656 2205 800 2235 maiorem
809 2206 841 2234 m
853 2202 1001 2246 modum.)
1053 2201 1238 2248 Qiascdcs
1249 2200 1429 2236 affectuum
1441 2199 1484 2233 est
1496 2201 1531 2234 in
1541 2198 1722 2234 visceribus
1734 2226 1742 2240 ‚
1756 2200 1832 2234 ideo
1841 2201 1907 2235 hoc
1919 2204 2059 2236 nomine
2072 2202 2168 2237 mise-

318 2251 473 2292 ricordia,
488 2250 636 2287 dileetio,
655 2254 688 2284 δε
699 2253 810 2284 omnis
824 2253 897 2297 pius
908 2248 1043 2285 affeeius
1056 2250 1266 2298 significatur.
1278 2249 1329 2284 sed
1340 2250 1527 2296 emphatice
1541 2252 1721 2295 exprimere
1733 2246 1866 2289 voluit,
1885 2262 1990 2295 quum
2002 2251 2077 2285 ante
2089 2252 2168 2286 dili—

319 2310 410 2346 geret
421 2300 620 2333 Corinthios
630 2297 834 2335 Tirusffiuissi:
851 2310 930 2333 tunc
942 2299 1170 2334 vehementius
1180 2298 1353 2333 accensum
1365 2300 1404 2331 ad
1415 2295 1500 2344 ipsos
1510 2297 1683 2333 amandos,
1702 2296 1800 2343 idque
1811 2308 1848 2330 cx
1861 2300 1986 2331 intimo
1997 2300 2105 2333 cordis
2117 2300 2166 2334 af-

319 2347 419 2382 festu.
441 2347 544 2382 Porro
557 2345 607 2382 his
619 2347 725 2381 verbis
744 2349 862 2381 Titum
873 2347 1015 2382 insinuat
1026 2351 1060 2382 in
1079 2361 1229 2382 amorem
1241 2346 1501 2381 Corinthiorum
1514 2358 1521 2378 ε
1533 2344 1626 2379 sicuti
1637 2357 1738 2380 amari
1751 2345 1829 2378 vrile
1847 2347 1891 2380 est
1903 2347 2026 2381 Christi
2039 2346 2159 2389 seruos,

318 2409 388 2442 quo
404 2398 509 2443 magis
521 2394 666 2444 prodesse
677 2394 872 2442 queant,iiin
879 2395 912 2430 ul
924 2399 1077 2430 animum
1089 2397 1177 2430 addit
1187 2396 1252 2430 illis
1264 2397 1302 2429 ad
1312 2395 1396 2429 bene
1405 2393 1623 2441 pergendum,
1634 2393 1703 2439 quo
1714 2391 1742 2426 sc
1754 2392 1854 2429 bonis
1863 2394 2023 2429 omnibus
2035 2397 2168 2432 reddant

317 2443 486 2487 amabiles.
527 2447 606 2478 Cum
624 2457 730 2477 umore
740 2449 778 2484 (ῥ’
787 2454 923 2477 tremore.
960 2446 1021 2478 His
1032 2444 1164 2478 duobus
1175 2444 1281 2478 verbis
1292 2445 1486 2477 reuetetiam
1499 2440 1678 2488 aliquando
1690 2440 1880 2488 simplicitet
1895 2441 2065 2489 significat:
2076 2447 2168 2492 quod

318 2492 397 2526 hnic
410 2491 488 2526 loco
502 2491 640 2527 fortassis
653 2505 724 2526 non
734 2491 818 2526 male
831 2494 1001 2538 quadraret
1013 2519 1020 2529 ‚
1031 2506 1224 2539 quanquam
1236 2506 1305 2527 non
1315 2490 1475 2538 displicet,
1487 2501 1667 2523 tremorem
1678 2493 1882 2525 nominatim
1900 2490 2058 2538 politum,
2071 2496 2166 2540 quod

319 2539 378 2575 fibi
392 2540 476 2574 male
487 2540 609 2575 conscii
620 2539 852 2575 senei-chamut
861 2543 930 2574 eius
942 2539 1169 2588 conspectum.
1184 2538 1410 2588 Expauestunt
1420 2538 1554 2585 quidem
1566 2540 1663 2572 etiam
1676 2540 1734 2584 qui
1744 2538 1818 2572 lunt
1829 2539 1983 2574 obstinati
1996 2543 2029 2574 in
2042 2539 2104 2576 suis
2115 2542 2166 2578 sce

320 2587 441 2622 leribus
452 2590 491 2622 ad
501 2587 718 2637 conspectum
730 2590 859 2623 iudicis:
874 2586 926 2622 sed
935 2587 1123 2623 voluntaria
1133 2587 1320 2637 trepidatio,
1331 2601 1402 2635 quae
1413 2599 1449 2621 ex
1461 2587 1750 2633 iiigeiiuopudore
1763 2586 2018 2638 inaiiat,1igiiuin
2029 2590 2073 2623 est
2086 2591 2164 2626 resi-

321 2635 496 2682 piscentiae.
510 2639 666 2672 Vtranuis
678 2636 917 2684 expositionem
929 2636 1040 2683 eligas,
1053 2638 1149 2671 docet
1159 2639 1213 2671 hic
1224 2637 1317 2672 locus
1329 2649 1400 2683 quae
1410 2634 1532 2671 fit'vera
1540 2637 1690 2683 exceptio
1704 2636 1932 2670 ministrorum
1944 2637 2078 2672 Christi:
2091 2653 2164 2675 non

309 2685 412 2727 ‘lauta
421 2683 543 2719 scilicet
554 2687 724 2722 conuiuia,
736 2699 807 2719 non
816 2683 1026 2732 sumptuosus
1036 2696 1219 2733 apparatus,
1231 2699 1301 2719 non
1310 2685 1437 2720 blandae
1447 2681 1498 2716 vel
1509 2682 1702 2718 honorifica:
1713 2681 1935 2722 salutationes,
1945 2698 2016 2719 non
2027 2685 2160 2733 plausus

325 2733 488 2770 theatrici,
499 2733 641 2780 probum
656 2732 829 2779 fidumque
839 2734 1002 2780 pastorem
1015 2733 1200 2768 obieetant:
1216 2732 1266 2767 scd
1277 2733 1410 2781 plenam
1423 2732 1534 2779 gaudii
1547 2730 1721 2766 [huet-item
1734 2736 1821 2780 capit
1832 2746 1936 2779 quum
1949 2746 1985 2766 ex
2002 2747 2058 2768 ore
2069 2737 2159 2771 illius

326 2792 513 2815 reuerentes
522 2785 684 2829 excipitur
696 2780 805 2815 salutis
816 2782 985 2815 doetrina:
999 2795 1104 2828 quum
1119 2780 1174 2815 sua
1185 2781 1234 2815 illi
1246 2784 1403 2816 autoritas
1416 2781 1542 2814 constat
1553 2783 1587 2814 in
1600 2779 1747 2815 Ecclciiae
1760 2780 2029 2815 aedificationem:
2052 2797 2160 2830 quum

325 2831 362 2863 in
377 2831 446 2863 eius
458 2829 665 2877 disciplinam
676 2829 706 2863 se
718 2830 815 2863 tradit
823 2828 980 2876 populus,
990 2833 1103 2864 vt=eius
1113 2830 1295 2864 ministerio
1308 2828 1364 2863 sub
1374 2829 1497 2863 Christi
1509 2828 1661 2876 auspiciis
1673 2841 1811 2876 regatur.
1823 2830 1918 2875 quale
1928 2828 1981 2863 hic
1992 2842 2159 2867 cernimus

305 2894 309 2898 ·
325 2881 362 2912 in
374 2879 455 2911 Tito
466 2877 667 2925 exemplum.
679 2882 715 2912 ln
731 2877 875 2912 clausula
884 2879 1017 2913 tandem
1029 2881 1149 2913 iterum
1161 2877 1337 2913 confirmat
1348 2878 1439 2924 quod
1449 2879 1539 2924 prius
1550 2879 1630 2911 dixit
1640 2900 1650 2915 ‚
1673 2876 1702 2911 se
1711 2890 1886 2924 nunquam
1897 2881 1940 2912 ita
1951 2877 2042 2914 fuisse
2053 2879 2160 2918 offen-

323 2925 406 2963 sum,
415 2936 453 2960 vt
461 2925 591 2972 prorsus
602 2925 762 2961 diffideret
773 2925 970 2960 Corinthiis.
1674 2936 1676 2941 ’

1100 3001 1130 3034 C
1156 3004 1187 3034 A
1212 3001 1246 3035 P.
1298 3001 1410 3035 vill.

327 3072 575 3174 CErtiores
584 3083 696 3112 autem
706 3083 771 3111 vos
773 3069 1059 3126 faciofiatres‚de
1060 3078 1173 3128 gratia
1186 3075 1336 3125 Dei,tj(tae
1347 3072 1428 3110 data
1438 3070 1528 3123 estin
1538 3070 1688 3121 Ecclefiis
1703 3072 1920 3124 Macedopiae:
2060 3121 2062 3123 Ι

480 3144 503 3168 2
558 3132 741 3184 Qom'am
750 3130 787 3166 in
796 3129 903 3168 multa
909 3128 1105 3182 probatione
1119 3128 1314 3187 afflia'Jioms
1324 3132 1530 3183 exuperauit
1530 3122 1699 3184 gaudium
1708 3126 1850 3184 ipsorum
1863 3143 1870 3165 ε
1883 3133 1922 3178 (y
1930 3130 2099 3187 profimda
2109 3133 2153 3173 il.

319 3183 609 3240 lorumpattpertaes
618 3184 816 3224 exundauit
821 3186 858 3222 in
869 3183 1237 3238 diuttiasfimplict'tatis
1250 3198 1376 3224 eorum.

375 3254 390 3288 3
448 3248 553 3289 Ram
558 3252 618 3294 pro
628 3237 762 3279 viribus
774 3243 905 3289 (testor)
916 3251 1018 3293 atque
1027 3244 1132 3279 etiam
1131 3242 1234 3296 supra
1245 3237 1487 3293 viresfitertmt
1493 3240 1698 3281 voluntarii:
1762 3282 1765 3284 ,

376 3311 402 3343 4
458 3304 527 3336 εἰη
528 3298 598 3336 ulta
617 3310 690 3335 cum
700 3293 918 3348 obtestatione
933 3306 1089 3350 rogantes
1097 3311 1160 3336 nos
1179 3307 1226 3336 vt
1235 3300 1387 3352 gratiam
1410 3297 1450 3344 ὦ·
1456 3295 1652 3351 sbcietatem
1660 3298 1841 3352 ministerii
1851 3298 2091 3357 sicsciperemus·
2111 3303 2150 3339 in

310 3346 460 3400 ἷᾶηέῖοκ.
1288 3350 1293 3355 ’
1875 3371 1878 3373 Α

2020 3423 2035 3458 5
2073 3413 2152 3460 «ΑΕ

2221 3454 2228 3476 ἐ

2254 1004 2268 1049 ἒ

2262 1142 2268 1176 i

2248 1598 2268 1619 a
