2268 3705
107 1704 252 1740 111ιό3101.

309 113 380 162 442
911 101 996 152 IN
1043 99 1281 150 ErisT-
1326 97 1584 149 PAvr-„i

304 183 393 218 ,alias
405 176 521 230 gentes
533 174 622 215 vitrei
632 174 769 216 narrari,
782 172 873 225 rjuafi
885 185 1074 212 memoratu
1082 176 1236 222 dignum.
1254 174 1294 207 In
1304 171 1494 220 narratione
1507 181 1581 217 quae
1591 167 1738 217 sequitur
1747 167 1908 210 ,ostendit
1918 168 2066 219 primum
2079 184 2160 220 qua-

308 232 357 268 lis
367 230 403 266 fit
414 232 599 265 hominum
608 228 761 263 conditio
770 238 949 274 antequam
960 226 1133 259 Dominus
1144 220 1232 270 ipsos
1239 219 1413 268 Euangelii
1427 218 1476 254 sui
1486 218 1640 253 dostrina
1650 216 1787 253 illustret
1810 218 1947 256 :deinde
1957 222 1992 254 in
2003 232 2104 265 quem
2122 221 2161 256 fi-

317 293 399 316 nem
411 291 473 314 nos
487 279 600 313 doceri
611 276 706 315 velit,
718 279 753 312 δε
762 273 915 322 quisnam
926 273 962 307 sit
973 271 1150 319 Euangelii
1159 270 1296 305 fruetus.
1305 269 1397 304 Nam
1407 266 1463 302 etsi
1472 279 1544 301 non
1555 267 1669 301 eadem
1679 279 1797 302 omnes
1809 266 1928 302 colunt
1939 267 2038 306 idola,
2045 282 2125 304 omn
2131 284 2164 306 es

319 339 433 363 tamen
444 325 640 362 idololatrix
650 325 772 360 addiffl
783 321 856 358 sunt
874 348 885 362 ‚
895 332 993 368 atque
1002 323 1038 354 in
1048 322 1192 354 caecitate
1206 321 1241 352 ὃ(
1250 318 1419 352 dementia
1430 313 1579 350 demersi.
1593 316 1680 362 Ergo
1691 315 1783 362 quod
1795 316 1815 349 a
1831 314 1957 350 diaboli
1972 319 2017 350 im
2021 318 2163 364 posturis

323 381 358 412 δε
372 378 469 411 omni
481 373 750 423 superstitionum
763 382 881 419 genere
892 369 988 404 liberi
997 367 1193 405 firmus,Dei
1203 364 1407 401 beneficium
1417 364 1470 397 est.
1480 362 1577 397 Alios
1592 363 1728 410 quidem
1739 365 1808 398 cito
1817 390 1828 405 ,
1845 363 1930 399 alios
1939 362 2038 399 serius
2049 369 2167 401 couer-

322 428 374 460 1111
386 424 438 459 sed
448 426 526 471 quia
535 424 730 458 communis
739 422 782 453 est
792 420 949 454 omnium
960 414 1096 453 auersio‚
1106 428 1169 450 nos
1177 417 1270 463 prius
1279 414 1434 449 conuerti
1446 409 1568 447 neceffe
1579 415 1623 446 est
1631 435 1642 451 ,
1667 413 1770 459 quam
1779 413 1856 450 Deo
1867 409 2056 457 seruiamus.
2075 416 2167 452 Hinc

323 476 424 508 ctiam
435 485 516 507 verae
528 470 602 506 fidei
612 470 785 515 colligitur
794 470 843 501 vis
855 470 889 500 δε
905 476 1030 500 natura:
1041 466 1120 511 quia
1130 461 1253 498 scilicet
1262 464 1338 497 Deo
1348 464 1410 495 rite
1420 472 1523 495 nemo
1532 459 1634 494 credit
1643 483 1654 500 ,
1683 458 1744 494 nifi
1755 462 1814 506 qui
1823 460 1985 510 abnegata
1994 459 2103 499 sensus
2115 461 2166 500 sui

322 524 482 561 vanitate,
495 532 615 567 purum
628 519 691 551 Dei
702 515 833 551 cultum
843 513 1057 562 amplectitur
1068 524 1105 547 ac
1117 509 1259 559 suscipit.

328 596 331 599 .
376 582 396 614 9
446 569 506 604 Ad
516 571 616 601 Deum
627 567 806 602 vitantem.)
858 564 925 597 Hic
936 561 1094 609 legitimae
1106 558 1334 594 conuerfionis
1346 557 1466 606 scopus
1477 558 1530 593 est.
1545 555 1671 592 multos
1680 556 1816 604 quidem
1827 558 1977 594 videmus
1987 560 2005 594 ὲ
2015 558 2169 609 [1111101111-

318 618 478 653 tionibus
490 614 671 652 desciscere,
683 614 742 659 qui
753 623 865 646 tamen
879 611 943 647 hoc
955 610 1056 658 gradu
1067 608 1157 644 111ἃο
1167 608 1248 642 adeo
1259 611 1294 641 in
1309 611 1430 654 pietate
1439 620 1512 641 non
1521 606 1703 654 proficiunt
1712 630 1721 644 ‚
1750 616 1785 640 vt
1797 609 1835 641 in*
1842 608 1982 643 deterius
2001 608 2164 649 labantur.

327 666 417 702 Nam
428 664 576 712 deposito
588 666 683 697 omni
696 663 758 694 Dei
768 657 871 696 sensti,
885 662 918 693 in
932 657 1112 706 profanum
1124 661 1159 692 &
1169 657 1305 690 brutum
1316 667 1551 703 contemptum
1563 655 1592 689 se
1602 657 1798 702 proiiciunt.
1812 653 1854 688 fic
1864 655 1949 690 olim
1959 655 2000 691 ab
2011 659 2171 706 Epicuro,

326 716 483 761 Diogene
494 713 627 757 Cynico
638 736 649 750 ‚
681 713 715 744 &
726 707 889 743 limilibus
900 705 1005 742 derisa:
1016 705 1150 741 fuerunt
1168 704 1260 751 vulgi
1273 702 1536 752 superstitiones:
1552 701 1661 738 sedita
1670 715 1704 738 vt
1716 704 1781 737 Dei
1790 702 1920 743 cultum
1939 706 2170 752 promiscuum

331 775 410 796 cum
422 758 576 808 peruersis
587 760 722 806 ineptiis
730 755 916 801 miscerent.
929 757 1016 802 Ergo
1032 754 1212 789 videndum
1224 754 1267 787 est
1281 764 1313 787 vt
1325 755 1456 789 1111113111
1469 765 1619 791 errorum
1629 752 1779 799 sequatur
1789 747 1964 788 aedificiutu
1977 752 2170 794 fideLPorgb

328 810 526 858 Apostolus,
543 809 623 842 dum
635 807 704 842 haec
714 805 858 853 epitheta
868 806 943 837 Veri
956 809 990 837 ὅ(
1006 805 1159 839 Viucntis
1167 801 1290 836 tribuit
1297 802 1383 838 Deo,
1396 800 1485 835 idola
1496 800 1634 848 oblique
1646 800 1847 851 perstringit,
1860 800 1952 847 quod
1963 814 2096 838 mortua
2107 803 2171 841 suu:

332 862 363 894 δὲ
377 857 479 892 11111111
491 857 662 904 figmenta,
673 859 706 889 &
719 853 803 889 falso
813 853 858 886 dii
871 863 1119 899 nuncupentur.
1146 851 1226 885 Fine
1237 848 1465 886 conuerfionis
1484 852 1656 897 ponitque
1667 851 1783 898 attigi,
1802 859 1836 882 vt
1846 847 2172 889 Deoseruirentffit-

328 919 372 953 go
387 907 452 941 huc
463 907 568 940 tendit
578 902 751 950 Euangelii
760 902 912 936 (1οᾶ111113
924 911 957 933 vt
966 912 1029 934 nos
1041 902 1075 937 in
1089 899 1181 935 cultu
1190 898 1423 945 obsequiumq3
1433 900 1497 933 Dei
1509 900 1664 932 traducat.
1687 897 1849 944 Qandiu
1859 900 1950 933 enim
1965 896 2047 936 serui
2058 898 2173 938 sumus
2226 900 2245 939 Γ

326 950 455 1002 peccati
469 978 479 993 ,
491 953 586 988 liberi
598 951 708 987 sumus
720 951 738 984 ὲ
748 950 961 995 iustitia:quia
971 947 1037 982 fine
1047 951 1128 996 iugo
1139 941 1329 983 lasciuimus
1338 959 1376 981 ac
1387 948 1671 995 vagamut.Qare
1681 959 1783 980 nemo
1793 948 1854 980 rite
1864 946 1905 980 ad
1914 948 1986 983 Dei‘i
1995 947 2175 991 conuersus

328 1002 444 1041 cst‚nifi
455 1006 514 1049 qui
526 1004 555 1036 le
567 1001 617 1035 illi
630 1010 740 1034 totum
751 1000 786 1031 in
799 995 952 1031 seruitute
963 997 1086 1031 tradere
1096 996 1287 1031 didicit.Sed
1297 998 1375 1042 quia
1387 1007 1436 1030 res
1448 996 1492 1029 est
1502 995 1640 1043 plusqua
1650 992 1807 1032 difficilis,
1819 996 1855 1029 in
1865 996 1955 1030 tanta
1966 1007 2088 1033 natura:
2097 1010 2175 1034 cor-

326 1049 594 1100 ruptionczlimul
610 1048 750 1082 ostendit
760 1046 840 1094 quid
853 1058 914 1079 nos
924 1047 960 1079 in
970 1047 1092 1080 timore
1101 1046 1212 1079 Dei&
1223 1042 1384 1090 obsequio
1395 1046 1534 1079 retineat
1544 1057 1580 1078 ac
1589 1042 1879 1091 c6firmer,nempe
1889 1044 2010 1079 Christi
2021 1050 2175 1094 expecta-

327 1099 462 1135 ‘fflNifi
473 1101 563 1133 enim
575 1101 610 1132 1¹1
621 1095 708 1144 spem
722 1097 796 1128 Vitae
806 1105 931 1129 aetcrnae
943 1095 1043 1131 ereffl
1051 1092 1309 1131 simusmiundus
1319 1104 1381 1128 nos
1393 1095 1545 1141 protinus
1554 1093 1593 1126 ad
1603 1091 1632 1126 se
1642 1097 1756 1140 rapiet.
1767 1093 2027 1137 Qemadmodi'i
2038 1098 2128 1130 enim
2138 1097 2175 1133 so

327 1149 359 1184 la
373 1148 416 1182 est
429 1150 561 1185 Diuinae
574 1145 735 1179 bonitatis
746 1141 865 1177 fiducia
877 1154 949 1192 quae
959 1154 1022 1180 nos
1035 1141 1074 1176 ad
1083 1142 1195 1178 Deum
1206 1139 1387 1176 colendum
1401 1141 1539 1176 inducit:
1553 1143 1597 1174 ita
1607 1140 1674 1174 sola
1685 1140 1809 1175 vltimae
1822 1141 2064 1190 redemptionis
2075 1157 2176 1193 expe-

333 1199 436 1232 &atio
450 1195 525 1229 facit
539 1208 579 1228 ne
589 1191 817 1239 defatigemur.
831 1191 921 1239 Ergo
931 1187 1081 1237 quisquis
1092 1192 1127 1224 in
1138 1191 1211 1223 vitae
1223 1188 1338 1224 sancrae
1349 1186 1445 1223 cursu
1461 1186 1661 1235 perseuerare
1672 1188 1773 1227 volet,
1785 1200 1891 1223 totam
1904 1201 2052 1226 mentem
2064 1193 2178 1242 appli-

331 1257 383 1280 cet
399 1246 437 1278 ad
449 1242 538 1291 spem
550 1243 710 1277 aduentus
723 1238 858 1276 Christi.
869 1243 980 1285 Atque
989 1237 1055 1274 hoc
1066 1248 1184 1272 notatu
1195 1238 1352 1285 dignum,
1363 1237 1454 1283 quod
1467 1249 1528 1284 pro
1541 1239 1604 1284 Spe
1613 1235 1858 1277 aetemaeisttlutis
1872 1241 1972 1285 ponit
1983 1239 2108 1276 Christi
2118 1234 2177 1281 ex·-

331 1295 574 1342 pectationcm.
583 1301 659 1326 nam
672 1288 758 1323 certe
769 1286 836 1323 sine
847 1286 984 1325 Christo
994 1287 1114 1334 perditi
1126 1285 1237 1321 sumus
1249 1298 1284 1320 ac
1296 1284 1466 1334 desperati:
1477 1285 1533 1319 vbi
1542 1296 1652 1320 autem
1665 1286 1776 1338 prodit
1787 1285 1941 1327 Christus
1950 1311 1960 1326 ,
1972 1286 2177 1326 fimulafful-

329 1353 383 1388 get
393 1342 461 1375 vita
473 1344 507 1373 ὃς
521 1338 727 1387 prosperitas.
738 1337 800 1371 s'ed
810 1335 875 1371 hoc
885 1333 1042 1378 fidelibus
1051 1334 1179 1372 tantum
1192 1335 1258 1370 clici
1271 1337 1542 1369 meminerimus:
1567 1346 1645 1369 nam
1658 1336 1752 1369 licuti
1768 1336 1883 1386 impiis
1896 1339 2109 1374 venturusest
2119 1341 2177 1380 iu..

327 1392 400 1430 dex,
412 1391 456 1422 ita
467 1388 554 1423 nihil
568 1389 670 1434 quam
682 1382 892 1433 expauescere
902 1384 942 1418 ad
955 1385 1026 1417 eius
1037 1385 1304 1431 expectationem
1315 1382 1407 1431 poisu
1413 1393 1460 1416 nt.
1469 1385 1579 1429 Atque
1589 1382 1654 1421 hoc
1667 1383 1711 1419 est
1721 1383 1812 1430 quod
1822 1384 1931 1430 postea
1941 1381 2175 1428 subiicit‚Ch'rli

328 1438 414 1472 stum
425 1450 487 1472 nos
500 1436 639 1473 liberare
669 1434 710 1468 ab
721 1437 767 1468 ira
775 1443 922 1467 ventura.
936 1431 1015 1466 Hoc
1026 1435 1116 1466 enirn
1131 1445 1201 1467 non
1213 1431 1270 1465 alii
1282 1429 1430 1469 sentiunt
1440 1457 1450 1472 ,
1460 1430 1521 1465 nisi
1533 1433 1590 1478 qui
1602 1443 1659 1479 per
1671 1430 1771 1469 fidem
1780 1432 1855 1468 Deo
1865 1432 2072 1470 reconciliati
2080 1461 2092 1476 ,
2103 1438 2174 1472 iam

327 1497 479 1534 paenam
491 1484 732 1520 conscientiam
743 1481 896 1516 habeant:
906 1479 984 1514 alias
995 1479 1209 1514 formidabile
1219 1481 1263 1514 est
1272 1482 1341 1519 eius
1354 1493 1434 1517 nom
1440 1493 1492 1514 en.
1502 1480 1668 1514 Caeterum
1679 1478 1833 1515 liberauit
1842 1492 1905 1517 nos
1916 1481 2052 1527 quidem
2064 1496 2177 1521 morte

329 1534 386 1571 sua
398 1534 548 1571 Christus
560 1533 600 1567 ab
612 1535 658 1566 ira
669 1533 747 1566 Dei:
762 1529 813 1564 sed
824 1530 904 1577 quid
916 1528 1069 1565 liberatio
1081 1528 1137 1562 illa
1146 1527 1264 1569 valeat,
1278 1527 1403 1576 patebit
1414 1540 1560 1563 extremo
1570 1529 1633 1562 die.
1644 1528 1785 1563 Constat
1803 1538 1915 1563 autem
1934 1526 2095 1566 sententia
2104 1532 2177 1570 haec

335 1582 466 1619 duobus
479 1581 647 1617 membris.
665 1581 758 1614 Prius
768 1579 812 1612 est
822 1601 832 1615 ,
841 1577 934 1627 quod
944 1579 990 1610 ira
1000 1577 1084 1618 Dei,
1106 1579 1333 1623 aeternumque
1345 1579 1483 1611 exitium
1495 1577 1769 1624 humanogeneri
1779 1579 1938 1611 imminet
1948 1590 1956 1611 :
1968 1580 2047 1630 quia
2056 1591 2176 1628 pecca·

329 1643 407 1668 runt
427 1644 545 1665 omnes
558 1641 595 1664 30
604 1629 826 1663 destituuntur
855 1624 962 1673 gloria
979 1625 1055 1659 Dei.
1112 1624 1266 1660 Alterum
1279 1624 1372 1672 quod
1380 1637 1452 1659 non
1471 1624 1536 1658 alia
1546 1624 1725 1672 effugiendi
1735 1632 1820 1660 tatio
1839 1625 1883 1659 est
1895 1624 1955 1660 nisi
1967 1639 2024 1674 per
2045 1628 2173 1667 Christi

329 1682 468 1728 gratiam
480 1693 488 1712 t
513 1690 593 1724 quia
602 1690 673 1711 non
691 1675 804 1710 frustra
815 1675 872 1709 has
893 1672 943 1712 illi
954 1684 1060 1721 partes
1072 1673 1192 1708 Paulus
1209 1675 1371 1708 vendicat.
1392 1674 1455 1707 Sed
1465 1674 1532 1708 hoc
1542 1673 1769 1710 inaestimabile
1786 1674 1830 1708 est
1839 1673 1969 1708 donum
1979 1700 1989 1713 ,
2010 1676 2103 1723 quod
2122 1678 2174 1727 pii

328 1731 461 1776 quoties
480 1728 596 1761 iudicii
608 1724 643 1760 fit
664 1726 793 1759 mentio
803 1747 813 1761 ,
825 1723 998 1758 Christum
1010 1720 1068 1756 sibi
1087 1722 1334 1770 redemptorem
1344 1733 1524 1756 venturum
1549 1720 1669 1758 sciunt.
1690 1721 1782 1756 Adde
1791 1722 1883 1768 quod
1898 1721 2014 1759 diserte
2023 1728 2124 1772 ponit
2141 1722 2176 1762 i-

328 1790 398 1812 ram
415 1787 587 1810 venturam
599 1801 609 1815 ,
629 1785 664 1807 vt
675 1775 744 1822 pias
755 1782 882 1807 mentes
893 1768 1020 1805 sursum
1049 1772 1151 1818 erigat
1160 1796 1171 1810 ,
1183 1772 1224 1806 n'e
1235 1768 1397 1805 subsidant
1407 1773 1442 1803 in
1453 1769 1618 1819 praesentis
1630 1773 1706 1805 vitae
1716 1772 1853 1806 intuitu.
1874 1771 1964 1806 Nam
1977 1784 2084 1819 quum
2094 1774 2176 1812 fides

328 1824 410 1860 visio
430 1823 466 1859 sit
476 1836 585 1858 terum
608 1835 679 1856 non
689 1823 920 1869 apparentium
931 1844 942 1859 ‚
967 1817 1055 1853 nihil
1068 1822 1181 1853 minus
1192 1818 1455 1853 consentaneum
1467 1819 1512 1852 est
1521 1819 1624 1865 quarn
1635 1829 1671 1854 vt
1680 1821 1763 1853 iram
1780 1819 1845 1853 Dei
1858 1821 2053 1859 metiamur,
2070 1835 2174 1870 prout

329 1873 503 1922 quisquam
524 1869 683 1919 affligitur
700 1872 736 1904 in
749 1869 877 1903 mundo
886 1892 896 1904 ‚
909 1865 1003 1901 ficuti
1013 1865 1099 1901 1111111
1112 1870 1218 1914 magis
1237 1866 1411 1902 absurdum
1421 1867 1523 1912 quam
1533 1870 1674 1915 arripere
1694 1867 1816 1902 caduca
1843 1865 1934 1901 bona
1944 1868 2067 1914 quibus
2084 1870 2174 1907 frui-

330 1935 406 1959 mur
416 1946 425 1961 ‚
438 1932 471 1955 vt
483 1921 560 1955 inde
571 1921 767 1956 aestimemus
777 1919 841 1951 Dei
851 1917 1001 1964 gratiam.
1017 1911 1196 1950 Discamus
1207 1927 1285 1963 ergo
1294 1938 1306 1953 ‚
1314 1915 1396 1949 dum
1405 1914 1514 1951 secute
1524 1915 1734 1950 luxuriantur
1745 1918 1843 1963 impii
1854 1919 1887 1951 δέ
1899 1928 1962 1950 nos
1973 1915 2090 1953 misere
2098 1918 2174 1956 lan-

330 1982 469 2019 guemus
479 1992 489 2006 ,
506 1969 691 2004 ν111ἀ1ίὶ310
712 1967 776 2000 Dei
787 1978 859 2013 quae
876 1962 985 2000 oculis
995 1965 1102 1998 carnis
1112 1961 1302 2000 abscondita
1312 1964 1356 1998 est
1365 1985 1376 2001 2
1388 1965 1504 1999 timete
1513 1987 1525 2003 ‚
1540 1967 1575 1999 &
1586 1961 1789 2013 acquiescere
1801 1967 1838 2000 in
1848 1967 1974 1999 arcanis
1992 1963 2173 2015 spiritualis

330 2022 405 2054 vitae
417 2017 555 2052 deliciis.

380 2078 416 2101 ro
465 2063 757 2117 Qemfhscitauit.)
811 2062 937 2097 Christi
947 2059 1221 2099 resurrectionem
1240 2059 1297 2095 hic
1306 2072 1571 2100 commemorat,
1589 2064 1625 2096 in
1637 2073 1702 2108 qua
1711 2062 1828 2097 uostrae
1838 2058 2088 2099 resurrectionis
2097 2061 2171 2113 spe's

331 2116 468 2152 fundata
477 2118 613 2150 estmam
624 2114 771 2160 vndique
782 2123 872 2146 mors
883 2123 946 2147 nos
954 2108 1088 2146 obsidet.
1100 2112 1215 2157 Itaque
1224 2107 1285 2148 nisi
1295 2111 1330 2144 in
1341 2108 1514 2144 Christum
1524 2108 1682 2161 respicere
1693 2108 1856 2145 discamus
1864 2108 2002 2157 fingulis
2013 2124 2172 2149 momen--¹

332 2168 374 2200 tis
384 2165 563 2199 concident
592 2162 691 2198 nobis
701 2162 820 2198 31111111.
829 2160 949 2194 Eadem
960 2161 1090 2197 ratione
1099 2159 1269 2194 admonet,
1282 2158 1453 2195 Christum
1466 2158 1483 2193 ὲ
1496 2157 1649 2192 0111100110
1659 2159 1921 2206 expectandum:
1940 2161 2019 2206 quia
2028 2158 2114 2196 'nihil
2132 2166 2170 2199 in

333 2213 463 2249 mundo
485 2214 686 2260 reperiemus
697 2209 789 2256 quod
801 2221 863 2244 nos
879 2206 1044 2251 sustineat2
1057 2206 1130 2242 sunt
1141 2218 1249 2242 autem
1260 2204 1401 2241 infinitae
1410 2209 1612 2241 tentationes
1621 2219 1694 2254 quae
1703 2219 1766 2241 nos
1776 2209 1976 2241 exanimem.
1993 2207 2070 2243 Alia
2080 2222 2171 2256 quo..

333 2275 399 2310 que
409 2261 643 2295 circunstantia
652 2258 799 2294 notanda
807 2258 861 2291 est.
871 2268 950 2297 nam
960 2258 1039 2302 quia
1049 2257 1084 2290 in
1094 2256 1188 2291 1111110
1198 2254 1299 2289 finem
1309 2254 1479 2290 resurrexit
1488 2254 1689 2292 Christus,vt
1699 2255 1842 2289 eiusdem
1852 2254 1966 2302 gloriae
1975 2268 2038 2290 nos
2049 2270 2171 2297 omnes

333 2310 469 2346 tandem
478 2308 646 2344 consortes
657 2306 752 2341 faciat
764 2308 822 2352 qui
832 2304 847 2339 s
847 2317 943 2343 umus
953 2307 1023 2342 eius
1035 2304 1193 2343 membra:
1204 2301 1367 2350 fignificat
1376 2303 1508 2342 Paulus,
1519 2305 1644 2337 irritam
1654 2302 1725 2337 fore
1734 2301 2006 2338 resurrectionem
2015 2329 2025 2342 ‚
2035 2305 2096 2341 nifi
2105 2310 2170 2343 ite.q

333 2371 407 2394 rum
417 2369 571 2405 appareat
584 2357 721 2391 suorum
731 2356 933 2402 redemptor,
943 2350 1158 2400 frustumque
1169 2356 1203 2388 &
1215 2349 1372 2388 effectum
1393 2355 1463 2388 eius
1475 2363 1576 2402 quam
1586 2354 1622 2390 in
1634 2349 1664 2388 se
1676 2351 1825 2392 exhibuit
1839 2352 1989 2392 virtutis,
2005 2353 2045 2392 ad
2054 2363 2168 2399 totum

333 2407 479 2443 Eccleliae
490 2419 612 2456 corpus
621 2404 782 2443 extendat.

1135 2448 1166 2484 C
1186 2449 1217 2485 A
1232 2450 1268 2484 P.
1317 2451 1331 2486 1
1348 2451 1373 2487 Ι,

350 2573 352 2575 ·
390 2562 413 2593 P
430 2561 473 2595 Sl
495 2555 589 2594 enim
597 2552 712 2605 nqstis,
713 2551 857 2606 fratrer,
867 2547 1125 2607 qubdingreffus
1133 2551 1250 2589 noster
1255 2549 1388 2596 advos,
1400 2565 1472 2594 non
1480 2548 1718 2604 inanisfuerit:
2173 2586 2176 2588 .

336 2554 383 2657 I
446 2626 466 2649 2.
522 2607 593 2648 Imb
604 2606 700 2663 qubd
699 2607 990 2665 persequutionem
992 2604 1078 2663 passi
1088 2635 1099 2652 ,
1114 2605 1154 2652 ἀ·
1158 2604 1283 2659 probro
1295 2604 1408 2662 affeffl
1416 2604 1580 2662 Philippis
1591 2610 1654 2658 (vt
1671 2605 1780 2658 stitis)
1802 2603 2172 2664 fidutiamsunssst'mus

335 2673 378 2710 in
390 2674 465 2707 Deo
473 2665 578 2716 nostro
582 2663 777 2720 proferendi
788 2663 881 2719 apud
886 2677 954 2702 vos
961 2661 1189 2716 Euangelium
1200 2664 1282 2707 Dei,
1296 2677 1370 2701 cum
1380 2662 1486 2702 multo
1499 2665 1690 2702 certamine.

392 2737 408 2773 3
464 2729 566 2770 Ram
578 2720 769 2760 exhortatio
780 2719 902 2772 nqstra,
916 2733 988 2758 non
998 2731 1045 2756 ex
1055 2716 1244 2773 impostura,
1253 2730 1363 2772 neque
1370 2732 1418 2758 ex
1427 2718 1776 2773 immunditiamque
1785 2716 1825 2756 in
1834 2715 1922 2760 dola.

478 2777 546 2816 Sed
555 2776 842 2830 quemadmodum
845 2772 980 2831 probati
977 2774 1116 2828 fuimus
1125 2771 1147 2812 ἃ
1158 2780 1229 2812 Deo
1239 2784 1286 2812 vt
1292 2773 1482 2814 crederetur
1489 2771 1588 2815 nobis
1600 2772 1890 2831 Euangelium‚stc
1895 2771 2081 2828 loquimur,
2094 2789 2168 2818 non

338 2835 434 2893 quast
442 2830 638 2874 hominibus
643 2832 828 2888 placentes,
828 2830 901 2888 sed
905 2837 980 2870 Deo
989 2826 1176 2885 quiprobat
1184 2829 1283 2870 corda
1292 2829 1413 2884 nostra.

388 2904 402 2926 1
452 2890 596 2936 lpstentm
606 2887 720 2931 nostis.)
771 2889 874 2922 Nunc
883 2883 1004 2921 omisso
1013 2885 1152 2919 aliarum
1161 2884 1376 2919 Ecclesiarum
1389 2886 1634 2922 testimonio‚in
1647 2886 1844 2921 memoriam
1856 2895 1991 2920 reuocat
1997 2883 2171 2925 Thessalo-

338 2939 524 2976 nicensibus
536 2950 607 2983 quae
617 2935 675 2983 ipsi
686 2939 809 2984 experti
821 2946 923 2972 erant,
932 2947 969 2969 ac
981 2932 1081 2969 fufius
1093 2935 1231 2980 exponit
1240 2931 1383 2979 qualiter·
1391 2932 1422 2968 se
1432 2932 1558 2981 gesserit
1569 2947 1586 2967 a
1614 2934 1656 2968 ud
1663 2945 1732 2969 eos.
1744 2937 1776 2967 ὅ(
1788 2931 1938 2968 similiter
1947 2932 2003 2968 alii
2015 2936 2084 2970 duo
2095 2935 2168 2970 col*

337 2988 430 3036 legae,
441 2989 518 3034 quia
531 2988 594 3021 hoc
607 2984 791 3031 plurimum
802 2983 943 3018 habebat
953 2983 1109 3031 ponderis
1118 2982 1157 3016 ad
1168 2980 1436 3018 confirmandum
1446 2994 1562 3016 eorum
1599 2982 1776 3018 <immam
1788 2980 1854 3015 hoc
1863 2980 2004 3018 consilio
2013 2981 2102 3022 suam
2114 2988 2170 3020 in-

338 3040 524 3084 tegritatem
537 3034 700 3081 praedicat,
711 3044 746 3066 vt
755 3026 1060 3067 Thessalonicenses
1070 3028 1099 3066 se
1108 3043 1179 3066 non
1191 3041 1258 3064 tam
1268 3029 1308 3064 ab
1318 3029 1460 3064 homine
1470 3029 1602 3064 mortali
1613 3030 1713 3073 quam
1725 3027 1741 3061 Ξ
1751 3030 1838 3069 Deo,
1847 3030 1886 3063 :id
1895 3029 1993 3064 fidem
2003 3029 2097 3066 fuiffe
2106 3045 2168 3071 vo·

338 3096 430 3119 catos
454 3081 642 3131 agnoscant.
666 3083 759 3115 Dicit
771 3092 850 3127 ergo
861 3079 954 3114 suum
965 3080 1003 3113 ad
1014 3091 1070 3112 eos
1078 3077 1257 3125 ingressum
1267 3091 1338 3113 non
1348 3076 1440 3112 fuisse
1452 3080 1586 3113 inanem
1597 3100 1607 3116 ,
1623 3088 1658 3112 vt
1667 3075 1832 3111 ambitiosi
1842 3078 1999 3114 homines
2019 3079 2167 3117 multum

341 3146 472 3181 pompae
484 3131 673 3166 ostendunt,
685 3141 790 3175 quum
802 3127 888 3162 nihil
899 3127 1041 3161 habeant
1051 3125 1158 3161 solidi:
1169 3139 1247 3161 nam
1257 3128 1358 3161 Inane
1367 3127 1516 3162 Aekuoso
1527 3125 1582 3161 hic
1591 3128 1747 3174 opponit.
1768 3125 1886 3160 Probat
1898 3127 1964 3165 hoc
1973 3127 2104 3165 duobus
2114 3141 2166 3169 ar-

340 3182 519 3215 auiuentis.
530 3181 618 3225 prius
629 3178 671 3211 est
682 3177 772 3223 quod
782 3176 946 3224 Philippis
957 3173 1247 3222 persequutionem
1259 3176 1530 3221 &ignominiam
1540 3173 1741 3208 sustinuerat:
1752 3173 1892 3208 alterum
1904 3198 1915 3214 ‚
1925 3176 2018 3222 quod
2029 3176 2167 3212 Theffi-

339 3210 458 3270 fonicae
472 3239 632 3273 magnum
642 3237 807 3260 certamen
820 3235 969 3272 paratum
980 3233 1056 3257 erat.
1067 3224 1196 3257 Scimus
1209 3225 1400 3270 ignominia
1412 3227 1446 3258 δε
1481 3221 1767 3269 ersequutionibus
1777 3222 2101 3271 debilitati,ade6que
2152 3243 2166 3252 -

341 3278 430 3310 nitus
442 3275 546 3322 frangi
558 3275 737 3308 hominum
749 3275 892 3308 animos.
901 3272 1069 3306 Diuinum
1080 3272 1192 3316 itaque
1202 3284 1287 3317 opus
1297 3269 1372 3308 fuir,
1381 3236 1601 3318 qubgpaulus
1611 3272 1708 3305 variis
1733 3270 1829 3305 malis
1843 3274 2077 3319 &ignominia
2086 3238 2166 3307 age-

339 3325 425 3359 cstus,
439 3323 526 3369 quasi
539 3326 675 3369 integer,
687 3334 842 3370 magnam
855 3324 888 3354 δι
899 3318 1095 3368 opulentam
1108 3318 1222 3352 vrbem
1235 3320 1366 3366 aggredi
1378 3333 1448 3353 non
1458 3318 1671 3362 dubitaui·t‚vt
1683 3322 1752 3353 eius
1763 3319 1931 3367 populum
1940 3319 2076 3361 Christo
2087 3318 2166 3362 sub-

338 3374 350 3411 j
352 3382 476 3422 ugare-t.
486 3373 523 3406 In
534 3371 599 3407 hoc
609 3373 642 3405 in
648 3368 750 3417 gressu
764 3368 850 3416 nihil
860 3370 1006 3408 cernitur
1015 3366 1106 3415 quod
1115 3379 1233 3404 vanam
1245 3368 1500 3406 ostentationem
1510 3367 1668 3410 redoleat&
1678 3370 1716 3406 In
1727 3365 1870 3405 secundo
1889 3367 2042 3407 membro
2051 3369 2166 3406 eadem

2042 3418 2092 3453 vis
2099 3418 2163 3453 Di-
