2268 3705
339 101 404 138 aas
816 46 1685 143 IN'11·E1³18T··1³AVL1

343 168 490 204 euidenti
501 164 601 215 'signo
612 165 784 215 prodimus
799 178 861 200 nos
874 164 1016 198 minime
1027 162 1136 198 colere
1148 161 1248 197 fidem
1260 160 1475 209 coniugalem
1488 173 1564 209 erga
1582 160 1765 196 Christum.
1788 161 1837 197 Ac
1852 161 2039 198 notandum
2048 161 2190 199 verbum

342 219 569 265 §implicataun
589 229 660 250 non
669 217 762 250 enim
781 213 951 249 verebatur
975 211 1095 246 Paulus
1108 225 1149 246 ne
1171 222 1252 245 mox
1262 212 1373 257 aperte
1385 208 1562 245 deficerent
1575 210 1747 245 Corinthii
1758 213 1793 245 in
1807 212 1918 245 totum
1930 212 1948 245 a
1960 211 2093 246 Christo
2106 226 2114 246 :
2139 212 2192 246 scd

343 280 386 302 ne
398 265 558 313 paulatim
571 269 589 298 a
598 263 808 312 simplicitate
817 274 918 309 quam
929 261 1111 294 didicerant
1124 283 1135 297 ,
1159 259 1200 293 ad
1213 263 1353 306 protana
1363 262 1397 293 &
1407 259 1515 292 aliena
1526 256 1685 305 figmenta
1694 258 1900 294 defleekcudo
1910 283 1920 296 ‚
1948 261 2081 295 tandem
2094 261 2193 309 dege-

343 325 506 350 nerarent.
518 314 664 348 Adducit
687 311 938 347 similitudinem
952 322 959 341 :
985 305 1257 360 Qmadmodum
1275 307 1401 355 serpens
1419 309 1519 340 Euam
1529 307 1646 354 decepit
1662 309 1803 351 vcrffitia
1815 310 1888 351 fita.
1916 320 1991 342 nam
2004 307 2027 342 fi
2043 308 2193 343 colorem

345 363 469 398 habent
480 360 644 410 sapientiae
655 359 723 395 falsi
739 360 893 393 dorstet&
911 357 951 389 ad
963 355 1226 403 persuadendum
1244 380 1254 395 ,
1278 354 1298 388 si
1310 354 1502 402 eloquentia
1525 355 1656 392 valent,
1668 353 1690 389 sl
1701 355 1916 404 probabiliter
1926 355 1954 390 se
1973 355 2140 392 insinuant
2158 371 2194 391 a·

343 414 459 447 nimos
478 411 668 445 auditorum
688 432 698 446 ‚
719 412 752 441 δε
774 417 943 440 venenum
961 403 1058 439 suum
1068 402 1193 438 blando
1219 401 1361 437 artificio
1384 403 1566 451 instfflssffiss
1584 402 1816 447 nondiffimili
1844 407 1972 439 ratione
1981 407 2085 439 Euam
2106 419 2194 452 quo-

345 473 411 508 que
423 461 521 494 Satan
533 458 756 505 decepit,quia
767 468 838 488 non
848 453 958 501 palam
968 450 997 486 se
1005 449 1224 486 aduersarium
1235 449 1392 500 professus
1403 452 1460 492 est,
1486 451 1526 486 ed
1534 450 1701 501 clieithiqi
1713 451 1855 491 studioso
1869 464 2025 501 praetextu
2039 449 2192 502 ob'repfit.

393 519 419 553 4
473 507 511 541 N
512 519 562 539 am
572 507 594 553 (ἱ
600 509 626 538 is
634 508 686 550 qui
696 505 804 545 venit.)
858 501 961 536 Nunc
972 499 1165 535 facilitatem
1176 502 1317 535 nimiam
1329 500 1589 540 Corinthiorum
1600 502 1790 548 perstringit
1802 504 1835 536 in
1847 503 2043 549 recipiendis
2054 500 2194 550 pseudo-

340 554 515 604 apostolis.
529 556 617 588 Nam
631 564 737 600 quum
747 563 823 598 erga
832 548 940 598 ipsum
951 548 1091 583 Paulum
1101 550 1248 584 nimium
1258 547 1381 583 morosi
1391 545 1491 582 ess'cnt
1501 560 1537 583 ac
1549 549 1721 597 irritabiles
1731 572 1741 586 ‚
1752 545 1791 583 vt·
1798 547 1959 584 leuiffima
1969 554 2085 596 quauis
2096 564 2193 586 occa·

340 603 436 639 sione
447 600 701 637 offenderentur,
713 599 735 634 li
747 608 798 633 vel
812 599 943 633 modice
955 598 1031 631 illos
1042 598 1303 645 reprehenderet:
1320 595 1603 644 pseudoapostolis
1627 596 1712 641 nihil
1724 610 1795 632 non
1812 596 2063 646 pertinaciae-nt,
2077 612 2195 634 eorum

346 651 573 700 supercilium,
589 649 718 686 fastum,
728 650 1017 696 importunitatem
1029 645 1170 680 libenter
1179 644 1568 693 patiebanturzeiuimodi
1579 646 1808 694 prfxpostetam
1820 649 2037 681 reuerentiam
2048 649 2195 687 damnat,

347 701 440 748 quod
450 699 580 734 delectu
592 700 728 732 interim
739 701 772 731 &
786 696 914 730 iudicio
927 706 1084 730 carerent:
1097 693 1159 728 acsi
1172 696 1312 730 diceret,
1329 693 1401 741 Q
1413 692 1449 727 fit
1458 706 1493 727 vr
1506 695 1556 728 isti
1566 693 1919 742 tantumlibilicenriae
1931 697 1966 728 in
1981 707 2041 729 vos
2050 695 2193 744 vsutpen

345 761 406 782 vos
417 759 528 781 autem
538 759 634 794 aequo
644 748 760 781 animo
772 744 880 778 feratis
892 756 1010 777 eorum
1021 744 1235 777 dominium?
1261 743 1293 776 Si
1304 741 1408 776 alium
1419 740 1591 777 Christum
1601 741 1695 825 νοὲίε
1706 741 1885 788 αεωίἰίΐεηῑ
1896 768 1906 783 ,
1917 755 1973 776 aut
1985 742 2073 778 aliud
2084 747 2197 780 Euan·

345 795 488 844 gelium,
498 807 556 830 aut
565 796 668 829 alium
681 796 842 841 Spiritum
851 794 953 839 quam
963 803 1020 839 per
1030 804 1169 826 manum
1182 803 1291 825 meam
1302 793 1506 838 receperitis:
1534 790 1638 838 proba
1657 805 1709 831 em
1720 788 1793 826 sa'ne*
1807 791 2028 843 vestrangerga
2038 791 2114 828 illos
2132 794 2197 829 ob-

349 843 560 880 seruantiam:
576 856 654 878 nam
666 843 766 877 ess'ent
773 842 866 889 digni
877 850 971 875 tanto
982 840 1123 874 honore:
1135 837 1186 873 sed
1196 852 1303 886 quum
1313 839 1399 873 nihil
1415 839 1510 874 vobis
1522 838 1728 874 contulerint
1737 836 1828 887 qhod
1839 852 1902 888 ego
1913 853 1982 884 non
1999 840 2088 888 prius
2098 842 2195 878 vobis

345 891 515 928 dedissem:
526 905 598 939 quae
610 894 666 926 ista
676 892 719 924 est
728 890 910 938 gratitudo,
921 889 1051 922 tantum
1062 902 1132 923 non
1143 889 1276 922 adorare
1287 901 1343 922 eos
1354 886 1476 934 quibus
1486 887 1573 922 nihil
1583 887 1717 923 debetis:
1732 901 1786 923 me
1795 890 1874 927 vero
1884 880 2100 924 contemnere
2113 914 2122 930 ‚
2137 901 2196 940 pet

342 955 449 990 vquem
460 941 597 990 largitus
608 940 702 974 vobis
714 942 757 972 est
768 940 858 972 Deus
869 949 920 972 tot
929 949 966 971 ac
978 948 1046 971 tam
1056 936 1207 985 praeclara
1216 934 1378 970 beneficia
1386 941 1401 969 ?
1415 936 1505 971 Talis
1522 936 1622 971 hodie
1631 950 1769 984 quoque
1779 936 1824 971 est
1839 940 2022 971 reuerentia
2032 933 2202 986 Papistari't

346 1002 424 1038 erga
432 990 507 1025 suos
518 986 825 1038 pseudoepiscopos:
842 999 918 1020 nam
929 998 1036 1032 quum
1047 983 1215 1020 duriffima
1224 995 1416 1031 premantur
1430 997 1548 1019 eorum
1562 987 1744 1030 tyrannide,
1753 999 1822 1020 non
1833 983 2011 1019 difficulter
2021 999 2092 1020 eam
2101 985 2197 1023 susti·

349 1051 443 1082 nent:
457 1039 628 1073 Christum
640 1034 717 1070 vero
729 1033 836 1083 ipsum
847 1032 959 1080 susque
970 1032 1077 1080 deque
1090 1034 1208 1068 habere
1218 1046 1289 1066 non
1300 1032 1462 1067 dubitant.
1512 1035 1606 1069 Altus
1619 1037 1645 1066 C
1647 1034 1764 1078 hristus,
1780 1038 1816 1072 (9-
1826 1033 1915 1067 aliud
1924 1036 1951 1066 E
1955 1036 2127 1082 nazgelium
2136 1037 2198 1072 ali-
2242 1070 2245 1075 ,

349 1098 401 1122 ter
413 1087 467 1122 hic
477 1088 604 1135 capitur
616 1096 716 1131 atque
726 1085 764 1118 ad
775 1082 905 1117 Galatas
917 1084 1024 1130 capite
1034 1095 1056 1117 1.
1067 1082 1131 1116 b.8.
1141 1094 1220 1116 nam
1232 1081 1330 1115 Alius
1341 1080 1410 1115 illic
1424 1083 1508 1116 Veto
1522 1086 1554 1116 ὃς
1567 1094 1725 1128 germano
1736 1085 1932 1130 opponitur:
1947 1083 2089 1130 ideoque
2100 1085 2198 1121 men:

349 1137 410 1171 dax
423 1140 456 1170 ὅ(
470 1132 628 1170 fictitium
652 1131 824 1182 lignisicat.
844 1132 900 1166 hic
910 1142 1021 1166 autem
1032 1131 1104 1167 vult
1113 1131 1219 1165 dicere
1229 1152 1240 1167 ,
1260 1131 1294 1165 Si
1305 1128 1443 1164 illorum
1457 1131 1639 1165 ministerio
1652 1144 1723 1165 non
1737 1144 1812 1165 meo
1824 1154 1833 1168 ‚
1847 1129 2067 1178 Euangelium
2079 1133 2117 1167 ad
2136 1146 2197 1169 vo:
2212 1156 2215 1158 v

350 1181 557 1234 perueniss'et.
2082 1190 2087 1197 .
2217 1226 2220 1227 ⁷

398 1242 413 1276 5
458 1231 601 1266 Arbitror
610 1234 690 1265 enim
701 1234 778 1276 me.)
828 1230 931 1266 Nunc
942 1228 1094 1264 tollendo
1105 1229 1196 1276 quod
1207 1241 1311 1263 vnum
1323 1227 1428 1262 valere
1438 1227 1476 1261 ad
1488 1239 1603 1262 eorum
1617 1225 1859 1262 excusationem
1871 1239 2012 1276 poterat,
2022 1231 2199 1278 ingratitu-

350 1281 440 1315 dinis
451 1293 508 1315 eos
517 1283 704 1316 conuincit:
718 1278 879 1327 aequalem
889 1281 981 1313 enim
993 1276 1023 1312 se
1037 1279 1135 1312 etiam
1147 1276 1215 1312 sum
1221 1280 1283 1312 mis
1295 1282 1321 1311 A
1325 1276 1465 1325 postolis
1477 1273 1568 1309 fuiffe
1578 1277 1745 1310 admonet.
1766 1279 1890 1324 Ingrati
1901 1280 2002 1324 igitur
2011 1278 2197 1319 Corinthii,

351 1332 412 1375 qui
426 1342 531 1376 quum
540 1329 644 1364 talem
655 1331 780 1376 experti
789 1328 900 1365 ell'ent,
911 1340 983 1361 non
997 1327 1101 1374 pluris
1112 1326 1286 1367 faciebant:
1295 1325 1533 1359 authoritatem
1545 1326 1622 1359 verb
1639 1324 1690 1359 illi
1702 1328 1771 1358 iure
1782 1325 1925 1359 debitam
1938 1325 2148 1362 transferebir
2160 1329 2205 1363 ad'

351 1377 510 1413 homines
519 1377 646 1412 nullius
657 1380 764 1425 pretii.
775 1376 945 1411 Modestiae
954 1386 1065 1409 tamen
1076 1373 1168 1409 causa
1177 1376 1257 1409 dicit
1267 1372 1295 1408 se
1306 1377 1350 1408 ita
1363 1374 1544 1407 existimare
1557 1387 1565 1406 ε
1584 1386 1691 1420 quum
1703 1386 1751 1407 res
1762 1373 1834 1407 eilet
1845 1375 2003 1408 omnibus
2013 1372 2149 1423 cogffiita
2162 1381 2198 1412 &

353 1425 536 1462 manifesta:
548 1425 709 1473 intelligit
718 1437 828 1460 autem
841 1425 931 1471 quod
941 1422 1035 1458 suum
1047 1423 1280 1471 Apostolatum
1292 1423 1430 1457 ornasset
1440 1424 1530 1456 Deus
1543 1435 1613 1456 non
1625 1421 1812 1456 minoribus
1823 1425 1936 1469 granis
1947 1425 2045 1469 quam
2074 1425 2201 1460 lohan-

354 1478 406 1511 uis
417 1487 473 1510 aut
482 1476 579 1509 Petri.
591 1476 692 1509 Porro
704 1477 761 1521 qui
773 1476 836 1508 Dci
847 1475 935 1507 dona
949 1474 967 1506 a
989 1471 1016 1506 se
1026 1475 1139 1518 agnita
1150 1474 1351 1508 contemnit,
1366 1469 1493 1505 causam
1506 1472 1613 1504 dicere
1625 1484 1694 1505 non
1706 1471 1811 1518 potest
1825 1474 1907 1516 quin
1918 1472 2085 1518 malignus
2097 1477 2132 1508 &
2145 1476 2198 1514 in-

353 1535 464 1572 gratus
475 1524 656 1558 iudicetur:
676 1536 755 1570 ergo
766 1523 957 1568 vbicunque
966 1520 1149 1568 conspicies
1161 1522 1223 1555 Dei
1234 1521 1322 1555 dona
1333 1543 1342 1556 ‚
1359 1520 1428 1553 illic
1441 1520 1550 1553 Deum
1563 1518 1670 1567 ipsum
1683 1523 1860 1553 reue-rearis
1878 1532 2019 1566 oportet.
2042 1520 2201 1569 Intelligo

352 1585 618 1620 vnumquenque
628 1584 762 1606 eatenus
772 1571 902 1605 honore
913 1570 1055 1617 dignum
1065 1593 1074 1608 ,
1086 1571 1259 1617 prout'Dei
1270 1571 1384 1617 gratiis
1401 1567 1541 1602 excellit:
1554 1567 1728 1615 praesettim
1739 1567 1816 1602 verb
1827 1567 1926 1616 siquis
1938 1569 2014 1614 inde
2025 1567 2150 1605 fructus
2159 1572 2200 1606 ad

352 1631 384 1656 te
394 1621 638 1656 redundaucrit.

404 1673 426 1704 6
476 1673 619 1704 Ceterum
628 1670 698 1703 licet
714 1670 894 1717 imperitus.)
942 1669 1057 1702 Vnum
1069 1678 1136 1702 etat
1147 1669 1181 1702 in
1192 1679 1262 1714 quo
1279 1664 1401 1701 censeri
1413 1667 1520 1713 prima
1531 1662 1636 1712 specie
1644 1675 1773 1712 poterat
1785 1663 1923 1700 inferior
1936 1678 1943 1699 ε
1957 1668 2036 1714 quia
2047 1664 2202 1704 facundia

351 1718 589 1753 destitueretur:
601 1730 680 1765 ergo
692 1717 757 1751 hoc
769 1717 932 1750 iudicium
942 1716 1209 1764 praeoccupando
1220 1713 1375 1762 corrigit:
1389 1715 1468 1748 dum
1479 1712 1507 1747 se
1517 1715 1631 1747 tudem
1643 1714 1780 1760 quidem
1793 1713 1942 1748 sermone
1955 1715 2201 1763 &impolitum
2246 1716 2248 1718 ’

352 1764 414 1801 else
427 1765 555 1801 fatetur:
567 1763 736 1800 scientiam
745 1775 857 1799 tamen
868 1763 926 1800 sibi
935 1765 1100 1799 vendicat.
1108 1767 1284 1798 Sermonem
1294 1764 1348 1798 hic
1359 1774 1456 1797 vocat
1464 1763 1623 1797 dictionis
1634 1760 1853 1808 splendorem:
1869 1775 1905 1796 ac
1915 1764 2200 1810 perscientiam‚in-

353 1815 478 1863 telligit
490 1813 594 1863 ipsam
602 1814 761 1848 doetrinae
771 1811 994 1847 substantiam.
1004 1812 1302 1859 Qmadmodum
1314 1814 1405 1846 enim
1418 1814 1454 1845 in
1467 1810 1607 1845 homine
1617 1814 1660 1845 est
1676 1812 1788 1844 anima
1798 1816 1832 1844 ὅ(
1847 1822 1977 1858 corpus:
1995 1815 2040 1846 ita
2054 1816 2203 1848 etiamin

304 1903 305 1907 Ἰ
354 1865 510 1899 doctrina
523 1865 567 1899 est
576 1875 624 1897 res
635 1859 701 1910 ipsa
709 1875 781 1909 quae
794 1862 984 1900 traditur‚&
994 1862 1174 1896 verborum
1183 1872 1320 1901 ornatus
1330 1873 1399 1907 quo
1409 1860 1552 1894 vestitur.
1568 1860 1688 1894 Paulus
1701 1861 1810 1905 itaque
1821 1882 1832 1897 ‚
1851 1860 1932 1905 quid
1950 1861 2137 1896 docendum
2149 1862 2198 1901 sit,

357 1916 395 1948 ἃ
409 1913 489 1959 quid
498 1910 711 1946 necessarium
725 1908 762 1944 lit
772 1912 926 1957 cognitu,
936 1908 966 1944 se
977 1921 1088 1947 tenete
1102 1908 1218 1944 afferit:
1229 1921 1399 1955 vtcunque
1408 1921 1480 1943 non
1490 1907 1528 1942 sit
1537 1907 1697 1942 facundus
1715 1907 1900 1955 rhetor,qui
1910 1909 2098 1944 doffitrinam
2110 1908 2203 1945 suam

356 1963 492 1996 nouerit
504 1960 613 2008 polito
625 1963 659 1993 &
670 1957 832 2005 exquisito
844 1959 975 1992 dicendi
985 1970 1104 2005 genere
1114 1957 1282 1992 illustrare.
1293 1958 1353 1991 Sed
1363 1958 1520 2003 quaeritur
1530 1968 1645 1991 annon
1656 1955 1811 2004 Apostoli
1824 1955 1995 1990 necessaria
2005 1957 2043 1991 fit
2054 1961 2152 1992 etiam
2166 1960 2200 1994 di

357 2010 455 2044 cendi
468 2007 614 2042 facultas:
627 2008 755 2054 alioqui
765 2007 942 2054 quomodo
952 2017 1049 2041 erunt
1059 2006 1098 2040 ad
1106 2006 1293 2041 docendum
1304 2003 1443 2054 appositi
1455 2013 1464 2039 Ξ
1477 2004 1549 2039 aliis
1559 2003 1645 2038 forte
1656 2002 1816 2039 sufficeret
1827 2007 1980 2053 cognitio
1992 2018 2002 2036 .·
2013 2007 2132 2041 dorstet
2141 2020 2201 2042 au-

357 2068 427 2092 tem
438 2057 614 2104 quomodo
627 2058 761 2098 mutus?
773 2053 984 2103 Respondeo,
997 2054 1134 2089 Paulum
1147 2068 1218 2089 non
1227 2057 1272 2088 ita
1281 2052 1311 2089 se
1324 2054 1415 2088 fateri
1426 2051 1575 2088 sermone
1585 2055 1778 2100 imperitum
1791 2078 1800 2090 ,
1816 2053 1903 2100 quali
1915 2052 2045 2100 prorsus
2057 2054 2130 2089 effer
2147 2059 2200 2090 in-

358 2104 442 2142 fans:
454 2103 504 2140 sed
515 2107 594 2151 quia
605 2117 674 2138 non
686 2103 825 2151 polleret
835 2115 903 2138 tarn
913 2101 1080 2151 splendida
1087 2102 1280 2150 eloquentia
1288 2104 1390 2150 quam
1401 2101 1469 2140 alii,
1481 2102 1601 2149 puibus
1613 2104 1766 2135 concedit
1778 2102 1862 2135 hanc
1874 2104 2018 2149 palmam
2029 2130 2040 2143 ‚
2054 2102 2110 2138 sibi
2124 2107 2201 2140 reti·

357 2167 440 2190 nens
451 2154 543 2201 quod
555 2163 620 2187 crat
631 2154 835 2199 ptaecipuum
846 2164 915 2186 rem
927 2151 1030 2199 ipsam
1042 2150 1176 2189 scilicet,
1192 2151 1256 2186 illis
1272 2152 1463 2198 relinquens
1473 2151 1538 2184 line
1547 2152 1707 2197 grauitate
1725 2149 1975 2196 loquacitatem.
1987 2152 2091 2197 Quod
2100 2151 2200 2199 siquis

355 2214 454 2250 roget
464 2214 522 2237 cur
532 2203 704 2237 Dominus
714 2203 773 2247 qui
783 2199 915 2247 linguas
926 2200 1107 2235 hominnm
1119 2199 1361 2240 formauit,non
1372 2200 1556 2234 instruxerit
1568 2201 1667 2232 etiam
1677 2198 2041 2244 Apostolnmfacundia
2053 2226 2063 2240 ,
2074 2203 2200 2247 nequid

357 2250 409 2288 illi
419 2248 546 2285 deciset:
559 2248 742 2297 respondeo
757 2273 767 2287 ,
779 2248 828 2282 illi
844 2247 936 2283 fuiss'e
946 2248 1076 2283 abunde
1085 2250 1197 2283 datum
1209 2249 1300 2295 quod
1310 2247 1509 2295 eloquentiae
1522 2245 1687 2281 defectum
1699 2245 1872 2293 suppleret.
1885 2248 2043 2282 Videmus
2060 2251 2150 2283 enim
2162 2262 2200 2285 ac

356 2298 518 2335 sentimus
528 2310 652 2346 quanta
663 2298 810 2331 maiestas
821 2300 858 2332 in
869 2299 938 2332 eius
948 2295 1074 2344 scriptis
1087 2308 1183 2337 extet,
1198 2307 1321 2344 quanta
1333 2296 1475 2332 altitudo
1488 2298 1642 2332 emineat,
1654 2307 1817 2341 quantum
1833 2296 1963 2342 pondus
1982 2296 2199 2344 subfit‚quan-

356 2359 389 2383 ta
399 2350 449 2382 vis
460 2347 489 2382 se
500 2345 655 2395 proferat:
671 2344 814 2380 fulmina
824 2346 968 2392 denique
979 2344 1063 2383 suut,
1076 2359 1147 2380 non
1160 2345 1266 2380 verba:
1277 2358 1317 2379 an
1330 2358 1400 2379 non
1412 2344 1588 2379 dilucidius
1598 2345 1737 2391 Spiritus
1749 2341 1850 2378 sancii
1863 2342 2006 2379 efficacia
2017 2357 2151 2393 apparet
2162 2349 2198 2381 in

320 2438 322 2441 .
354 2396 444 2432 nuda
453 2395 632 2431 verborum
643 2392 823 2429 rusticitate
834 2394 884 2436 (vt
895 2396 940 2429 ita
951 2393 1080 2440 loquar)
1093 2395 1194 2440 quam
1205 2395 1240 2428 in
1251 2392 1421 2441 elegantia:
1432 2397 1464 2427 ὅ(
1475 2394 1594 2426 nitoris
1604 2391 1713 2425 latua?
1728 2392 1795 2426 'Sed
1806 2391 1912 2427 dehac
1925 2405 1956 2426 te
1969 2392 2067 2428 fusius
2079 2397 2196 2430 tracta-

355 2455 430 2478 tum
440 2446 485 2480 est
494 2446 530 2479 in
542 2442 708 2492 superiore
720 2441 878 2490 Epistola.
890 2444 925 2476 in
935 2440 1063 2477 summa
1073 2442 1272 2477 verbotenus
1282 2441 1399 2476 fatetur
1410 2441 1500 2487 quod
1512 2439 1678 2476 obiiciunt
1687 2438 1870 2474 aduersarii:
1883 2439 1984 2488 reipsa
1994 2454 2092 2489 negat
2104 2445 2198 2490 quod
2248 2453 2251 2456 '

357 2494 549 2529 intendunt.
563 2504 626 2526 nos
636 2503 772 2538 quoque
782 2493 853 2525 eius
865 2490 1020 2538 exemplo
1031 2503 1099 2526 rem
1114 2488 1273 2525 discamus
1284 2489 1390 2524 verbis
1401 2488 1561 2536 ptaeserre:
1571 2500 1669 2535 atque
1680 2500 1713 2522 vt
1724 2486 1965 2529 barbatumssed
1980 2489 2111 2538 vulgare
2120 2504 2200 2540 pro—

357 2541 512 2576 uerbium
524 2539 841 2588 vsurpem,Teneant
854 2538 910 2573 alii
923 2539 1002 2585 quid
1014 2541 1175 2576 nominis,
1187 2551 1248 2573 nos
1259 2550 1369 2572 autem
1383 2538 1462 2584 quid
1473 2539 1529 2572 rei.
1541 2539 1574 2571 Si
1584 2537 1707 2573 accedit
1718 2535 1961 2583 eloquentia‚s1t
1971 2550 2128 2584 tanquam
2139 2552 2199 2573 au-

359 2589 640 2624 &ariun1.·deinde
651 2600 722 2622 non
732 2586 922 2621 conferatur
933 2587 971 2620 ad
981 2585 1157 2621 fricandam
1170 2586 1220 2621 vel
1231 2586 1475 2622 adulterandam
1485 2586 1684 2623 doctrinam,
1704 2582 1757 2620 scd
1769 2587 1914 2631 genuina
1923 2584 2131 2634 simplicitate
2142 2601 2197 2624 ex-

357 2636 559 2686 plicandam.
592 2638 710 2670 Verum
721 2633 846 2679 vbique.
871 2637 963 2682 Qu
974 2634 1193 2682 magnificum
1208 2635 1364 2681 quiddam
1380 2646 1446 2668 erat
1455 2633 1483 2668 se
1494 2646 1619 2680 aequare
1630 2635 1802 2683 praecipuis
1815 2633 1982 2680 Apostolis
1994 2647 2003 2665 :
2018 2648 2059 2668 ne
2071 2635 2135 2670 hoc
2146 2649 2197 2670 ar-

358 2687 518 2732 rogantiae
530 2683 692 2719 tribuatur
701 2706 711 2720 ‚
723 2683 845 2718 iudices
856 2682 933 2718 facit
952 2683 1151 2717 Corinthios
1165 2684 1266 2717 modo
1282 2695 1319 2718 ex
1330 2681 1397 2730 ipsa
1407 2684 1607 2730 experientia
1619 2682 1776 2717 iudicent:
1790 2693 1866 2716 nam
1879 2680 1952 2716 fluis
1964 2682 2077 2717 multis
2091 2685 2196 2718 docu-

359 2730 483 2769 mentis
494 2744 703 2780 compertum
715 2730 880 2766 habebant
889 2755 899 2768 ,
921 2744 991 2766 non
1005 2730 1118 2765 frustra
1130 2729 1237 2779 ipsum
1250 2744 1356 2778 neque
1367 2730 1423 2765 abs
1433 2743 1466 2764 re
1477 2729 1622 2777 gloriari.
1633 2732 1672 2765 Se
1684 2741 1762 2777 ergo
1773 2728 1878 2763 verbis
1889 2729 1920 2763 su
1924 2726 2088 2776 persedere
2098 2732 2197 2768 intel-

361 2781 450 2830 ligit,
461 2784 539 2828 quia
549 2793 597 2814 res
608 2785 643 2816 δε
653 2782 853 2827 experientia
863 2779 947 2814 clare
959 2778 1125 2827 proferant
1137 2780 1299 2826 quicquid
1311 2780 1458 2814 dicturus
1469 2777 1553 2812 effer.

328 2887 331 2891 ,
416 2862 443 2896 7
499 2853 605 2897 Qum
614 2845 850 2900 illudpeccaui‚
862 2845 958 2900 quad
963 2845 1126 2901 meipsum
1134 2843 1391 2887 humiliauerim
1403 2854 1450 2882 vt
1456 2857 1525 2883 vos
1534 2843 1798 2883 exaltaremini:
1816 2838 1915 2896 qubd
1914 2849 2064 2897 gratuito
2078 2855 2194 2891 Euan-

355 2904 487 2962 gelium
499 2902 823 2958 Deipraedicauert‘m
834 2900 933 2940 vobis
948 2904 964 2940 ?
1889 2893 1894 2899 ¹

424 2962 445 2998 8
502 2965 644 2998 Cateras
659 2956 812 3009 Ecccefias
822 2957 1113 3011 depredatusfiam
1123 2969 1246 3014 accepto
1256 2956 1298 2997 ab
1308 2957 1547 3010 illisstipendio
1555 2970 1632 3010 ,quo
1651 2953 1751 2994 vobis
1760 2953 1966 3008 inseruirem.

423 3030 446 3061 9
502 3021 550 3055 Et
562 3027 667 3066 quum
683 3011 775 3067 apud
779 3027 846 3051 vos
861 3013 957 3068 effim
968 3013 1008 3058 ύ-
1018 3028 1161 3068 egerem,
1174 3029 1244 3053 non
1253 3013 1463 3066 onerosusfici
1474 3015 1648 3072 cuiquam:¹
1661 3027 1745 3051 nam
1756 3012 1855 3066 quod
1861 3011 1949 3050 mihi
1958 3013 2076 3054 deerat
2084 3046 2095 3061 ‚
2107 3016 2188 3072 [ἰφ-

360 3072 544 3129 pleuerum
542 3069 671 3125 fratres
682 3070 742 3123 qui
751 3079 923 3107 venerant
929 3083 977 3107 ex
986 3069 1219 3110 macedonia
1229 3090 1242 3110 .·
1267 3072 1308 3117 ἀ·
1316 3074 1355 3110 in
1365 3067 1574 3124 omnibusstc
1580 3067 1789 3122 meſsmam,
1805 3073 1902 3107 necui
1911 3067 2008 3124 essem
2019 3071 2192 3127 onerosus,

367 3139 470 3182 atque
478 3128 528 3165 ita
533 3122 687 3179 seruabo.

426 3197 469 3221 10
524 3181 584 3236 Est
598 3184 730 3220 veritas
746 3176 877 3220 Christi
897 3185 937 3221 in
946 3194 1001 3219 me
1012 3209 1022 3227 ,
1042 3183 1136 3236 quad
1144 3181 1210 3222 hac
1211 3182 1371 3239 gloriatio
1389 3195 1461 3220 non
1470 3185 1730 3233 interrumpetur
1745 3190 1858 3220 contra
1883 3194 1938 3220 me
1944 3183 1984 3220 in
2003 3180 2191 3239 regionibus

364 3237 541 3278 xAchaiae.
770 3252 773 3254 ·

428 3309 457 3332 11
523 3303 540 3326 ⁶
554 3298 745 3349 uapropter?
755 3309 802 3344 qn
811 3290 904 3348 qu3d
909 3307 981 3332 non
990 3291 1131 3349 diligam
1141 3306 1207 3333 vor
1216 3299 1232 3334 ?
1242 3302 1340 3336 Deus·
1350 3295 1457 3334 nouit.

418 3363 441 3389 ι
448 3365 465 3389 7.
521 3358 647 3391 Verum
657 3349 843 3409 quodfim'o
852 3378 863 3395 ,
881 3348 976 3393 idem
984 3349 1170 3405 &ficiam-
1181 3362 1227 3389 vt
1232 3362 1402 3407 amputem
1413 3348 1610 3406 occasionem
1621 3353 1665 3392 iis
1677 3354 1737 3406 qui
1746 3357 1882 3408 cupiunt
1891 3350 2086 3406 occastvnem
2099 3360 2144 3406 vt
2150 3353 2191 3395 in

2065 3409 2195 3455 quoglm-
