2268 3705
532 59 639 109 Ar>
688 59 1354 114 TIMOTH·CA1>-1'-
1408 118 1412 119 ⁷
1834 85 1903 130 473

132 153 149 190 ς
195 133 340 176 charita,-
355 148 394 172 ex
398 146 474 184 puro
484 133 595 177 corde.)
648 135 699 168 Ad
711 134 801 169 hunc
814 135 951 182 scopum
961 134 985 170 si
996 136 1062 171 Lex
1073 136 1242 184 dirigenda
1252 138 1296 172 est
1306 149 1342 172 vt
1361 138 1574 177 instituamur
1584 145 1620 179 in
1630 145 1786 183 charitate
1796 175 1808 190 ,
1838 160 1913 198 quae

78 205 116 228 ex
128 191 188 226 fide
200 194 231 224 ἃ
243 188 331 223 bona
342 183 542 221 couscientia
552 183 715 230 procedat:
728 181 873 230 sequitur
885 195 923 217 ex
932 183 1079 225 aduerso,
1090 183 1259 233 peruersos
1270 184 1330 220 esse
1340 187 1436 234 Legis
1445 189 1639 238 interpretes
1650 198 1708 240 qui
1717 197 1756 230 ad
1767 199 1910 237 curiosas

77 254 124 289 qu
130 240 273 274 aestioncs
284 238 353 272 eius
362 233 548 267 doctrinam
559 242 771 265 conuertunt.
783 231 947 266 Caeterum
957 246 1029 268 non
1039 236 1153 280 magni
1164 235 1308 274 interest,
1319 235 1512 271 charitatem
1523 238 1676 276 hocloco
1686 245 1725 277 ad
1736 256 1910 295 Vtramque

79 290 177 324 Lenis
190 284 345 320 tabulam,
358 293 399 315 an
410 281 449 314 ad
460 279 634 315 secundam
645 279 775 314 tantum
788 279 915 314 referas.
927 280 1083 317 Iubemur
1092 283 1204 316 Deum
1217 295 1254 316 ex
1263 293 1338 317 toto
1357 284 1455 319 corde
1464 285 1600 334 diligere
1610 311 1621 325 ‚
1644 294 1677 324 &
1690 296 1861 338 proximos
1873 308 1909 332 vt

78 316 309 380 nosmetipsos·
331 330 392 364 32d
405 340 510 375 quum
521 328 560 360 de
571 326 727 361 charitate
738 327 773 361 fit
786 330 914 362 mentio
927 331 963 363 in
974 331 1152 378 Scriptura,
1165 329 1277 378 saepius
1286 332 1326 365 ad
1335 330 1514 368 secundum
1539 337 1727 373 membrum
1739 343 1906 392 restringi-

77 397 140 419 tur.
157 380 221 417 Hic
236 379 370 427 quidem
386 389 456 412 non
466 374 649 410 dubitarem
661 377 771 410 Dei&
784 378 929 423 proximi
941 377 1133 412 charitatem
1146 378 1342 427 intelligere,
1352 379 1374 415 fi
1384 381 1491 416 solum
1502 383 1669 419 charitatis
1679 400 1806 423 nomen
1818 392 1908 438 pofi-

76 438 150 467 tum
162 428 235 465 effer
249 426 388 470 aPaulo.
401 423 451 459 sed
463 436 569 471 quum
581 424 674 457 addat
686 423 796 463 fidem,
808 429 842 459 &
853 425 979 470 bonam
990 424 1277 465 conscientiaim&
1289 440 1346 463 cor
1355 442 1563 477 purummou
1574 436 1631 467 erit
1642 434 1710 469 haec
1719 449 1820 482 quam
1831 439 1907 474 sub-

77 483 188 516 jiciam
201 500 210 514 ,
221 476 449 523 interpretatio
460 474 567 506 atiena
575 471 616 505 ab
627 474 696 506 eius
712 484 823 507 mente
832 496 842 510 ,
855 477 889 508 &
900 475 1138 509 circunstantiae
1149 475 1216 509 loci
1228 477 1302 523 apte
1313 477 1495 524 quadrabit.
1507 482 1586 517 Haec
1597 483 1696 530 Legis
1708 483 1836 521 summa
1849 489 1904 527 ests

72 540 108 563 vt
119 529 228 562 Deum
238 523 387 559 colamus
400 521 519 556 sincera
529 519 605 561 fide,
619 524 653 554 δε
664 533 745 568 pura
755 520 958 556 conscicntia
973 523 1109 557 :deinde
1124 535 1228 558 vtnos
1239 527 1359 559 mutuo
1374 538 1533 562 amemus.
1548 530 1696 578 quisquis
1711 534 1790 568 hinc
1829 535 1906 570 efle-

73 574 207 613 &151110
218 575 373 621 depr-ruat
385 572 508 617 Legem
518 570 632 606 Demo
643 570 790 603 alienum
803 569 904 604 finem
913 571 1154 618 detorquendo.
1163 573 1222 606 Sed
1232 572 1288 607 hic
1299 577 1443 609 exoritur
1453 576 1617 613 dubitatio
1628 605 1638 620 ‚
1660 581 1751 626 quod
1762 537 1905 665 clxijrita-

73 637 141 660 tem
153 622 228 657 fidei
238 619 385 670 praeferre
395 621 522 653 videtur
535 616 664 652 Paulus.
674 617 889 665 Respondet),
899 631 954 654 eos
965 622 1023 666 qui
1033 622 1078 653 ita
1086 618 1232 655 sentiunt
1243 647 1254 662 ,
1273 624 1375 656 nimis
1386 623 1553 669 pueriliter
1565 630 1766 664 ratiocinari.
1821 645 1905 679 eque

72 675 165 708 enim
178 670 198 705 si
211 671 350 705 charitas
360 670 470 717 priore
479 667 558 700 loco
570 668 777 706 nominatur,
788 667 864 701 ideo
874 670 1019 714 priorem
1031 667 1128 702 habet
1139 668 1279 703 honoris
1290 671 1438 717 gradum:
1453 675 1723 721 quandoquidem
1735 678 1832 714 simul
1842 683 1904 715 do-

71 732 124 756 cet
134 719 268 756 Paulus,
279 729 317 753 ex
328 715 390 751 fide
402 727 471 750 eam
485 725 627 748 manare.
641 712 744 748 Causa
754 726 865 749 autern
877 714 1029 750 effectum
1042 715 1136 751 suurn
1147 716 1298 765 profecto
1309 720 1425 753 ordine
1435 723 1607 756 antecedit.
1626 727 1664 759 Et
1675 725 1696 760 fi
1707 730 1767 762 rite
1777 741 1901 777 expen-

70 771 165 803 datur
177 778 267 801 totus
278 776 464 805 contextus,
476 762 610 811 perinde
621 762 703 796 valet
714 764 804 809 quod
815 762 934 798 Paulus
944 765 1024 798 dicit
1036 777 1072 799 ac
1083 764 1106 800 si
1116 763 1333 803 dixiffenfloc
1344 766 1485 811 consilio
1496 770 1568 804 data
1580 772 1677 808 nobis
1689 776 1732 809 est
1743 777 1809 810 Lex
1820 789 1854 811 vt
1865 780 1901 813 in
1930 806 1933 808 .

22 844 24 846 ,
47 829 56 834 -
71 817 135 852 fide
145 828 205 851 nos
216 816 367 853 erudiret,
379 825 451 861 quae
462 822 563 845 mater
575 810 618 844 est
628 810 723 845 bonae
735 810 943 846 conscientiae
956 817 990 846 &
1004 813 1182 848 charitatis.
1192 817 1240 849 Ita
1251 816 1422 850 exordium
1432 817 1450 851 a
1461 815 1536 859 fide,
1550 832 1621 854 non
1631 822 1648 854 a
1658 822 1816 859 charitate
1828 825 1900 861 fieri

70 865 177 901 debet.
191 864 262 898 Coi·
272 875 392 911 purum
405 865 438 896 δι
450 859 539 895 bona
558 858 759 893 conscientia
770 872 886 907 parum
897 863 982 895 i'nter
991 859 1020 895 se
1029 860 1194 897 differunt.
1214 865 1390 911 Vtrunque
1400 877 1438 899 ex
1451 863 1512 900 fide
1524 879 1645 902 manat.
1656 870 1745 907 Nam
1757 875 1795 907 de
1814 887 1900 921 puro

40 935 46 945 ⁴
71 915 169 950 corde
178 912 315 946 habetur
325 913 488 946 Asterum
500 907 706 953 15.b.9‚qu‹‘2d
716 909 806 941 Deus
815 906 876 942 fide
887 910 984 943 corda
992 909 1155 957 purificet.
1165 912 1216 945 De
1226 911 1316 947 bona
1325 911 1525 948 conscientia
1535 916 1666 951 testatur
1681 920 1902 968 Petrus,qubd

41 965 43 967 '
70 961 206 998 fundata
214 958 250 994 sit
262 963 295 993 in
305 958 540 994 resurreetione
550 956 687 991 Christi.
696 957 786 990 Hinc
796 957 896 1003 porro
911 957 1089 1005 docemur,
1111 959 1273 1006 nusquam
1283 959 1342 995 effe
1353 974 1462 997 veram
1473 963 1667 1000 charitatem
1676 989 1686 1004 ,
1702 967 1757 1002 vbi
1768 983 1838 1004 non
1857 972 1901 1005 est

67 1013 171 1046 timor
181 1010 255 1045 Dei,
268 1012 300 1042 ὅ(
313 1006 522 1042 conscientiae
534 1006 715 1051 integritas.
727 1005 798 1039 Nec
810 1004 926 1040 leuiter
936 1009 1198 1055 praetereundum
1211 1010 1266 1046 est,
1277 1010 1369 1057 qubd
1379 1010 1516 1058 singulis
1525 1013 1615 1048 addit
1632 1015 1786 1063 epitheta.
1803 1018 1901 1053 Nihil

69 1061 160 1095 enim
173 1059 276 1104 magis
287 1054 431 1102 vulgare,
444 1052 535 1088 ficuti
548 1052 633 1087 nihil
646 1055 749 1100 magis
760 1052 853 1087 facile
864 1055 918 1092 est,
929 1056 1029 1101 quam
1040 1053 1139 1090 fidem
1152 1060 1184 1091 &
1195 1056 1321 1092 bonam
1342 1058 1580 1095 conscientiam
1592 1065 1720 1098 iaClare.
1736 1066 1796 1099 Sed
1808 1079 1896 1113 quo-

68 1106 256 1154 tusquisque
266 1104 310 1139 est
320 1106 378 1151 qui
389 1103 482 1138 factis
493 1101 532 1136 ab
543 1104 639 1135 omni
649 1099 678 1135 se
689 1101 851 1149 hypocrisi
861 1115 1029 1138 remotum
1042 1102 1102 1138 effe
1114 1105 1313 1141 demonstret
1324 1114 1333 1140 ?
1344 1106 1522 1143 Praesertim
1533 1113 1720 1146 notandum
1732 1114 1776 1148 est
1786 1115 1898 1162 epithe

64 1167 140 1192 tum
150 1153 236 1190 fidei:
245 1165 314 1199 quo
328 1150 488 1199 fignificat
502 1149 651 1184 fallacem
661 1149 720 1184 effe
727 1152 799 1201 eius
808 1149 1056 1199 profeffionem‚
1067 1152 1124 1187 vbi
1133 1166 1205 1189 non
1215 1155 1348 1203 apparet
1357 1154 1447 1190 bona
1457 1155 1659 1194 conscientia
1669 1186 1679 1200 ‚
1689 1160 1746 1196 vbi
1757 1163 1897 1201 charitas

65 1205 97 1240 se
105 1216 175 1240 non
189 1205 301 1236 exerit.
312 1204 380 1235 lam
392 1210 497 1247 quum
509 1198 570 1233 fide
581 1199 707 1233 constet
719 1197 799 1232 lalus
811 1199 1068 1241 hominum‚fide
1076 1213 1188 1236 autern
1200 1208 1233 1238 ὃ(
1245 1205 1333 1239 bona
1343 1203 1546 1240 conscientia
1557 1210 1591 1241 δε
1602 1207 1760 1244 charitate
1769 1214 1897 1249 constet

66 1251 229 1304 perfeetus
243 1252 307 1284 Dei
315 1250 435 1286 cultus,
453 1247 539 1283 nihil
552 1250 674 1281 mirum
686 1246 708 1282 fi
720 1249 755 1295 iu
765 1246 816 1282 his
827 1247 946 1282 Paulus
956 1248 1135 1284 constituat
1144 1252 1242 1298 Legis
1251 1250 1424 1287 summam.

116 1305 138 1336 6
183 1301 218 1334 A
227 1296 521 1346 quibuspostqamm.)
571 1296 691 1330 Perstat
701 1298 735 1330 in
748 1296 939 1344 metaphora
949 1295 1050 1345 scopi,
1060 1297 1113 1332 vel
1123 1297 1209 1333 finis.
1219 1300 1309 1335 Nam
1322 1301 1458 1337 verbum
1467 1302 1583 1346 οἰςοχεῖγ
1593 1331 1603 1346 ,
1613 1308 1709 1342 cuius
1718 1311 1896 1356 participii'i

66 1349 124 1386 hic
134 1347 282 1386 habetur,
296 1345 457 1394 significat
467 1347 485 1380 a
495 1344 596 1392 scopo
607 1343 789 1384 deflectere,
802 1344 855 1378 vel
866 1344 1020 1379 aberrare.
1038 1347 1090 1380 Est
1100 1358 1212 1381 autern
1222 1347 1358 1395 insignis
1370 1348 1465 1385 locus
1474 1375 1485 1389 ,
1506 1365 1575 1398 quo
1585 1357 1759 1402 vamloqun'
1770 1360 1895 1394 conde-

63 1390 337 1434 mnat‘dodkrinas
350 1407 467 1428 omnes
480 1393 600 1440 quibus
613 1392 666 1426 hic
677 1405 760 1427 vnus
770 1391 845 1427 finis
855 1406 926 1427 non
938 1395 981 1428 est
988 1394 1233 1441 propofitus.Et
1242 1396 1339 1431 fimul
1349 1401 1504 1433 omnium
1518 1403 1652 1448 ingenia
1669 1407 1703 1438 δε
1714 1409 1894 1453 cogitatio-

61 1459 123 1485 nes
133 1445 323 1481 euanescere
331 1444 500 1482 admonet,
513 1441 567 1475 vbi
578 1440 643 1474 alio
655 1438 842 1489 respiciunt.
853 1443 934 1475 Fieri
949 1444 1084 1488 quidem
1095 1447 1218 1491 poterit
1236 1456 1271 1479 vt
1280 1445 1406 1480 multos
1418 1445 1466 1481 sui
1476 1448 1695 1485 admiratione
1715 1455 1895 1500 percellant

61 1494 196 1531 inutiles
208 1505 284 1540 argu
291 1494 343 1526 tia:
355 1505 362 1525 :
376 1492 434 1525 stat
444 1503 554 1524 tamen
566 1488 658 1523 Pauli
670 1487 828 1523 sententia
838 1512 848 1526 ,
860 1491 1034 1537 Qicquid
1045 1492 1080 1525 in
1090 1494 1210 1539 pietate
1221 1507 1292 1528 non
1303 1492 1459 1533 aedificat,
1478 1496 1538 1531 effe
1545 1510 1760 1539 ματαιολογιιιν.
1819 1517 1895 1539 uate

61 1541 273 1591 summopere
283 1540 470 1575 cauendum
479 1551 521 1573 ne
530 1537 619 1571 aliud
629 1549 811 1583 quaeramus
821 1539 857 1572 in
866 1536 1070 1574 sacrosansto
1081 1542 1146 1574 Dei
1154 1541 1267 1581 verbo,
1279 1543 1379 1590 quarn
1390 1541 1526 1580 solidam
1538 1545 1850 1588 aedificationem‚ne
1864 1555 1894 1586 i-

59 1589 114 1641 pse
129 1591 258 1637 alioqui
268 1591 303 1624 in
316 1588 412 1623 nobis
423 1587 566 1622 vindicet
576 1587 646 1619 eius
655 1583 792 1620 abusum
805 1597 873 1620 tam
884 1585 995 1622 seuero
1006 1588 1170 1636 exemplo.

180 1641 331 1674 volentes
339 1636 415 1681 effe.)
466 1635 549 1669 Non
561 1644 648 1667 taxat
660 1647 716 1668 eos
727 1637 786 1681 qui
795 1637 905 1682 aperte
915 1638 1116 1684 impugnant
1127 1638 1224 1685 Legis
1232 1638 1486 1680 doetrinamssed
1497 1645 1556 1690 qui
1567 1645 1680 1692 potius
1690 1644 1719 1680 se
1730 1650 1800 1682 eius
1811 1649 1894 1683 titu-

57 1687 94 1724 lo
103 1688 284 1723 venditant.
293 1684 390 1719 Tales
400 1693 498 1730 negat
508 1684 688 1729 quicquam
700 1681 1007 1732 intelligere‚quum
1017 1684 1180 1719 inutiliter
1190 1688 1225 1720 in
1236 1689 1473 1733 quaestionibus
1484 1692 1620 1728 curiosis
1628 1697 1803 1741 ingenium
1815 1695 1893 1730 fati-

57 1747 150 1786 gant.
159 1738 199 1771 Et
210 1733 305 1770 fimul
316 1744 433 1767 eorum
444 1733 666 1778 arrogantiam
678 1732 879 1780 perstringit,
893 1745 1000 1779 quum
1010 1733 1110 1773 addit,
1124 1736 1174 1767 De
1182 1734 1291 1779 quibus
1299 1735 1467 1783 affirmant.
1516 1740 1615 1776 Nulli
1632 1745 1723 1778 enim
1734 1744 1873 1779 audacio
1882 1764 1892 1770 -

57 1798 109 1820 res
120 1786 321 1833 reperientur
332 1782 371 1816 ad
381 1793 428 1815 res
439 1782 627 1826 incognitas
638 1780 760 1814 temere
771 1779 958 1819 afferendas,
968 1782 1069 1828 quam
1080 1780 1242 1817 eiusmodi
1251 1782 1436 1821 fabularum
1455 1790 1608 1836 magistri.
1620 1791 1778 1827 Videmus
1787 1792 1891 1828 hodie

55 1846 127 1882 quo
137 1832 216 1868 fastu
229 1835 262 1867 δε
274 1828 450 1878 supercilio
473 1828 672 1874 magistrales
684 1826 753 1863 suas
766 1829 1060 1864 determinationes
1068 1842 1120 1865 cre
1146 1842 1203 1866 ent
1227 1831 1417 1869 Sorbonicae
1428 1833 1557 1872 scholae.
1569 1837 1706 1884 Qibus
1717 1852 1828 1876 autem
1849 1842 1891 1876 de

53 1881 166 1917 rebus?
174 1893 293 1927 nempe
304 1891 374 1926 quae
384 1880 515 1926 penitus
526 1877 640 1910 abdita:
651 1875 682 1910 su
688 1887 723 1910 nt
735 1876 891 1911 humanis
903 1880 1059 1925 ingeniis,
1073 1843 1170 1914 nuilo
1181 1882 1354 1928 Scripturae
1365 1882 1466 1919 verbo
1479 1909 1490 1926 ,
1504 1885 1596 1920 nulla
1606 1900 1753 1935 vnquam
1764 1889 1892 1924 reuela-

54 1932 149 1965 tione
158 1927 335 1978 patefactae.
349 1927 477 1960 Maiore
488 1924 691 1960 confidentia
701 1928 931 1973 purgatorium
946 1927 1040 1961 suum
1050 1926 1218 1963 affirmant
1226 1952 1236 1967 ,
1253 1930 1354 1975 quam
1368 1943 1580 1969 mortuorum
1602 1936 1888 1973 resurrectionem.

96 1978 161 2012 uod
171 1978 210 2012 de
227 1978 424 2011 Sanxstorum
437 1972 665 2008 interceffione
683 1977 870 2008 commenti
882 1972 955 2009 sunt
965 1998 974 2012 ‚
986 1974 1045 2009 uisi
1056 1975 1215 2010 habeatur
1224 1988 1285 2024 pro
1293 1989 1384 2014 certo
1395 1980 1532 2016 oraculo
1543 2008 1552 2020 ‚
1570 1994 1675 2019 totam
1686 1985 1888 2033 religionem

53 2023 250 2062 conuulsam
261 2022 321 2058 effe
329 2023 512 2058 clamitant.
522 2021 617 2069 Qid
627 2022 665 2055 de
676 2021 855 2057 caelestibus
867 2023 1069 2061 hierarchiis,
1079 2025 1119 2058 de
1127 2023 1394 2065 relationibus&
1406 2026 1568 2065 similibus
1577 2037 1781 2068 commentis
1790 2046 1890 2069 com-

52 2072 177 2110 mentis
188 2083 452 2108 commemorem
463 2068 642 2104 immensos
653 2069 879 2115 labyrinthos?
911 2084 1014 2118 genus
1024 2071 1133 2120 ipsum
1144 2073 1188 2107 est
1198 2073 1382 2109 infinitum.
1401 2078 1440 2110 In
1450 2076 1501 2112 his
1511 2078 1671 2115 omnibus
1690 2085 1889 2129 pronuntiat

49 2121 233 2171 Apostolus
246 2119 376 2167 impleri
389 2119 479 2165 quod
490 2121 588 2152 veteri
600 2118 780 2165 prouerbio
790 2118 989 2153 celebratum
1002 2119 1059 2161 est,
1070 2121 1237 2156 Audacem
1248 2121 1308 2158 effe
1316 2122 1496 2160 inscitiam.
1504 2125 1645 2163 sicuti&
1657 2130 1697 2163 ad
1709 2128 1885 2166 Colofficas

0 2198 5 2207 .
44 2181 113 2206 ιε.
123 2182 160 2218 4,
170 2171 261 2207 dicit,
274 2168 409 2202 inflatos
420 2164 509 2201 sensu
519 2170 637 2206 carnis,
650 2168 684 2200 in
697 2179 730 2200 ea
741 2180 812 2214 quae
822 2165 973 2202 nesciunt
982 2166 1012 2202 se
1031 2170 1189 2216 ingerere.
1655 2173 1664 2176 “

97 2221 118 2254 8
167 2221 283 2253 Scimus
293 2215 375 2261 qnod
384 2217 439 2248 lex
448 2214 551 2253 bona.)
591 2217 713 2249 Iterum
729 2215 932 2249 calumniam
943 2228 1162 2265 praeoccupat,
1173 2230 1239 2265 qua
1249 2218 1357 2267 ipsum
1367 2221 1559 2269 grauabant.
1578 2226 1668 2261 Nam
1681 2229 1814 2273 queties
1826 2241 1885 2263 eo'-

51 2280 128 2303 rum
139 2267 352 2302 ostentationi
361 2262 531 2300 resistebat,
542 2264 607 2297 hoc
619 2262 707 2308 quasi
717 2262 833 2311 clypeo
844 2262 872 2297 se
882 2265 1070 2304 tuebantur,
1081 2267 1175 2311 Qd
1188 2271 1282 2314 ergo?
1296 2267 1386 2304 visne
1395 2268 1555 2318 sepultam
1568 2271 1627 2308 esse
1638 2276 1815 2321 Legem‚&
1827 2278 1888 2311 de-

53 2316 155 2352 letam
166 2327 201 2349 ex
212 2315 391 2349 hominum
404 2311 586 2345 memoria?
598 2312 728 2345 Fatetur
739 2323 817 2359 ergo
828 2311 959 2350 Paulus,
969 2324 1004 2347 vt
1016 2313 1076 2349 hac
1086 2314 1254 2350 calumnia
1264 2330 1319 2351 eos
1329 2318 1612 2365 depellat,bonam
1626 2317 1886 2371 elIFLegemssed

52 2363 148 2399 Vsum
160 2365 229 2398 eius
240 2362 428 2409 legitimum
440 2361 573 2406 requiri.
583 2358 639 2393 vbi
650 2372 897 2406 argumentatur
908 2361 924 2395 ὲ
935 2364 1135 2409 coniugatis.
1143 2363 1280 2399 Nomen
1293 2368 1383 2399 enim
1396 2370 1541 2415 Legitimi
1550 2368 1591 2404 ab
1603 2369 1670 2419 ipsa
1686 2375 1770 2420 Lege
1780 2372 1887 2408 dedu-

51 2414 147 2448 &um
156 2411 325 2447 est.verum
339 2408 423 2444 vltra
430 2408 649 2457 progreditur:
660 2420 737 2443 nam
749 2412 783 2444 &
798 2409 922 2458 Legem
930 2409 1069 2458 pulchre
1077 2423 1157 2446 curn
1166 2409 1220 2448 sua
1227 2412 1382 2449 domina
1389 2419 1571 2452 conuenire
1579 2419 1687 2458 docet,
1698 2423 1732 2454 δι
1744 2421 1883 2457 eandem

50 2463 88 2496 i'n
99 2459 186 2510 ipsos
197 2467 374 2506 retorquet.
489 2499 492 2502 Δ

95 2519 122 2552 9
170 2506 266 2557 Q⁰d
274 2505 346 2550 insto
356 2518 414 2539 non
431 2516 455 2539 tt
464 2509 537 2540 Lex
543 2509 604 2554 po.)
656 2506 739 2541 Non
754 2507 897 2541 instituit
906 2506 1087 2556 Apostolus
1098 2508 1260 2557 disputare
1269 2512 1309 2546 de
1321 2523 1395 2548 toto
1407 2513 1506 2562 Legis
1516 2514 1649 2550 officio:
1662 2516 1711 2551 sed
1722 2515 1881 2554 homines

50 2555 138 2609 ipsos
147 2555 288 2605 respicit.
299 2554 376 2590 Fere
387 2556 477 2589 enim
491 2557 660 2602 contingit
670 2566 704 2588 vt
715 2558 772 2600 qui
782 2553 903 2590 summi
913 2557 1010 2638 Legis
1020 2555 1136 2592 zelotae
1147 2559 1251 2593 videri
1261 2558 1427 2602 affectant,
1441 2573 1510 2597 tota
1520 2566 1587 2597 vita
1597 2564 1626 2597 se
1635 2566 1778 2612 prodant
1790 2566 1880 2603 sum-

50 2617 124 2642 mos
134 2603 194 2640 effe
203 2614 462 2652 contemptores.
473 2603 579 2637 Cuius
590 2606 635 2636 rei
646 2603 836 2650 praeclarum
848 2604 948 2638 hodie
970 2607 1122 2652 pecimen
1133 2605 1256 2642 relucet
1265 2611 1301 2643 in
1312 2608 1519 2646 assertoribus
1529 2613 1658 2647 iustitiae
1667 2626 1808 2663 operum
1816 2639 1827 2654 ‚
1842 2620 1880 2651 δε

49 2653 145 2690 liberi
153 2652 278 2688 arbitrii
290 2653 446 2699 patronis.
456 2652 621 2698 Perpetuo
633 2653 668 2685 in
680 2663 736 2685 ore
746 2651 869 2700 habent
879 2652 1057 2700 perfectam
1070 2656 1144 2688 vita:
1153 2651 1358 2691 sanctitatem
1369 2680 1379 2695 ‚
1393 2661 1510 2693 merita
1519 2682 1529 2697 ,
1540 2659 1777 2698 sarissa-stiones
1788 2678 1796 2698 ε
1808 2675 1879 2699 tota

49 2712 161 2737 autem
171 2704 238 2736 vita
252 2700 411 2736 clamitat,
422 2712 478 2733 eos
489 2698 661 2747 plusquam
674 2702 797 2746 impios
808 2704 841 2735 &
858 2699 1016 2748 profanos
1026 2699 1085 2736 effe
1096 2728 1105 2742 ‚
1115 2715 1298 2750 prouocare
1318 2704 1572 2754 quibuscunque
1582 2711 1784 2747 modisiram
1795 2713 1877 2751 Dei,

49 2745 88 2785 &c
97 2750 256 2785 iudicium
268 2750 336 2783 eius
347 2745 453 2782 secure
465 2758 687 2782 contemnere.
700 2747 879 2795 Magnifice
890 2748 1056 2784 extollunt
1066 2749 1202 2786 liberam
1213 2751 1344 2788 boni&
1359 2753 1436 2789 mali
1447 2755 1754 2795 electionemzfaetis
1764 2772 1878 2796 autem

75 2798 194 2833 rodunt
205 2796 234 2831 se
245 2795 304 2833 effe
315 2798 438 2831 Satanae
449 2797 626 2843 mancipia,
639 2800 672 2830 δε
683 2797 819 2842 quidem
828 2795 1012 2833 at&iffimis
1021 2796 1185 2834 seruitutis
1195 2802 1413 2849 compedibus
1424 2804 1577 2840 districta.
1608 2807 1726 2853 Qum
1739 2807 1818 2843 tales
1829 2808 1876 2843 εἰὶ-

49 2811 122 2882 fem
131 2845 222 2881 Pauli
233 2845 415 2882 aduersarii,
427 2855 460 2878 vt
473 2843 622 2879 stolidam
636 2855 751 2878 eorum
762 2843 973 2880 insolentiam
984 2845 1217 2894 compesceret,
1227 2851 1404 2886 admonuit
1421 2852 1544 2900 Legem
1560 2849 1621 2888 esse
1630 2855 1718 2902 quali
1729 2858 1793 2890 Dei
1804 2855 1875 2903 gla-

49 2895 144 2929 dium
154 2893 192 2927 ad
203 2892 287 2942 ipsos
299 2892 498 2941 iugulandos
509 2903 666 2927 exertum:
678 2891 734 2926 fibi
745 2893 823 2927 verb
833 2892 948 2941 suique
958 2893 1119 2930 fimilibus
1130 2909 1200 2931 non
1213 2895 1272 2932 effe
1281 2898 1410 2934 causam
1423 2912 1481 2935 cur
1490 2902 1614 2950 Legem
1633 2904 1762 2938 horrori
1773 2905 1824 2938 vel
1836 2919 1877 2940 o-

47 2945 107 2977 dio
122 2940 287 2981 haberent,
299 2954 370 2988 quae
382 2943 483 2977 iustis,
494 2941 559 2975 hoc
570 2941 612 2974 est
623 2943 686 2987 piis
698 2945 730 2974 δε
742 2940 940 2977 voluntariis
952 2944 1015 2977 Dei
1026 2942 1210 2980 cultoribus
1221 2959 1292 2980 non
1305 2945 1342 2982 fit
1351 2947 1490 2983 aduersa.
1538 2961 1574 2985 ec
1585 2963 1638 2985 me
1648 2951 1726 2986 latet
1735 2976 1745 2989 ,
1756 2952 1877 2988 doeens

49 2988 210 3041 quosdam
220 2993 308 3029 viros
320 2987 523 3024 subtiliorem
536 3001 571 3022 ex
582 2988 633 3022 his
644 2988 750 3023 verbis
763 2987 889 3025 sensum
902 2990 1026 3026 elicere:
1038 2991 1126 3037 quasi
1140 2995 1273 3040 penitus
1284 2994 1475 3044 theologice
1507 3011 1524 3032 e
1533 2999 1631 3044 Legis
1640 3009 1755 3035 natura
1765 2999 1878 3048 dispu-

49 3042 133 3073 taret
141 3037 270 3072 Paulus.
280 3036 458 3084 Colligunt
470 3040 572 3077 enim,
584 3038 707 3084 Legem
718 3035 853 3072 nihil‘ad
863 3037 951 3073 filios
960 3040 1036 3081 Dei,
1049 3042 1106 3086 qui
1117 3042 1240 3089 Spiritu
1251 3041 1325 3078 sunt
1335 3048 1514 3092 regenerati
1526 3067 1536 3086 ‚
1547 3049 1722 3093 pertinere:
1735 3050 1812 3094 quia
1825 3051 1878 3084 iu-·

50 3082 186 3122 stis‘non
195 3084 230 3119 sit
240 3084 312 3118 lata.
322 3086 381 3119 Sed
392 3085 459 3119 loci
469 3085 699 3119 circunstantia
711 3084 890 3132 simplicius
901 3100 954 3122 me
965 3090 1112 3135 accipere
1121 3093 1213 3138 cogit
1223 3091 1309 3126 hanc
1319 3092 1526 3128 sententiam.
1537 3095 1645 3128 Sumit
1655 3098 1746 3130 enim
1758 3095 1878 3144 vulga⁴

45 3147 81 3169 re
92 3132 173 3168 illud
184 3135 444 3181 principium‚Ex
456 3132 549 3169 malis
562 3132 711 3167 moribus
721 3145 811 3168 natas
823 3133 883 3168 effe
890 3133 996 3170 bonas
1005 3135 1102 3184 leges:
1111 3150 1149 3173 ac
1161 3140 1285 3186 Legem
1294 3142 1360 3175 Dei
1369 3138 1474 3176 asserit
1482 3141 1580 3176 latam
1592 3140 1652 3176 effe
1665 3144 1705 3178 ad
1717 3155 1886 3181 mercen--

48 3184 126 3217 dam
140 3181 323 3229 impiorum
333 3183 528 3227 nequitiam:
546 3183 624 3228 quia
641 3183 699 3228 qui
711 3180 826 3229 sponte
836 3181 920 3217 boni
930 3183 1019 3221 sunt,
1029 3186 1126 3233 Legis
1138 3189 1280 3235 imperio
1290 3201 1359 3223 non
1371 3190 1532 3236 indigent.
1545 3190 1648 3225 Nunc
1667 3194 1824 3238 quaeritur
1831 3203 1874 3229 an

48 3243 136 3266 vnus
145 3228 308 3277 quispiam
321 3228 512 3263 mortalium
524 3232 686 3263 eximatur
695 3229 736 3263 ab
745 3229 811 3264 hoc
820 3243 974 3266 numero.
991 3231 1203 3280 Respondeo,
1214 3235 1353 3270 Paulum
1365 3235 1421 3271 hic
1433 3240 1610 3272 nominare
1619 3236 1806 3280 iustos,non
1814 3245 1875 3289 qui

46 3278 110 3314 fint
120 3277 278 3313 omnibus
289 3278 436 3311 numeris
446 3276 585 3312 absoluti
597 3276 717 3324 (qualis
728 3291 830 3313 nemo
840 3281 1030 3326 reperietur)
1042 3280 1093 3316 sed
1103 3286 1162 3330 qui
1172 3286 1339 3331 praecipuo
1348 3285 1457 3318 cordis
1467 3283 1586 3320 affeetu
1599 3287 1638 3320 ad
1648 3285 1777 3324 bonum
1788 3287 1874 3338 aspi-

48 3336 171 3363 tantgvt
181 3324 247 3361 illis
257 3326 353 3374 pium
363 3323 555 3362 desiderium
564 3325 602 3362 sit
612 3324 701 3374 quasi
710 3325 763 3361 lex
773 3326 1093 3377 voluntatia‚absque
1102 3330 1214 3368 alieno
1223 3329 1369 3379 impulsu
1378 3343 1436 3368 aur
1444 3330 1646 3383 frenoAErgo
1655 3335 1874 3374 aduersarioni

1592 3383 1637 3432 Rq
1690 3386 1750 3434 iiij.

1925 1093 1945 1114 x.
1958 1085 2110 1128 Pet.3.gl.2'13·
