2268 3705
272 118 340 155 240
774 104 866 153 IN
916 102 1637 152 11·E·P18T·PAVLI

282 174 394 210 salutis
404 173 561 223 designet.
847 216 849 220 Ι
1743 211 1747 216 ff
1924 211 1928 216 ,

334 236 355 269 7
401 227 537 258 scientes
549 216 633 269 quod
644 222 925 269 quemadmodum)
964 226 1144 271 Vtcunque
1157 219 1512 271 pseudoapostolorum
1523 221 1701 257 calumniis
1712 222 1751 257 ad
1760 222 1894 271 tempus
1905 223 2030 273 abrepti
2042 225 2140 261 essent⁴

259 273 261 275 ’
285 272 450 308 nonnulli
459 285 500 307 ex
511 272 701 307 Corinthiis
714 295 724 310 ‚
736 285 771 307 vt
782 278 894 307 minus
905 271 1093 307 honorifice
1105 273 1144 305 de
1156 272 1259 305 Paulo
1272 271 1429 306 sentirent
1441 293 1451 308 ,
1461 271 1541 304 dum
1553 271 1709 305 videbant
1718 269 1876 319 probrose
1889 285 2001 308 coram
2014 277 2143 309 mundo

285 323 433 356 tractari:
445 320 521 356 illos
532 333 644 356 tamen
658 320 716 355 fibi
727 324 840 356 tamin
852 319 1077 355 afflictionum
1090 317 1274 357 consortio,
1285 320 1386 366 quam
1398 322 1432 353 in
1446 316 1498 366 spe
1510 318 1748 355 consolationis
1759 322 2060 370 adiungieprauam
2072 336 2143 357 nia>-

287 363 485 417 lignamque
495 382 612 404 eorum
623 372 835 418 opinionem,
848 372 929 402 citra
941 376 1087 415 apertam
1098 367 1581 415 reprehensioniem‚corrigens.

335 420 362 452 8<
408 417 496 452 Nolo
506 421 586 453 enim
596 431 654 451 vos
663 419 798 461 nescire.)
849 418 1108 451 Commemorat
1118 419 1340 451 certaminum
1352 417 1621 463 magnitudinem
1633 428 1669 450 ac
1679 415 1908 453 difficultatem
1922 432 1930 453 ε
1940 429 1974 453 vt
1985 420 2061 454 inde
2073 433 2144 454 me—

286 464 351 501 lius
362 469 510 502 vidtoria:
525 467 623 501 decus
634 465 770 500 eluceat.
780 467 904 512 Exquo
916 464 1044 499 miserat
1056 467 1202 512 priorem
1213 464 1548 513 Epistolam‚ia6tatus
1559 463 1663 499 suerat
1677 469 1809 514 magnis
1820 467 1985 515 periculis,
1996 472 2027 502 δι
2044 468 2146 503 vehe-

286 506 419 560 rnentes
433 514 574 550 insultus
587 512 790 548 sustinuerat.
805 512 1105 548 Verisimileautem
1116 513 1160 547 est
1170 513 1342 548 historiam
1354 511 1408 547 hic
1419 515 1559 560 attingi,
1575 525 1676 560 quam
1688 511 1795 549 narrat
1806 517 1912 550 Lucas
1922 518 1996 551 Act.
2011 528 2087 559 19.e.
2095 528 2140 561 23.

286 575 482 611 quanquam
495 563 564 596 illic
577 576 647 596 non
658 561 740 596 adeo
751 564 907 610 exprimit
917 573 1083 608 quantum
1095 559 1192 596 fuerit
1204 561 1390 596 discrimen:
1401 558 1454 595 sed
1465 574 1571 607 quum
1583 559 1699 596 referat
1713 574 1818 606 totam
1828 563 1943 598 vrbem
1956 565 2143 603 tumultua-

285 623 356 646 tam
368 609 554 651 fuisse,hinc
565 610 691 658 reliqua
703 609 860 658 colligere
872 621 1069 659 promptum
1080 611 1134 644 est.
1147 611 1276 644 Scimus
1287 613 1378 645 enim
1391 611 1472 656 quid
1484 610 1564 644 ferre
1576 608 1675 645 soleat
1685 610 1801 646 seditio
1811 611 1984 660 popularis
1996 636 2007 651 ‚
2024 626 2060 647 ex
2073 626 2144 660 quo

287 659 387 695 semel
402 657 522 701 exarsit.
538 659 610 693 Hac
622 657 880 707 persequutione
890 659 1010 693 Paulus
1028 657 1059 693 se
1069 657 1152 692 vltra
1164 656 1409 693 modumsfuisse
1423 670 1597 706 grauatum
1608 658 1703 693 refert
1715 673 1722 693 :
1735 660 1853 695 deinde
1865 659 1959 708 supra
1967 664 2064 703 vires,
2077 662 2146 696 hoc

288 710 381 746 estun
393 720 449 755 par
460 720 530 741 non
542 705 616 741 esset
631 710 726 742 oneri
737 706 936 742 sustinendo.
953 708 1008 742 Est
1021 708 1112 741 enim
1125 708 1318 754 metaphora
1332 707 1460 755 sumpta
1472 706 1511 741 ab
1522 719 1561 742 iis
1578 710 1636 753 qui
1650 707 1708 742 sub
1720 709 1876 756 ponderis
1885 711 2044 755 grauitate
2064 709 2146 744 desi-

287 759 395 791 ciunt:
409 754 460 790 vel
471 759 489 790 a
501 755 642 791 nauibus
652 768 725 803 quae
736 758 845 790 nimio
856 768 957 790 onere
966 753 1116 803 depressae
1127 767 1342 803 merguntur:
1370 769 1440 790 non
1451 759 1530 802 qziia
1541 755 1606 804 ipse
1614 756 1821 791 succubuerit
1831 781 1841 795 ‚
1859 755 1914 792 sed
1925 760 2003 804 quia
2015 757 2145 792 senserit
2180 776 2184 779 ⁴

288 807 373 839 vires
389 803 445 840 sibi
457 803 670 843 deficeremisi
681 805 855 839 Dominus
866 816 996 839 nouum
1010 803 1111 838 robur
1120 802 1298 838 addidisset.
1348 802 1438 838 the
1448 807 1517 837 vica
1527 817 1644 850 quoque
1657 808 1758 840 anxii.
1816 806 1893 840 Hoc
1907 806 1962 842 est,
1980 817 2015 840 vt
2025 807 2064 840 de
2078 809 2145 840 vita

291 866 365 887 mea
375 855 489 888 airum
501 855 567 887 iam
579 864 728 901 putarem
738 867 746 887 :
757 853 808 887 vel
820 852 905 887 certe
917 864 1078 900 perquam
1089 854 1206 900 'exigua
1216 851 1284 901 spes
1295 853 1380 887 milii
1393 853 1539 887 restaret:
1553 853 1694 900 qualiter
1705 851 1815 889 affecti
1828 853 1888 890 effe
1903 849 2009 888 solent
2020 854 2144 901 quibus

288 902 438 948 vndique
451 900 583 936 inclusis
599 900 730 936 nullum
742 913 830 950 patet
840 899 1013 949 effugium.
1031 899 1243 948 Ergonetam
1252 899 1421 935 animosus
1432 901 1555 936 Christi
1567 901 1662 937 miles
1672 925 1683 940 ‚
1695 912 1764 936 tam
1780 901 1875 937 sottis
1885 901 2006 936 athleta
2018 903 2145 937 viribus

290 949 528 984 destituebatur
539 951 577 984 ad
590 952 707 984 mortis
718 952 983 998 expectationem
993 955 1008 984 ?
1033 947 1175 984 Causam
1187 952 1278 984 enim
1290 953 1358 984 eius
1370 962 1470 996 quam
1482 950 1622 989 dixerat,
1637 948 1739 999 pressu
1746 963 1797 988 rae,
1812 951 1957 989 adducit,
1970 952 2062 998 quod
2072 955 2147 987 vita:

288 996 541 1041 diffideret.1am
552 1001 619 1033 dixi
630 997 770 1032 Paulum
781 1011 852 1033 non
862 996 1053 1033 metirisuas'
1061 999 1146 1032 vires
1155 1000 1220 1032 Dei
1229 997 1430 1038 auxilio‚,1'ed
1440 1002 1581 1047 proprio
1593 998 1755 1033 facultatis
1766 997 1827 1033 suae
1838 997 1939 1034 sensu.
1949 1012 2020 1034 non
2033 1001 2076 1035 est
2087 1014 2148 1035 au-

291 1059 360 1081 tem
372 1046 512 1082 dubium
523 1049 606 1094 quin
621 1058 739 1081 omnes
750 1048 904 1081 humanae
915 1049 999 1081 vires
1010 1073 1020 1086 ,
1031 1048 1150 1081 mortis
1167 1046 1299 1081 horrori
1315 1045 1541 1082 succumbant.
1568 1048 1670 1082 Porri>
1680 1048 1808 1082 sa116tos
1824 1060 1960 1094 quoque
1971 1049 2010 1082 de
2021 1051 2145 1083 virium

289 1095 421 1131 dest-stu
433 1096 611 1143 periclitari
622 1093 745 1135 necesse
755 1096 810 1136 est,
823 1106 857 1129 vt
866 1093 928 1129 sua:
939 1088 1143 1129 infirmitatis
1153 1094 1328 1132 admoniti,
1342 1094 1485 1143 pendere
1497 1094 1626 1142 prorsus
1636 1096 1676 1130 ab
1688 1109 1756 1130 vno
1769 1097 1858 1133 Deo,
1873 1096 2008 1135 discant,
2027 1110 2147 1144 quem-

288 1145 474 1178 admodum
484 1143 649 1191 sequitur:
666 1147 699 1178 &
710 1155 822 1178 tamen
832 1143 936 1179 malui
945 1143 1151 1186 ἐξαπορὲἶσθσ-ι,
1162 1145 1258 1178 cuius
1269 1146 1426 1177 meminit
1437 1143 1555 1178 Paulus
1564 1171 1574 1184 ,
1593 1144 1782 1192 simpliciter
1792 1145 1831 1179 de
1842 1145 1969 1192 trepida
1982 1148 2146 1180 anxietate

289 1196 485 1241 exprimere,
500 1193 601 1239 quam
617 1204 695 1227 cum
706 1191 842 1227 Erasmo
853 1204 977 1228 vertere
987 1204 1174 1241 per-§focem
1186 1192 1373 1241 Desperare:
1384 1194 1462 1238 quia
1471 1191 1557 1227 nihil
1568 1191 1654 1228 aliud
1665 1192 1825 1240 intelligit
1843 1216 1853 1231 ,
1865 1193 1968 1241 quam
1977 1192 2007 1228 se
2018 1193 2146 1229 vltimis

289 1242 448 1288 angustiis
461 1232 554 1276 fuisse
562 1241 793 1282 constrststum,
805 1252 840 1276 vt
851 1240 944 1276 nulla
953 1252 1074 1276 extaret
1085 1240 1245 1276 seruandae
1254 1243 1328 1276 vitae
1341 1243 1436 1276 ratio.

340 1301 361 1333 9
411 1290 596 1337 Qinetiam
603 1284 787 1332 seutentiam
796 1293 899 1324 mortis
907 1293 927 1334 .)
962 1291 1026 1325 Pro
1038 1304 1077 1325 eo
1089 1303 1132 1338 qu
1138 1291 1180 1324 od
1189 1291 1416 1331 dicimus,1am
1428 1290 1511 1325 mihi
1522 1289 1743 1326 constitutum
1752 1290 1805 1326 vel
1815 1292 1984 1326 decretum
1994 1302 2059 1326 erat
2070 1304 2148 1326 mo—

290 1339 329 1372 ri:
344 1336 395 1372 sed
407 1349 580 1373 mutuatur
589 1337 844 1373 similitudinem
855 1338 893 1373 ab
905 1341 944 1372 iis
953 1341 1012 1385 qui
1022 1340 1061 1373 ad
1072 1350 1216 1375 mortem
1226 1340 1387 1379 damnati,
1397 1339 1481 1374 nihil
1492 1339 1581 1374 aliud
1591 1341 1691 1386 quam
1703 1339 1820 1377 horam
1832 1343 1948 1374 mortis
1959 1353 1995 1375 ex
1998 1343 2145 1388 pectant.

289 1388 387 1421 Dicit
399 1398 513 1421 tamen
523 1387 608 1421 hanc
624 1385 816 1422 sententiam
830 1387 888 1422 sibi
900 1386 992 1422 fuisse
1003 1391 1255 1435 pronuntiatam
1267 1389 1284 1422 a
1293 1387 1408 1436 seipso.
1434 1401 1505 1435 quo
1518 1387 1679 1436 significat
1691 1385 1720 1423 se
1731 1391 1896 1436 opinione
1907 1387 1961 1423 sua
1976 1390 2148 1424 adiudica-

289 1447 365 1470 tum
376 1434 468 1470 suiffit
480 1437 637 1469 mortime
647 1435 797 1470 videatur
806 1449 844 1470 ex
854 1438 918 1471 Dei
929 1436 1133 1471 reuelatione
1142 1434 1298 1471 habuisse.
1309 1437 1387 1471 Plus
1398 1436 1442 1471 est
1457 1439 1558 1484 igitur
1567 1436 1735 1471 decretum
1748 1438 1814 1472 hoc
1827 1450 1928 1484 quam
1939 1438 2143 1480 ἐξαπορὲἴσθαι,

287 1485 386 1519 cuius
403 1486 618 1521 meminerat,
641 1487 720 1530 quia
732 1483 888 1529 illiclvitae
904 1483 1107 1523 diffidentia,
1120 1484 1176 1519 hic
1187 1496 1275 1520 certa
1287 1497 1376 1519 mors
1387 1509 1397 1522 ,
1415 1486 1581 1532 Praecipue
1594 1494 1705 1520 autem
1717 1486 1882 1533 nqtandus
1901 1486 1946 1520 est
1957 1485 2032 1520 finis
2069 1500 2148 1521 uem

288 1530 472 1579 subiungit:
488 1532 526 1566 eb
540 1530 734 1567 necessitatis
748 1531 776 1566 sle
790 1531 882 1567 fuisse
893 1533 1061 1568 redactum
1072 1559 1082 1571 ,
1103 1547 1146 1568 ne
1156 1532 1214 1567 sibi
1225 1532 1416 1568 confideret.
1433 1534 1554 1581 Neque
1564 1534 1643 1568 vcro
1655 1536 1782 1582 recipio
1792 1534 1884 1582 quod
1893 1536 1938 1568 ait
1949 1500 2149 1580 Chrysbsto-

290 1593 454 1618 musmon
464 1579 640 1628 indiguisse
650 1580 854 1629 Apostolum
868 1580 925 1615 tali
936 1583 1093 1616 remedio:
1107 1580 1157 1616 sed
1168 1594 1356 1630 proponere
1366 1581 1396 1617 se
1406 1581 1479 1617 aliis
1489 1581 1579 1629 quasi
1589 1581 1705 1622 fictum
1720 1581 1971 1631 exemplar.Erat
1981 1586 2071 1618 enim
2081 1584 2149 1618 ho-

288 1641 348 1664 mo
359 1628 600 1664 communibus
617 1629 800 1664 hominum
812 1627 1015 1678 passionibus
1025 1629 1152 1677 alioqui
1162 1629 1330 1666 obnoxius
1339 1657 1349 1672 ‚
1383 1643 1455 1666 non
1464 1630 1580 1678 frigori
1590 1629 1722 1665 tantiim
1732 1635 1767 1666 ξ(
1779 1632 1881 1666 calori
1895 1642 1904 1663 t
1933 1629 1984 1666 sed
1992 1631 2150 1680 peruersae

286 1676 513 1718 confidentiae,
523 1680 712 1715 temeritati,
731 1681 765 1714 &
775 1676 947 1713 similibus.
967 1679 1050 1714 Non
1060 1679 1137 1714 dieo
1148 1677 1311 1714 eiusmodi
1320 1680 1411 1714 vitiis
1421 1692 1497 1716 eum
1508 1677 1731 1717 laborassesed
1740 1681 1817 1715 dico
1825 1678 1966 1728 potuisse
1977 1679 2146 1728 solicitari:

286 1736 388 1772 atque
402 1726 468 1761 hoc
480 1724 572 1760 fuisse
585 1728 782 1767 temedium,
794 1728 888 1773 quod
899 1728 990 1762 Deus
1000 1729 1036 1762 in
1046 1738 1197 1775 tempore
1207 1726 1367 1775 opposuit
1377 1750 1388 1765 ‚
1410 1741 1453 1763 ne
1465 1729 1500 1763 in
1513 1730 1583 1763 eius
1593 1730 1747 1764 animum
1757 1740 1979 1776 penetrarent.
2004 1730 2148 1765 Proinde

288 1772 347 1809 hic
358 1774 425 1809 duo
438 1773 512 1810 sunt
529 1773 747 1810 obseruanda:
764 1774 875 1823 primo
887 1801 897 1816 ,
917 1785 986 1810 tam
998 1774 1279 1858 esselperuicacem
1290 1778 1398 1812 carnis
1422 1774 1579 1812 fiduciam
1587 1789 1653 1823 qua
1663 1775 1776 1811 sumus
1788 1776 1912 1817 inflati,
1924 1788 1960 1813 vt
1970 1791 2041 1812 non
2051 1778 2147 1813 aliter
2171 1772 2174 1776 ⁴

291 1823 456 1870 prosterni
467 1834 566 1870 queat
576 1824 676 1871 quam
687 1824 767 1858 dum
780 1826 815 1858 in
826 1835 1007 1858 extremam
1021 1824 1060 1858 de
1075 1826 1283 1872 perationem
1293 1825 1514 1860 concidimus.
1528 1826 1620 1860 Nam
1631 1836 1666 1860 vt
1677 1823 1710 1859 su
1737 1824 1812 1860 erba
1821 1826 1865 1859 est
1874 1837 1951 1860 cato
1959 1852 1970 1866 ,
1983 1839 2092 1873 neque
2103 1825 2147 1861 li·

288 1872 406 1907 benter
415 1872 513 1911 cedit,
521 1884 634 1918 ⁴neque
645 1870 835 1907 insolescere
844 1870 973 1913 definit,
984 1871 1046 1907 nisi
1056 1874 1181 1908 coacta:
1194 1885 1302 1920 neque
1312 1872 1388 1907 ante
1399 1874 1439 1907 ad
1448 1886 1558 1908 veram
1574 1838 1824 1908 submiffiznem
1834 1874 2150 1922 addudmunquiim

287 1919 440 1954 violenta
447 1922 514 1962 ‚Dei
528 1933 629 1955 manu
641 1920 674 1955 fu
680 1923 802 1955 erimus
812 1921 941 1956 deiesti.
952 1921 1118 1966 Secundo,
1141 1923 1176 1955 in
1187 1920 1306 1957 sanctis
1316 1934 1453 1968 quoque
1463 1923 1582 1956 liaerere
1592 1922 1692 1956 huius
1702 1921 1813 1956 morbi
1823 1922 1989 1969 reliquias:
2003 1923 2148 1970 ideoque

288 1967 370 2016 saepe
381 1967 467 2016 ipsos
479 1968 583 2016 redigi
596 1969 636 2003 ad
646 1981 803 2009 extrema,
813 1980 847 2004 Vt
861 1972 956 2003 omni
969 1967 1017 2004 sui
1026 1967 1229 2004 confidentia
1239 1972 1341 2011 exuti,
1351 1969 1576 2005 humilitatem
1587 1968 1721 2005 discant:
1735 1971 1806 2005 imo
1816 1981 1885 2005 tam
1896 1969 2075 2018 profundas
2086 1969 2147 2007 esse

291 2015 373 2051 mali
384 2019 452 2050 eius
463 2018 585 2051 radices
599 2019 633 2051 in
645 2017 827 2051 hominum
838 2018 1012 2058 animis,vt
1023 2031 1065 2051 ne
1076 2016 1303 2065 perfectissimi
1314 2019 1450 2065 quidem
1460 2018 1500 2053 ab
1511 2032 1552 2053 eo
1561 2021 1694 2066 penitus
1705 2030 1923 2067 repurgentur
1931 2042 1940 2056 ‚
1958 2020 2066 2054 donec
2077 2019 2146 2055 illis

291 2076 439 2099 mortem
449 2067 540 2100 Deus
552 2065 710 2099 ostendat.
722 2071 832 2112 Atque
844 2066 922 2099 hinc
935 2064 1163 2113 colligendum
1176 2067 1219 2100 est
1229 2077 1393 2113 quantum
1404 2066 1570 2114 displiceat
1581 2069 1656 2101 Deo
1669 2066 1772 2102 nostri
1785 2065 1905 2101 fiducia
1916 2080 1923 2101 ι
1934 2070 2029 2102 cuius
2039 2070 2149 2102 cor'ri-

288 2114 405 2161 gcndae
417 2115 529 2160 gratia,
547 2116 649 2148 morti
662 2127 724 2148 rios
739 2113 918 2147 adiudicari
928 2125 1071 2162 oportet.
1122 2113 1185 2147 Sed
1193 2117 1224 2148 in
1235 2117 1301 2148 Deo
1310 2115 1492 2160 quifhsbitat
1510 2126 1646 2149 mortuos.
1705 2118 1810 2150 Sicuti
1820 2117 1906 2150 moti
1922 2128 1985 2150 nos
1996 2114 2145 2163 primum

287 2161 415 2196 necesse
425 2162 479 2199 est.
494 2172 529 2195 vt
540 2161 666 2197 abiecta
678 2162 779 2196 nostri
791 2160 923 2199 fiducia,
935 2167 969 2196 ὅ(
979 2163 1096 2197 nostrae
1108 2161 1311 2197 infirmitatis
1326 2163 1550 2202 conscii,nihil
1562 2163 1661 2199 nobis
1670 2175 1872 2211 arrogemus:
1888 2166 1933 2197 ita
1943 2177 2015 2198 non
2026 2164 2099 2199 satis
2111 2165 2146 2200 id

288 2202 467 2250 stierir‚nifi
478 2208 563 2244 vltra
574 2223 761 2258 pergamus.
773 2212 977 2258 Incipiamus
989 2222 1068 2258 ergo
1079 2212 1098 2245 a
1107 2209 1332 2259 desperatione
1342 2210 1511 2249 nostti‚sed
1522 2223 1556 2247 vt
1569 2215 1604 2247 iii
1613 2214 1688 2247 Deo
1699 2210 1872 2262 speremus:
1882 2213 2098 2247 concidamus
2109 2215 2146 2248 in

290 2258 403 2295 nobis,
417 2256 469 2292 sed
477 2261 687 2306 vterigamui·
700 2261 769 2293 eius
779 2261 1039 2305 yirtute.1taque
1047 2258 1169 2294 Paulus
1180 2262 1215 2294 in
1226 2260 1372 2295 nihilum
1383 2261 1514 2295 redasto
1528 2263 1635 2295 carnis
1645 2260 1723 2295 fastu
1738 2284 1748 2298 ,
1770 2272 1848 2294 mox
1858 2259 2013 2294 fiduciam
2024 2263 2058 2295 in
2070 2262 2145 2296 Defi

291 2306 555 2348 recumbentem,
566 2310 635 2341 eius
646 2306 724 2342 loco
737 2306 911 2343 substituit.
925 2307 1009 2341 Non
1023 2309 1058 2342 in
1070 2307 1179 2346 nobis,
1191 2310 1301 2355 inquit
1312 2332 1322 2346 ,
1332 2306 1427 2343 sedin
1436 2310 1521 2343 Deo.
1530 2309 1723 2357 Epir-herum
1735 2309 1826 2355 quod
1835 2306 1982 2355 sequitur
1992 2335 2003 2349 ‚
2017 2312 2145 2357 aptauit

291 2354 412 2390 Paulus
425 2356 664 2390 circumstantia:
674 2357 863 2402 argumenti
873 2369 881 2389 :
894 2356 1181 2402 quemadmodum
1191 2357 1231 2390 ad
1241 2358 1417 2391 Romanos
1428 2368 1466 2402 4.
1477 2370 1506 2392 c.
1519 2368 1566 2397 17,
1578 2356 1633 2392 vbi
1647 2358 1686 2391 de
1696 2356 1865 2391 Abraham
1878 2357 2039 2403 loquitur.
2049 2358 2142 2393 Nam

292 2404 436 2438 Credere
447 2406 482 2438 in
491 2406 603 2438 Deum
614 2406 672 2451 qui
684 2415 828 2438 vocatuea
837 2416 909 2450 quae
919 2417 990 2438 non
1001 2404 1074 2438 sunt
1083 2413 1244 2451 tanquam
1254 2403 1326 2440 sint:
1334 2409 1368 2440 &
1376 2407 1507 2452 Sperare
1517 2408 1553 2440 in
1566 2405 1644 2439 Deo
1653 2407 1711 2452 qui
1722 2403 1852 2440 suscitat
1865 2409 2144 2454 mortuostperin‘-

292 2452 335 2486 -de
343 2451 429 2485 valet
439 2463 537 2498 atque
549 2451 605 2486 fibi
618 2464 806 2500 proponere
816 2455 851 2486 iu
863 2451 1013 2499 scopum,
1023 2453 1088 2487 Dei
1098 2455 1285 2501 potentiam
1298 2455 1333 2487 in
1342 2454 1491 2488 creandis
1498 2466 1536 2487 ex
1546 2453 1656 2487 nihilo
1666 2452 1779 2489 electis
1791 2450 1906 2494 suis‚&
1919 2458 2062 2489 mortuis
2073 2451 2140 2490 susl-

292 2500 542 2536 citandis.Dicit
552 2513 631 2548 ergo
640 2498 772 2537 Paulus,
787 2499 856 2534 Sibi
870 2511 1013 2534 mortem
1021 2511 1097 2534 ante
1107 2500 1225 2536 oculos
1237 2499 1330 2536 fuisse
1340 2501 1479 2550 positam
1489 2525 1499 2540 ‚
1511 2512 1548 2544 vt
1556 2503 1620 2536 Dei
1629 2503 1787 2536 virtutem
1799 2502 1876 2536 inde
1890 2501 2009 2536 melius
2022 2500 2142 2550 agnos-

293 2558 393 2584 ceret,
406 2557 471 2595 qua
481 2550 638 2586 excitatus
648 2548 722 2583 esser
733 2550 913 2586 amortuis.
923 2549 1003 2583 Hoc
1015 2549 1149 2595 quidem
1159 2553 1251 2597 prius
1261 2550 1304 2584 est
1314 2550 1430 2585 ordine
1445 2576 1455 2591 ‚
1465 2551 1576 2584 Deum
1588 2562 1625 2584 ex
1640 2551 1756 2597 vigore
1766 2563 1867 2597 quem
1876 2549 1975 2585 nobis
1985 2549 2140 2598 suppedi⁴

294 2595 531 2642 tat,agnoscere
541 2599 616 2632 vitae
627 2597 813 2631 authorem:
824 2592 876 2631 sed
885 2598 965 2643 quia
972 2607 1108 2644 propter
1117 2597 1352 2633 hebetudinem
1362 2599 1507 2634 nostram
1516 2597 1573 2634 lux
1584 2600 1658 2633 vitae
1672 2597 1789 2634 oculos
1799 2597 1879 2646 saepe
1891 2596 1990 2634 nobis
2000 2600 2141 2647 persttin

293 2646 480 2691 guntionis
492 2645 626 2680 obiectu
636 2645 676 2680 ad
685 2647 796 2680 Deum
808 2646 925 2680 adduci
935 2645 1058 2679 necess'e
1069 2646 1122 2680 est.

345 2703 382 2726 10
431 2692 499 2740 φή
509 2706 549 2727 ex
559 2704 647 2728 tama
660 2703 751 2727 morte
761 2695 892 2741 eripuit.)
942 2692 1008 2728 Hic
1018 2694 1056 2728 ad
1067 2691 1157 2728 suam
1168 2690 1342 2741 personam
1360 2692 1504 2742 applicat
1513 2695 1603 2741 quod
1613 2695 1736 2729 dixerat
1746 2695 1781 2728 in
1792 2706 1910 2742 genere
1921 2708 1930 2728 :
1953 2698 1987 2730 &
1998 2696 2142 2742 gratiam

296 2741 363 2774 Dei
374 2741 723 2787 praedicando‚testatur
735 2740 765 2776 se
776 2741 916 2776 minime
929 2739 983 2776 sua
993 2744 1222 2789 expetitatione
1233 2741 1324 2777 fuisse
1333 2742 1540 2778 frustratum:
1561 2746 1639 2790 quia
1650 2742 1717 2790 ipse
1726 2755 1862 2789 quoque
1872 2755 1910 2777 ex
1921 2754 2029 2777 morte
2039 2741 2139 2778 fuerit

299 2787 549 2836 ereptus‚eaqiie
559 2803 630 2824 non
641 2789 779 2837 vulgari.
792 2792 969 2838 Qntum
978 2790 1018 2823 ad
1029 2790 1167 2824 modum
1178 2789 1338 2837 loquendi
1349 2790 1453 2838 specta
1459 2803 1482 2825 r:
1492 2805 1564 2826 non
1572 2793 1616 2826 cst
1627 2790 1772 2826 insolens
1782 2793 1847 2825 Scri
1851 2793 1955 2838 pruris
1971 2791 2038 2826 haec
2050 2814 2064 2837 t
2072 2803 2138 2838 qua

300 2839 415 2873 vritur,
429 2836 619 2884 hyperbole:
632 2837 818 2884 frequentet
829 2841 919 2873 enim
929 2839 1005 2873 etim
1017 2840 1052 2872 in
1062 2839 1237 2886 Prophetis
1250 2861 1260 2876 ‚
1270 2849 1342 2873 tum
1354 2844 1388 2873 in
1398 2837 1532 2874 Psalmis
1545 2843 1707 2874 occurrit:
1719 2842 1752 2873 δι’.
1763 2838 1907 2886 vulgaris
1919 2841 2017 2873 etiam
2029 2837 2137 2874 sermo

302 2897 376 2920 eam
388 2885 543 2920 admittit.
553 2887 658 2931 Qod
668 2898 778 2921 autem
789 2889 825 2921 in
835 2885 865 2922 se
873 2885 1021 2935 agnoscit
1031 2885 1283 2933 l'aulus‚singuli
1295 2900 1388 2928 nunc
1397 2888 1435 2921 ad
1445 2885 1473 2921 se
1484 2887 1688 2922 transferant.
1739 2890 1777 2921 In
1786 2899 1842 2931 quo
1847 2885 1934 2936 spem
1937 2886 2048 2933 fixam.
2072 2888 2138 2922 Be-

302 2932 519 2976 neficentiaml
529 2936 605 2974 Dei,
618 2946 717 2980 quam
728 2933 842 2982 saepius
852 2937 1078 2983 experimento
1088 2932 1235 2972 senserat,
1246 2934 1303 2969 sibi
1314 2937 1349 2970 in
1361 2934 1527 2982 posterum
1539 2948 1674 2982 quoque
1684 2937 1853 2983 promittit
1861 2959 1872 2972 ‚
1884 2947 1991 2982 neque
2000 2946 2137 2970 temere.

301 2984 474 3016 Dominus
493 2983 584 3016 enim
595 2981 705 3028 aliqua
720 2995 757 3016 ex
768 2994 857 3030 parte
867 2983 1047 3031 pratstando
1058 2983 1150 3030 quod
1159 2983 1308 3031 promisit
1317 3006 1327 3021 ‚
1344 2985 1383 3017 de
1393 2982 1523 3030 reliquo
1533 2983 1617 3018 bene
1637 2982 1760 3031 sperare
1769 2996 1831 3018 nos
1841 2982 1932 3017 iubet
1949 2997 1957 3017 :
1969 2984 2040 3018 imo
2050 2995 2137 3031 quot

303 3032 424 3077 gratias
434 3029 475 3064 ab
487 3043 528 3065 eo
539 3032 729 3077 recipimus,
740 3032 879 3066 totidem
891 3031 993 3066 veluti
1005 3031 1203 3078 pignoribus
1212 3042 1268 3075 aut
1277 3031 1378 3067 arrhis
1390 3028 1621 3078 promissiones
1631 3029 1699 3066 suas
1708 3030 1892 3065 confirmat.
1905 3032 2048 3067 Tametsi
2059 3033 2136 3067 aute

302 3092 326 3113 n
332 3092 377 3122 on
389 3077 700 3126 dubitabatxPaulus,
709 3080 819 3113 Deum
831 3077 946 3126 sponte
952 3078 1012 3114 sibi
1023 3078 1223 3115 adfuturum:
1234 3080 1432 3114 Corinthios
1441 3091 1553 3114 tamen
1563 3080 1711 3114 hortatui·
1719 3091 1752 3114 vt
1763 3078 1825 3114 suis
1835 3079 1986 3128 precibus
1997 3078 2134 3115 salutem

304 3124 396 3161 suam
407 3129 481 3163 Deo
492 3126 739 3161 commendent.
757 3127 846 3161 Nam
858 3140 963 3173 quum
974 3127 1040 3161 illis
1051 3126 1080 3161 sc
1091 3129 1242 3162 adiutum
1252 3130 1292 3162 iri
1305 3155 1315 3168 ,
1325 3141 1385 3176 pro
1395 3138 1485 3161 cetto
1495 3128 1675 3165 sumit‚h:ec
1686 3126 1872 3164 testificatio
1883 3127 1981 3163 habet
1994 3132 2063 3162 vim
2075 3141 2135 3163 ex-

306 3173 629 3221 hoi·tationis.neque
638 3175 669 3209 id
681 3175 808 3209 tantum
817 3188 855 3209 ex
867 3174 982 3209 officio
993 3174 1136 3211 faCluros
1147 3175 1319 3223 significat,
1329 3174 1380 3211 sed
1389 3188 1466 3211 cum
1478 3174 1640 3224 profectu.
1653 3175 1881 3217 Adiuuabunt‚
1898 3179 2022 3224 inquit,
2032 3189 2085 3211 me
2097 3179 2133 3211 &

306 3223 417 3257 vestra:
427 3235 547 3270 preces.
558 3224 648 3260 Nam
660 3221 812 3258 officium
823 3234 945 3257 mutua:
955 3222 1192 3258 intercessionis
1202 3237 1302 3271 quam
1313 3224 1410 3259 nobis
1420 3225 1510 3258 Deus
1520 3225 1663 3261 mandat,
1673 3223 1917 3260 infructuosum
1927 3224 1986 3259 elle
1996 3229 2041 3259 no
2051 3223 2134 3259 vult.

307 3272 400 3314 quod
410 3271 508 3305 nobis
518 3274 737 3306 incitamento
746 3269 806 3306 esse
816 3271 994 3311 debentem
1004 3272 1042 3305 ad
1054 3273 1268 3318 expetendam
1279 3273 1415 3308 fratrum
1427 3270 1702 3314 interceffionem‚
1714 3286 1820 3319 quum
1830 3273 1941 3321 aliqua
1951 3270 2135 3308 necessitate

306 3320 500 3362 premimur,
512 3321 612 3365 quam
621 3321 662 3355 ad
672 3319 791 3355 similes
801 3319 963 3368 suppetias
974 3318 1039 3354 illis
1050 3321 1168 3354 mutuo
1179 3320 1442 3369 ferendas,quum
1452 3321 1602 3354 audimus
1613 3334 1684 3356 non
1697 3321 1798 3355 modo
1808 3333 1981 3370 acceptum
1990 3320 2049 3355 esse
2057 3320 2134 3354 Deo

306 3362 469 3409 officium,
480 3365 530 3401 sed
540 3368 639 3403 nobis
651 3381 787 3415 quoque
795 3369 887 3409 vtile.
895 3368 1016 3415 Neque
1023 3368 1101 3404 verb
1115 3367 1299 3418 diffidentia
1310 3370 1368 3408 est,
1391 3368 1629 3415 quodvfratrurn
1637 3371 1863 3419 patrocinium
1873 3369 2135 3453 implorahApo-

1629 3418 1633 3419 ⁷
1897 3429 1901 3432 ’
2045 3419 2131 3455 olus:
