2268 3705
0 1555 22 1597 »με

570 106 683 154 AD
732 105 1139 153 HEBRAEOS
1191 106 1358 153 CAp.
1402 99 1469 153 ‘11-
1863 80 1931 166 ,ες

98 185 166 217 lam
179 179 314 227 quidem
325 175 574 212 ostendilocum
585 175 662 223 apte
676 177 799 222 exponi
809 175 849 209 de
863 173 947 208 Filio
964 176 1028 209 Dei
1041 188 1049 209 :
1061 174 1112 209 sed
1128 186 1220 209 nunc
1230 175 1360 209 videtur
1373 175 1553 225 Apostolus
1574 175 1672 212 verba
1682 178 1808 215 trahere
1819 183 1854 216 in
1867 183 1920 218 di-

95 227 226 265 uersum
238 226 365 262 sensum
377 227 477 271 quam
490 223 687 258 intellexerit
697 224 818 257 Dauid.
834 223 925 257 Nam
936 225 1056 267 ἔροιχύτι
1067 224 1196 259 videtur
1205 223 1245 257 ad
1258 233 1388 270 ternpus
1399 224 1565 265 referre‚vt
1574 225 1610 259 su
1621 226 1795 276 Paulisper,
1806 234 1840 264 ὅ(
1851 234 1917 266 im-

98 277 324 312 minutionem
335 272 497 320 intelligit
506 285 613 319 quum
625 274 812 306 exinanitus
822 270 885 305 fuit
898 271 1099 316 Christus&
1110 271 1252 319 gloriam
1264 272 1303 305 ad
1314 271 1561 308 resurrectionis
1573 275 1659 308 diem
1672 278 1919 325 restringit,un

94 325 206 361 Dauid
219 322 415 370 generaliter
426 322 577 354 extendat
587 321 626 354 ad
637 331 741 354 totam
755 319 905 354 hominis
915 321 1029 353 vitam.
1042 319 1252 368 Respondeo,
1263 333 1333 354 non
1343 319 1434 355 fuiffe
1445 321 1653 369 propositum
1663 326 1829 371 Apostolo
1839 350 1849 366 ,
1861 340 1919 375 ge-

95 375 236 409 nuinam
249 370 424 405 verborum
434 367 675 417 expositionem
688 366 814 402 referre.
825 366 924 402 Nihil
935 370 1026 402 enim
1039 369 1083 402 est
1093 369 1304 403 incommodi
1326 392 1336 406 ‚
1346 368 1367 403 si
1380 369 1556 405 alluliones
1567 374 1602 404 in
1619 371 1726 406 vcrbls
1741 385 1861 418 quaerat
1880 377 1920 410 ad

94 421 275 455 ornandam
285 419 473 466 praesentem
486 416 625 451 causam.
639 416 922 463 quemadmodum
933 416 1055 450 Paulus
1065 429 1171 463 quum
1183 418 1286 451 Rom.
1295 419 1642 456 10.a.6,testimonium
1653 422 1732 454 citat
1744 433 1781 454 ex
1811 422 1920 465 Mose,

133 471 182 502 uis
191 465 338 501 ascendet
349 469 383 500 in
395 465 526 506 caelum,
537 470 602 500 δίε.
613 465 720 498 statim
731 477 801 499 non
813 466 1134 511 interpretationem,
1144 463 1194 498 sed
1204 469 1456 501 exornationem
1465 470 1590 504 attexit,
1608 468 1646 501 de
1655 467 1735 502 caelo
1748 472 1780 503 &
1794 469 1917 507 inferis.

93 519 191 552 Mens
199 515 337 550 Dauidis
347 515 415 549 haec
424 515 478 551 cst,
494 515 644 548 Domine
654 514 694 547 co
705 514 876 562 dignitatis
900 512 1041 546 extulisti
1054 513 1243 550 hominem,
1255 525 1290 547 vt
1302 526 1417 561 parum
1430 516 1522 550 distet
1533 517 1551 550 a
1562 517 1692 550 Diuiiio
1715 516 1767 551 vel
1778 519 1919 565 Angeli-

93 577 135 600 co
146 565 285 599 honore:
299 562 572 609 quandoquidem
586 560 755 608 praefctstus
766 561 809 595 est
819 563 882 594 toti
895 561 1032 596 mundo,
1051 561 1154 595 Hunc
1164 559 1290 596 sensum
1303 563 1415 597 noluit
1426 575 1569 598 euertere
1578 564 1760 611 Apostolus
1775 588 1785 602 ,
1809 572 1918 613 neque

92 612 159 648 alio
170 612 352 646 deficerem:
364 610 416 645 sed
431 609 561 645 rantum
576 611 610 643 in
622 609 757 644 Christo
773 607 974 643 considerare
986 609 1077 644 iubet
1087 610 1350 644 diminutionem
1366 624 1438 657 quae
1446 614 1486 645 ad
1501 615 1659 660 exiguum
1671 624 1803 660 tempus
1814 626 1918 662 appa-

93 660 294 698 ruit,deinde
304 659 445 707 gloriam
457 671 523 705 qua
533 661 567 692 in
580 670 777 705 perpetuum
790 669 969 698 coronatus
979 659 1032 692 est.
1047 658 1146 704 idque
1157 656 1234 691 facit
1243 657 1508 706 alludensmagis
1517 663 1555 694 ad
1567 661 1663 695 verba
1674 687 1683 702 ‚
1697 665 1797 709 quam
1809 665 1920 710 expri-

95 721 189 744 mens
200 708 280 756 quid
291 708 488 742 intellexerit
501 707 623 740 Dauid.
653 709 825 740 Memorem
835 707 888 751 effe
897 709 935 744 ὠ·
944 709 1063 753 visitare
1073 718 1136 754 pro
1148 707 1265 740 eodeni
1277 710 1344 741 acci
1348 704 1410 756 pst,
1421 707 1481 742 nisi
1497 709 1590 755 quod
1601 709 1781 745 secundum
1791 710 1920 758 aliqui-

93 769 130 793 to
140 756 272 805 plenius
283 757 336 791 est:
347 759 425 803 quia
433 757 496 790 Dei
508 751 709 801 praesentiam
721 754 761 788 ab
773 751 896 788 effectis
911 754 1066 802 dcfignat.

142 806 161 839 8
210 804 400 840 Subiiciendo
410 800 486 838 cartex
493 805 542 837 tllt
551 805 677 848 omnia.)
719 799 824 836 Poss'et
835 802 955 850 aliquis
968 814 1080 850 putare
1088 802 1152 837 tale
1162 802 1222 837 effe
1233 806 1628 851 argumentum‚Homini
1639 807 1677 841 de
1689 820 1758 854 quo
1767 806 1921 855 loquitur¹

91 854 214 891 Dauid,
228 856 344 887 omnia
353 852 583 888 subiiciuntur.
593 853 685 897 atqui
697 851 846 885 humano
857 855 968 897 generi
987 865 1058 886 non
1071 851 1144 886 sunt
1153 855 1268 886 omnia
1280 852 1310 886 su
1317 852 1434 887 biet‘ka.
1459 866 1537 901 ergo
1546 867 1616 887 non
1628 856 1667 889 de
1678 855 1831 901 quolibet
1853 857 1918 892 ho-

93 905 186 938 mine
196 900 300 935 sermo
313 903 366 935 est.
378 901 498 935 Verum
510 912 579 933 non
592 900 684 933 staret
695 899 759 933 hoc
769 911 1017 948 argumentum,
1030 905 1107 946 quia
1119 903 1231 935 minor
1240 903 1337 937 etiam
1352 901 1486 936 Christo
1501 906 1673 937 conuenit.
1684 904 1773 938 Nam
1785 918 1826 939 ne
1836 905 1917 940 huic

93 950 227 998 quidem
240 948 383 984 subietsta
395 948 467 983 sunt
477 948 583 982 adhuc
594 951 720 981 omnia:
738 946 833 981 sicuti
845 947 964 982 Paulus
976 951 1102 989 tuirstat,
1115 951 1234 996 prioris
1245 950 1283 983 ad
1295 950 1495 984 Corinthios
1507 960 1547 991 15.
1563 952 1645 984 d.28.
1656 964 1755 997 quare
1765 952 1848 987 alius
1873 954 1918 989 est

92 1010 277 1035 contexrus.
304 998 394 1032 Nam
407 998 582 1045 postquam
593 995 675 1030 illud
688 995 818 1044 posuit,
830 995 1000 1030 Christum
1010 997 1075 1031 [ine
1091 1001 1286 1044 exceptione
1296 999 1464 1033 dominari
1484 998 1644 1033 omnibus
1655 1003 1826 1038 creaturis,
1845 1005 1919 1037 vice

92 1050 263 1084 contrariae
274 1046 476 1081 obit-&ionis
486 1045 585 1081 addit,
598 1046 703 1091 Atqui
714 1046 865 1078 nondum
888 1047 1004 1079 onmia
1014 1057 1128 1094 parent
1140 1047 1263 1080 chtisti
1274 1048 1428 1094 imperio.
1441 1050 1494 1081 cui
1508 1059 1541 1081 vt
1550 1046 1735 1089 satisfaciat,
1762 1050 1871 1089 docet,
1881 1052 1918 1085 in

91 1095 226 1131 Christo
237 1106 347 1128 tamen
362 1097 428 1128 iam
443 1095 532 1128 cerni
544 1093 751 1140 completum
765 1094 854 1139 quod
865 1096 1031 1128 continuo
1042 1095 1115 1141 post
1126 1093 1269 1140 sequitur
1285 1098 1322 1129 de
1334 1098 1439 1129 Gloria
1451 1100 1488 1136 (ῥ’
1499 1096 1616 1131 honore.
1626 1096 1686 1130 acfi
1699 1096 1835 1135 dixisset,
1849 1100 1918 1132 Ta-

75 1138 78 1140 *
93 1141 184 1179 mctfi
195 1144 347 1177 nondum
359 1140 553 1177 vniuersali's
565 1140 621 1175 illa
632 1139 792 1176 subieetio
804 1141 902 1176 nobis
914 1153 1012 1188 patet,
1042 1146 1194 1178 contenti
1206 1142 1304 1180 fimus
1315 1144 1405 1190 quod
1430 1156 1537 1179 morte
1548 1144 1657 1183 obita,
1679 1147 1714 1179 in
1724 1144 1918 1193 supremum

89 1191 229 1227 honoris
242 1190 490 1243 gradum-fuerit
506 1192 639 1244 euectus
661 1203 737 1224 nam
750 1190 841 1236 quod
851 1190 1065 1245 adhuc-deest,
1077 1192 1208 1226 tandem
1222 1190 1280 1246 suo
1292 1202 1442 1243 ternpore
1451 1192 1688 1241 complebitur.
1697 1195 1757 1228 Sed
1768 1194 1916 1241 primum

88 1240 156 1276 hoc
167 1241 326 1286 quoidam
338 1239 488 1277 offendit,
500 1238 592 1284 quod
602 1241 703 1272 nimis
713 1240 826 1285 argute
851 1237 983 1285 colligit
997 1239 1176 1285 Apostolus
1188 1264 1198 1278 ,
1208 1240 1294 1275 nihil
1306 1241 1365 1274 esse
1377 1254 1447 1275 non
1460 1240 1643 1276 subiectum
1658 1241 1792 1276 Christo
1803 1267 1814 1281 ,
1827 1255 1916 1290 quo-

76 1326 78 1328 ,
89 1291 181 1324 niam
191 1288 385 1335 generaliter
395 1290 512 1322 omnia
522 1287 782 1334 comprehendat
793 1287 913 1320 Dauid.
925 1287 1012 1320 Nam
1029 1287 1147 1339 species
1160 1301 1239 1334 quas
1252 1289 1363 1336 postea
1374 1302 1556 1327 enumerat,
1567 1290 1653 1325 nihil
1664 1290 1728 1324 tale
1738 1291 1902 1326 ostedunt:

88 1349 165 1372 nem
194 1350 211 1370 e
220 1338 354 1384 agresti-ti
363 1335 531 1372 animalia,
544 1338 646 1382 pilces
659 1339 768 1375 maris,
789 1340 821 1369 &
833 1347 907 1370 aues
919 1335 999 1369 caeli.
1011 1337 1222 1383 Respoiideo,
1238 1337 1424 1384 generalem
1438 1337 1633 1372 sententiam
1657 1352 1728 1373 non
1739 1339 1856 1374 debere
1866 1341 1907 1375 ad

35 1394 37 1396 '
89 1385 163 1421 istas
185 1397 293 1433 pecics
309 1385 470 1436 restringi:
485 1387 563 1430 quia
573 1383 660 1418 nihil
677 1383 767 1418 aliud
778 1382 884 1417 voluit
897 1384 1018 1424 Dauid,
1029 1386 1127 1430 quam
1140 1386 1385 1420 dominationis
1397 1385 1489 1420 illius
1501 1389 1665 1434 specimen
1688 1389 1868 1423 monstrare
1878 1392 1914 1424 in

88 1432 185 1468 rebus
198 1432 342 1467 maxime
353 1435 558 1480 conipicuis:
579 1431 630 1466 vel
640 1433 726 1466 certe
736 1432 906 1466 extendere
916 1433 954 1466 ad
968 1445 1016 1466 res
1026 1433 1125 1478 Vsque
1140 1432 1271 1467 infimas
1281 1457 1291 1472 ‚
1306 1445 1340 1468 vt
1353 1432 1493 1468 sciamus
1513 1434 1600 1469 nihil
1613 1433 1671 1468 effe
1683 1436 1833 1470 nostrum
1852 1436 1913 1472 nisi

85 1483 152 1517 Dei
160 1480 325 1516 beneficio
338 1485 371 1515 ὅ(
383 1481 508 1515 Christi
519 1483 783 1528 participatione.
802 1481 914 1527 Qre
927 1479 968 1514 sic
980 1484 1166 1515 orationem
1180 1479 1338 1516 resoluere
1348 1481 1445 1517 liceat
1455 1509 1465 1524 ,
1491 1485 1620 1517 Omnia
1637 1482 1799 1518 subiecisti
1811 1508 1820 1522 ‚
1841 1494 1914 1522 non

86 1530 191 1564 modo
203 1543 274 1577 quae
285 1531 324 1564 ad
335 1541 489 1564 aeternam
501 1529 743 1563 beatitudinem
757 1527 883 1562 faciunt
896 1555 905 1569 ‚
930 1525 979 1563 sed
991 1528 1089 1576 Vsque
1100 1531 1140 1563 ad
1153 1530 1221 1564 haec
1232 1533 1362 1565 minuta
1372 1544 1444 1577 quae
1476 1529 1623 1566 seruiunt
1633 1535 1783 1580 corporis
1794 1532 1913 1570 vslbus.

86 1579 263 1625 Qicquid
274 1578 323 1619 sit,
338 1577 474 1612 inferius
486 1578 568 1612 istud
581 1580 616 1611 iii
627 1577 783 1612 animalia
793 1578 987 1611 dominium
998 1591 1035 1612 ex
1047 1574 1211 1624 superiore
1223 1579 1353 1626 pendet.
1365 1581 1535 1628 Qaeritur
1545 1582 1612 1614 iam
1628 1581 1804 1626 quomodo
1814 1594 1913 1628 neget

73 1628 197 1661 'videre
207 1640 269 1662 nos
283 1629 400 1661 omnia
411 1626 545 1660 Christo
557 1624 687 1659 subess‘e.
701 1624 752 1659 sed
763 1626 861 1660 huius
872 1624 1064 1671 quaestionis
1077 1625 1280 1661 solutionem
1291 1629 1443 1662 inuenies
1455 1631 1489 1662 in
1502 1627 1580 1663 loco
1591 1627 1683 1663 Pauli
1696 1641 1801 1676 nuper
1831 1633 1913 1664 cita-

84 1686 132 1709 to.
145 1677 184 1708 Et
195 1677 305 1722 primo
315 1677 421 1722 capite
430 1674 530 1708 huius
541 1673 693 1720 Epistolae
703 1674 829 1720 a'liquid
836 1677 1019 1721 attigimus.
1056 1677 1133 1720 quia
1143 1673 1304 1709 affiduum
1316 1688 1392 1710 cum
1404 1679 1501 1710 variis
1516 1675 1666 1711 hostibus
1679 1676 1805 1711 bellum
1828 1681 1912 1725 gerit

85 1724 404 1758 Christustnondum
419 1721 468 1755 illi
480 1722 566 1756 certe
577 1724 703 1756 constat
716 1721 893 1768 tranquilla
905 1725 999 1770 regni
1010 1722 1056 1757 sui
1067 1721 1439 1770 poffiffimQanquam
1452 1723 1637 1760 neceffitate
1648 1737 1717 1759 non
1731 1728 1863 1775 cogitur
1872 1727 1913 1762 ad

83 1770 289 1812 bellandum,
300 1769 352 1805 sed
362 1770 428 1805 hoc
439 1769 476 1804 fit
485 1773 554 1805 eius
569 1769 741 1805 voluntate
751 1770 842 1818 quod
855 1784 925 1805 non
937 1771 1135 1820 subiguntur
1145 1771 1253 1806 hostes
1265 1775 1334 1807 eius
1346 1770 1447 1820 Vsque
1456 1773 1495 1807 ad
1506 1784 1689 1808 extremum
1700 1774 1839 1810 diem:vt
1848 1788 1912 1811 nos

83 1818 205 1855 talibus
215 1821 375 1854 exercitiis
385 1818 575 1867 probemur.

130 1879 153 1912 9
202 1870 222 1900 I
224 1868 305 1910 estam
315 1878 416 1900 amem
424 1880 475 1912 qm
479 1869 644 1915 paululum
663 1865 938 1911 imminutusfuit.)
987 1868 1079 1911 Quia
1088 1866 1246 1915 ambigua
1256 1869 1299 1905 est
1308 1869 1408 1904 huius
1419 1869 1580 1917 particule
1594 1870 1792 1919 significatio
1803 1875 1910 1916 ζραχύ-

79 1929 122 1954 w,
137 1928 208 1950 rem
220 1914 322 1963 ipsam
335 1915 440 1962 qualis
451 1918 558 1949 extitit
569 1918 603 1949 in
616 1914 739 1949 Christi
751 1915 889 1962 persona
899 1939 908 1953 ,
937 1929 1040 1963 magis
1051 1919 1199 1950 intuetur
1211 1918 1312 1963 quam
1324 1930 1514 1965 germanam
1529 1919 1705 1954 verborum
1732 1921 1913 1969 expositio-

79 1976 173 2005 nem,
185 1967 233 1999 vti
245 1967 310 1999 iam
327 1965 403 1998 dixi.
419 1966 458 1998 Et
472 1963 614 2012 gloriam
632 1966 668 1997 in
680 1963 916 1998 resurrectione
928 1964 1194 1998 conliderandam
1208 1969 1387 2013 proponit,
1415 1980 1518 2013 quarn
1530 1969 1640 2003 Dauid
1653 1971 1797 2003 extendit
1807 1971 1847 2004 ad
1869 1983 1910 2005 o-

79 2025 175 2048 mnes
186 2013 278 2047 dotes
293 2012 414 2059 quibus
424 2014 488 2046 Dei
501 2010 720 2049 beneficentia
730 2024 865 2046 ornatus
877 2013 921 2047 est
932 2013 1050 2046 homo.
1063 2014 1184 2046 Verum
1198 2014 1283 2048 nihil
1297 2016 1332 2048 in
1343 2014 1404 2049 hac
1415 2019 1632 2051 exornatione
1643 2016 1686 2050 est
1696 2015 1910 2064 absurdi,un

78 2059 209 2097 sensum
221 2061 380 2105 literalem
393 2063 560 2108 integrum
572 2060 742 2106 relinquit.
796 2064 925 2109 Propter
933 2062 1094 2108 paffionem
1103 2064 1217 2099 mortis,
1229 2065 1428 2097 tantundem
1441 2062 1525 2098 valet
1535 2065 1596 2099 acsi
1609 2066 1701 2100 diem
1713 2065 1907 2107 css'et,(3hti-

77 2109 164 2144 sturn
176 2109 268 2143 obita
281 2120 386 2143 morte
396 2109 435 2145 ad
446 2109 530 2144 hanc
540 2109 681 2157 gloriam
693 2122 794 2155 quam
808 2110 942 2156 adeptus
956 2111 999 2143 (st
1011 2132 1020 2146 ‚
1043 2108 1135 2143 fuisse
1146 2112 1298 2145 euectum
1312 2125 1320 2144 :
1341 2110 1422 2146 ficut
1435 2116 1468 2146 Sc
1491 2112 1611 2148 Paulus
1620 2115 1717 2148 docet
1728 2115 1766 2148 ad
1777 2114 1901 2163 Philip.

75 2168 146 2205 cap.
167 2160 254 2192 2.a.8.
274 2171 344 2192 non
357 2157 447 2204 quod
458 2156 516 2190 libi
528 2159 706 2203 quicquam
717 2159 874 2204 priuatim
887 2157 1073 2204 acquiiierit
1084 2158 1247 2196 Christus,
1261 2158 1339 2193 ficut
1353 2159 1502 2207 sophistae
1513 2160 1772 2209 fingunt,primb
1783 2163 1841 2198 sibi
1854 2166 1904 2198 vi-

76 2214 143 2239 tam
158 2218 311 2240 aeternam
323 2205 413 2239 fuiise
426 2207 658 2253 promeritum,
670 2206 786 2239 deinde
796 2204 894 2240 nobis
917 2207 1063 2241 medium
1077 2209 1166 2241 enim
1179 2209 1238 2248 (ita
1249 2219 1282 2241 vt
1293 2207 1423 2253 loquar)
1435 2208 1618 2253 obtinendi}
1627 2211 1742 2258 gloriae
1754 2222 1905 2246 tantum-

76 2254 182 2288 modo
193 2255 365 2290 indicatur.
386 2255 489 2287 Porro
508 2256 542 2287 in
560 2253 624 2287 hoc
635 2266 815 2288 coronatus
826 2253 931 2300 gloria
942 2254 1092 2291 Christus
1105 2256 1159 2292 est,
1171 2267 1205 2288 vt
1214 2268 1316 2290 omne
1328 2268 1414 2303 genu
1427 2269 1539 2291 coram
1552 2272 1592 2293 eo
1603 2261 1762 2294 flectatur.
1788 2263 1902 2307 Itaque

77 2301 96 2335 ὲ
106 2300 199 2336 causa
209 2301 300 2337 finali
309 2304 498 2336 ratiocinari
510 2301 587 2338 licet
599 2328 608 2342 ‚
620 2304 735 2337 omnia
745 2301 795 2335 illi
821 2315 855 2336 iii
880 2315 1016 2336 manum
1031 2302 1090 2337 effe
1111 2305 1195 2337 data.
1246 2306 1294 2337 Vt
1316 2308 1422 2352 gratia
1435 2305 1517 2348 [Dei.
1569 2306 1710 2342 Causam
1734 2307 1901 2344 fruc'tt‘im-

76 2362 142 2395 que
153 2353 269 2385 mortis
280 2350 404 2385 Christi
414 2349 509 2384 refert
519 2373 528 2387 ,
546 2352 672 2396 nequid
689 2361 820 2397 putetur
832 2353 900 2385 eius
911 2352 1065 2397 dignitati
1077 2352 1256 2386 detrahere.
1282 2353 1374 2387 Nam
1387 2366 1492 2400 quum
1504 2355 1657 2390 audimus
1668 2367 1799 2391 tantum
1817 2356 1901 2392 boni

73 2397 173 2432 nobis
185 2410 315 2445 parturn
327 2397 397 2436 effe,
410 2398 521 2433 nullus
531 2398 696 2446 despe<51mi
707 2398 800 2432 locus
812 2398 1011 2446 relinquitur
1035 2423 1045 2438 ‚
1059 2402 1138 2446 quia
1149 2412 1261 2434 totum
1274 2413 1415 2449 occupat
1425 2404 1561 2438 Diuina:
1580 2403 1740 2438 bonitatis
1759 2406 1901 2441 admira-

75 2448 137 2483 tio.
163 2448 280 2493 Qum
292 2447 384 2486 dicit,
396 2450 452 2490 Pro
462 2446 610 2486 omnibns,
622 2460 692 2481 non
705 2447 833 2482 tantum
847 2447 1005 2495 intelligit
1013 2459 1048 2482 vt
1058 2448 1131 2482 aliis
1143 2448 1296 2496 exemplo
1307 2449 1393 2484 effer:
1405 2453 1690 2497 quemadmodum
1702 2452 1901 2499 Chrysosto-

73 2506 149 2528 nius
160 2494 408 2529 similitudinem
420 2497 541 2530 medici
551 2495 684 2529 adducit
695 2519 704 2533 ,
718 2498 775 2542 qui
786 2498 962 2543 potionem
976 2509 1119 2531 amaram
1135 2498 1324 2544 praegustm,
1351 2512 1393 2532 ne
1404 2498 1526 2534 recuset
1544 2513 1686 2548 aegrotus
1696 2501 1826 2537 bibere:
1846 2501 1899 2537 sed

73 2542 234 2590 intelligit
245 2544 413 2578 Christum
425 2557 485 2591 pro
499 2543 598 2578 nobis
609 2542 668 2577 eise
681 2555 863 2582 mortuum,
877 2546 955 2590 quia
968 2547 1074 2579 vicem
1087 2546 1231 2580 nostram
1244 2544 1426 2585 subeundo,
1436 2550 1454 2582 ὲ.
1465 2552 1581 2583 mortis
1592 2550 1899 2586 inalcdieiionenos

72 2591 263 2633 redemit.Et
274 2592 348 2625 ideo
360 2593 501 2628 additur,
512 2593 628 2626 Gratia
639 2593 702 2625 Dei
714 2593 746 2625 id
757 2590 816 2625 effe
832 2591 1051 2639 saffiram-quia
1061 2593 1300 2641 redemptionis
1310 2594 1402 2629 causa
1412 2595 1475 2630 fuit
1488 2598 1668 2632 immensus
1685 2597 1740 2633 ille
1751 2611 1825 2646 erga
1835 2612 1897 2634 nos

71 2633 250 2680 Deiamor,
263 2652 332 2686 quo
345 2639 469 2676 facium
481 2642 526 2674 est
537 2652 570 2674 vt
585 2653 625 2674 ne
638 2642 776 2686 proprio
792 2641 926 2691 quidem
939 2641 1021 2675 Filio
1033 2644 1225 2690 pepercerit.
1239 2643 1346 2689 Qod
1367 2643 1622 2689 Chrysossomus
1641 2646 1764 2689 Gustare
1773 2660 1898 2682 mortem

73 2690 222 2734 exponit,
235 2687 324 2734 quali
338 2687 475 2723 summis
487 2688 585 2722 labris
595 2687 749 2724 delibare,
767 2702 807 2722 eo
818 2689 910 2735 quod
921 2690 1070 2724 Christus
1082 2693 1189 2725 vietor
1200 2690 1216 2724 ὲ
1232 2704 1339 2725 morte
1349 2693 1531 2735 emerserit,
1547 2708 1617 2730 non
1631 2694 1746 2730 refello
1756 2719 1764 2733 ‚
1788 2709 1897 2743 neque

70 2735 238 2782 improbo.
254 2749 447 2783 quanquam
459 2735 569 2771 nescio
582 2749 622 2770 an
634 2736 714 2770 adeo
725 2734 887 2770 subtiliter
896 2737 991 2785 loqui
1007 2737 1150 2772 voluerit
1162 2739 1354 2786 Apostolus.
1828 2737 1835 2744 ⁰

130 2821 168 2846 10
228 2806 380 2848 Decebat
386 2813 479 2848 enim
489 2824 566 2849 eum
569 2818 703 2864 propter
709 2823 810 2863 quem
819 2813 936 2850 omnia
948 2842 958 2857 ,
972 2810 1012 2857 ἁ*
1027 2823 1201 2866 perquem
1218 2817 1347 2860 omnia,
1356 2827 1462 2869 quum
1473 2815 1597 2856 multos
1603 2809 1695 2869 filios
1705 2818 1895 2874 ingloriam

69 2861 385 2912 adduceret‚ducem
386 2863 511 2918 salutis
524 2880 638 2904 eorum
640 2876 705 2919 per
713 2866 880 2919 passtones
892 2865 1088 2920 consecrare.

124 2933 137 2957 1
147 2937 159 2959 1
220 2928 324 2970 Ram
334 2921 604 2974 qufflmdzficag
616 2921 656 2968 ἀ*
669 2934 730 2975 qut
741 2918 1019 2974 shnc‘iificantur,
1031 2936 1078 2962 ex
1088 2935 1163 2963 vno
1174 2939 1293 2964 omnes
1306 2938 1457 2984 :propter
1467 2941 1571 2983 quam
1581 2928 1713 2985 caufitm
1731 2944 1803 2970 non
1817 2938 1876 2970 eru'
1883 2950 1896 2956 -

68 2971 298 3029 bescitfi‘atres
305 2976 389 3032 ipsos
396 2991 533 3021 vocare,

128 3044 165 3070 ιι
221 3035 364 3077 Dicens,
374 3032 557 3082 Runtiabo
571 3046 697 3072 nomen
707 3032 972 3086 tuumfratribus
986 3038 1082 3078 meis.-
1091 3037 1130 3075 in
1141 3035 1254 3076 medio
1264 3038 1410 3094 Ecclestae
1419 3055 1540 3080 canam
1555 3048 1598 3080 te.

127 3099 160 3136 13
217 3094 264 3126 Et
270 3083 410 3142 rmfiem,
423 3096 488 3145 Ego
500 3101 555 3128 ero
563 3085 676 3141 fidens
685 3088 806 3145 im'psb.
831 3097 877 3130 Et
886 3091 1028 3145 rursum,
1047 3099 1128 3132 Ecce
1138 3105 1196 3149 ego
1209 3093 1248 3149 ψ’
1259 3101 1358 3150 pueri
1370 3108 1455 3150 quos
1465 3095 1554 3136 mihi
1567 3096 1664 3137 dedit
1672 3103 1777 3138 Dens.

127 3177 165 3200 10
202 3165 349 3201 Deci-bat
356 3171 460 3213 enim.)
511 3170 577 3204 Hic
587 3169 684 3203 status
697 3169 750 3206 est,
764 3181 797 3203 vr
810 3168 934 3207 Christi
946 3170 1220 3214 humiliationem
1231 3176 1318 3221 apud
1329 3178 1403 3223 pios
1415 3175 1594 3223 gloriosam
1606 3178 1724 3212 reddat.
1742 3192 1819 3214 nam
1832 3183 1901 3227 quii

70 3211 208 3250 induiffe
217 3225 349 3249 carnem
360 3217 504 3251 nostram
513 3215 778 3255 dicitur‚videtur
788 3217 891 3265 vulgo
905 3219 1087 3254 hominum
1098 3225 1279 3269 aggregari.
1295 3224 1386 3257 Crux
1397 3236 1507 3258 autem
1520 3225 1604 3260 infra
1614 3239 1732 3261 omnes
1743 3227 1902 3264 homines

70 3275 147 3298 eum
158 3263 281 3297 deiicit.
297 3275 376 3310 ergo
387 3265 573 3300 cauendum
585 3279 626 3299 ne
637 3268 749 3300 minor
760 3264 927 3301 censeatur
938 3268 1102 3306 Christus,
1118 3273 1197 3316 quia
1207 3269 1324 3318 sponte
1334 3270 1362 3305 se
1373 3284 1507 3320 propter
1518 3277 1790 3316 nos-exinaniuit,
1807 3278 1901 3324 quod

69 3323 162 3346 nunc
175 3313 294 3358 agitur.
303 3312 395 3346 Nam
405 3313 546 3347 ostendit
556 3313 737 3361 Apostolus
749 3314 817 3349 hoc
829 3314 935 3363 ipsum
947 3316 1064 3351 debere
1077 3318 1164 3353 Filio
1177 3320 1242 3353 Dei
1252 3318 1311 3353 effe
1325 3320 1648 3369 honorificum,quia
1660 3325 1705 3358 ita
1714 3322 1903 3362 cosecratus

70 3357 107 3394 fir
121 3360 186 3396 dux
196 3357 307 3395 salutis
318 3360 445 3397 nostrae.
454 3361 626 3411 Principio
640 3362 724 3399 istud
732 3374 795 3411 pto
804 3362 954 3400 confesso
964 3363 1197 3409 sumit,standi‘i
1209 3365 1268 3404 effe
1277 3369 1342 3404 Dei
1353 3368 1581 3418 decretozquia
1592 3369 1687 3407 sicuti
1697 3374 1768 3411 eius
1779 3376 1903 3412 virtute

1929 2207 2023 2257 timp.
2032 2206 2128 2260 &iffi

1923 2599 2081 2639 Rom.8f3'z

1923 3052 1992 3090 Rfid.
2007 3055 2057 3083 ιη
2065 3056 2118 3090 ἁίζ

1923 3092 2078 3130 Pfiil.18.a.3.

1923 3132 2080 3176 leſsam-183
