2268 3705
549 101 1481 155 ADTH·ESSAL‹-CAP·'11-
1866 118 1937 159 443

90 189 140 224 vis
148 184 274 223 Diuina
283 180 455 230 inspicitur
461 172 593 226 {neque
603 179 694 212 enim
702 166 780 212 crim
791 172 947 224 applausu
957 185 1013 210 aut
1021 172 1134 209 fauore
1144 174 1267 210 munus
1279 174 1372 211 suurn
1382 174 1470 211 obiit
1480 198 1492 213 ‚
1503 173 1554 210 sed
1563 187 1649 224 opus
1657 172 1723 214 fuit
1731 180 1847 214 aeriter
1863 178 1923 214 lu«.

90 237 184 271 stari.
203 235 327 267 Interea
337 230 422 264 stetit
433 225 546 261 firmus
557 238 594 261 ac
614 228 855 274 imperterritus
865 237 874 259 ι
884 223 969 258 vnde
976 234 1110 272 apparet
1118 246 1129 262 ,
1145 234 1245 258 manu
1256 224 1321 258 Dei
1332 223 1424 258 fuisse
1433 221 1615 258 suffultum.
1628 239 1706 261 nam
1718 226 1782 262 hoc
1791 227 1916 275 fignifi-

87 294 153 320 cat,
163 285 269 328 quum
278 279 357 313 dicit
367 275 396 310 se
405 277 433 308 F
434 273 569 309 idaciani
567 272 728 323 ficmpfiffe.
778 274 818 308 Et
827 271 900 309 sane
909 270 932 306 fi
944 284 1062 306 omnes
1072 271 1136 306 istae
1147 272 1385 307 circunstantiae
1403 271 1582 319 diligenter
1592 276 1817 319 expendantur
1829 298 1840 313 ,
1856 289 1917 311 ne-

87 333 158 379 gari
168 341 238 365 non
250 326 355 376 potest
365 326 447 371 quin
458 321 634 370 magnifice
644 323 734 357 Deus
745 318 835 357 suam
844 319 914 357 illic
922 323 1080 360 virtutem
1089 322 1258 359 exeruerit.
1270 322 1447 368 Qntum
1458 320 1497 362 ad
1507 321 1678 363 historiam
1690 326 1843 369 pertinet,
1858 337 1918 372 pc—v

87 378 188 413 tenda
197 376 241 411 est
250 386 287 409 ex
297 375 462 409 Actorum
470 374 576 418 capite
586 373 624 405 16
637 374 670 405 &
681 380 730 414 17.

137 437 155 472 3
205 423 244 458 N
244 433 295 456 am
302 421 471 454 exhortatio
481 418 604 463 nostra.)
654 418 734 453 Alio
743 427 946 466 argumento
952 414 1254 457 Theffilonicenses
1264 419 1300 457 in
1311 416 1455 466 suscepta
1466 414 1528 452 fide
1541 413 1720 460 confirmat
1730 432 1739 451 t
1749 419 1840 465 quod
1851 419 1915 454 sci-

92 474 171 510 licet
179 468 316 508 fideliter
324 480 361 503 ac
370 468 450 516 pure
459 469 494 503 in
504 466 604 504 verbo
612 468 758 506 Domini
775 466 916 507 instituti
926 465 1048 500 fuerint
1060 476 1067 496 :
1078 463 1168 499 suam
1180 468 1271 500 enim
1280 466 1469 501 doetrinam
1479 469 1575 501 omni
1587 467 1785 514 deceptione
1796 472 1830 502 ὅ(
1849 470 1915 502 im-

91 515 255 558 munditia
263 529 400 556 vacuam
412 514 502 551 fuisse
512 513 626 549 afferit.
637 517 747 561 Atque
757 526 792 549 vt
802 514 938 554 tollatur
947 516 1058 548 omnis
1069 512 1168 548 huius
1179 516 1224 547 rei
1234 513 1410 552 dubitatio,
1421 512 1656 551 conscientiam
1668 528 1784 550 eorum
1800 516 1915 551 testem

90 570 239 605 aduocat.
248 566 327 600 Tria
337 564 437 615 porto
447 576 518 611 quae
529 574 784 600 commemorat,
793 562 835 597 fic
846 563 1001 597 videntur
1009 559 1098 610 posse
1105 561 1263 609 distingui
1275 573 1328 595 :vt
1339 562 1502 612 Impostura
1511 564 1550 597 ad
1561 561 1661 610 ipsam
1671 563 1830 598 doctrinae
1841 563 1916 598 sub-

91 618 244 653 stantiam
263 613 438 651 referatur,
453 610 663 649 Immundities
679 613 719 646 ad
729 609 1018 647 animi-affectum,
1038 611 1150 645 ‘Dolus
1160 611 1200 646 ad
1212 609 1350 644 modum
1388 611 1516 657 agendi.
1537 611 1650 645 Primo
1661 614 1772 658 itaque
1788 610 1916 647 delusos

88 663 182 702 fuisse
191 674 247 698 aut
256 660 392 698 fallaciis
401 664 647 696 circumuentos
658 670 768 708 negat,
778 671 882 706 quum
893 671 998 707 genus
1007 658 1165 693 doetrinae
1176 657 1320 705 amplexi
1341 656 1415 696 sunt
1425 660 1443 692 a
1454 657 1483 692 se
1494 660 1612 698 traditu
1618 673 1662 697 m.
1686 661 1785 694 Suam
1796 660 1916 695 deinde

90 714 317 760 integritatem
328 711 495 758 praedicat,
507 709 598 755 quod
611 707 704 743 nulla
729 710 860 754 impura
869 707 1051 754 cupiditate
1060 732 1071 746 ‚
1089 703 1140 743 sed
1151 704 1277 741 fincero.
1286 706 1414 741 tantum
1425 705 1543 742 affeetu
1555 708 1711 745 inductus
1720 731 1731 745 ‚
1741 709 1781 742 ad
1792 721 1848 743 eos
1858 721 1918 743 ve-

91 764 189 798 nerit.
207 758 325 794 Tertio
342 782 353 797 ,
373 758 464 805 quod
482 755 569 792 nihil
597 755 817 790 fraudulenter
831 766 887 789 aut
905 752 1069 794 malitiose
1079 756 1182 801 egerit
1199 752 1250 789 sed
1268 757 1381 806 potius
1400 752 1644 802 simplicitatem
1658 755 1843 791 exhibuerit
1861 757 1916 791 di-

90 821 192 863 gnam
215 807 336 842 Christi
350 805 510 842 ministro.
526 805 606 841 Haec
618 815 722 853 quum
735 801 833 838 essent
843 801 1187 842 Theffalonicenlibus
1205 813 1376 852 comperta
1393 827 1404 841 ,
1424 801 1498 838 satis
1512 801 1645 837 firmum
1657 803 1822 847 habebant
1838 803 1916 840 fidei

81 862 153 894 'iuae
163 856 430 892 fundamentum.
1163 901 1169 906 .
1672 902 1677 907 ¹
1893 903 1900 909 .

139 917 166 952 4
214 901 483 955 Qemadmodum
488 900 634 952 probati.)
681 897 789 935 Altius
799 901 984 937 etiamnum
994 898 1276 942 conscenditmam
1286 900 1397 934 Deum
1409 896 1622 946 Apostolatus
1631 897 1678 934 sui
1689 900 1860 937 authorem
1870 913 1920 939 ci-

91 964 150 990 tat.
160 955 270 999 Atque
279 954 325 985 ita
332 953 557 990 ratiocinatur,
568 950 658 983 Deus
668 960 773 995 quum
785 948 869 982 mihi
881 947 946 983 hoc
958 947 1334 988 munusiniunxitnnihi
1346 946 1574 987 testimonium
1586 949 1724 982 reddidit
1736 947 1839 984 fidelis
1852 950 1919 984 ser-

93 1005 140 1038 ui:
151 1014 222 1041 non
232 1000 277 1034 est
287 1002 389 1047 igitur
399 998 489 1045 quod
498 999 537 1032 de
549 996 611 1032 fide
621 1009 692 1030 mea
702 996 857 1030 dubitent
866 994 1137 1047 hominemquam
1147 995 1255 1031 sciunt
1264 998 1339 1031 Deo
1350 994 1533 1044 probatam.
1544 997 1625 1031 Non
1638 996 1800 1045 gloriatur
1809 1010 1920 1033 tamen

93 1049 212 1087 Paulus
223 1048 252 1082 se
262 1048 439 1097 probarum
449 1045 541 1080 fuisse
554 1043 641 1092 quasi
653 1044 726 1079 talis
737 1046 755 1079 a
768 1042 870 1091 seipso
881 1043 988 1081 fut-rit:
1001 1048 1109 1091 neque
1119 1047 1210 1086 enim
1220 1046 1300 1092 quid
1310 1046 1328 1078 a
1337 1055 1452 1079 natura
1462 1043 1624 1086 habuerit.
1635 1045 1691 1086 hic
1702 1041 1920 1093 disputatmec

92 1100 260 1149 propriam
272 1098 428 1130 virtutem
440 1105 517 1129 cum
528 1095 591 1128 Dei
599 1095 702 1141 gratia
712 1096 747 1127 iu
758 1104 923 1127 certarnen
934 1095 1129 1133 committit:
1140 1091 1190 1127 sed
1200 1093 1328 1134 tantum
1338 1094 1430 1134 dicit,
1440 1091 1497 1127 fibi
1507 1105 1578 1132 non
1589 1092 1682 1128 aliter
1693 1097 1794 1140 quarn
1807 1093 1873 1129 fido
1885 1098 1921 1128 Sc

92 1147 232 1196 probato
245 1141 349 1181 seruo,
362 1140 573 1177 commiffum
585 1138 675 1176 fuiffe
686 1140 916 1188 Euangelium.
927 1139 1046 1180 Probat
1056 1152 1167 1179 autem
1180 1143 1271 1176 Deus
1282 1153 1366 1188 quos
1376 1139 1482 1175 sibiad
1499 1140 1635 1183 arbitrit'i
1645 1140 1737 1180 suum
1749 1140 1921 1177 formauit.

93 1195 137 1230 N
139 1207 176 1228 on
185 1190 453 1240 quafihommibus.
465 1191 558 1237 Qd
569 1189 605 1224 fit
618 1188 814 1224 hominibus
828 1188 966 1236 placere,
978 1190 1107 1231 dictum
1115 1189 1159 1224 est
1169 1191 1205 1224 in
1214 1188 1359 1240 Epistola
1367 1189 1405 1223 ad
1415 1188 1556 1223 Galatas:
1567 1193 1600 1224 &
1612 1189 1666 1232 hic
1676 1189 1770 1225 locus
1784 1204 1922 1239 quoque

92 1242 224 1293 optime
234 1241 386 1275 ostendit.
397 1240 485 1274 Nam
496 1237 615 1273 Paulus
623 1240 698 1272 Deo
710 1241 742 1271 δι
755 1236 951 1272 hominibus
961 1235 1102 1284 placere,
1112 1248 1271 1284 tanquam
1283 1250 1330 1272 res
1340 1235 1506 1286 oppositas
1517 1239 1603 1272 inter
1612 1236 1642 1272 se
1650 1238 1924 1283 confertDeinde

94 1304 202 1340 quum
211 1291 373 1327 dicit‚Deo
383 1286 548 1336 qutprobat
557 1284 825 1333 corda:s1gnificat
835 1296 891 1319 eos
902 1286 960 1332 qui
969 1295 1102 1332 captant
1112 1284 1292 1324 hominum
1305 1288 1455 1332 gratiam,
1462 1298 1532 1321 non
1542 1285 1619 1320 duci
1635 1288 1722 1329 recta
1731 1287 1921 1327 coscientia,

94 1352 159 1378 nec
169 1340 348 1386 quicquam
364 1349 458 1388 agere
469 1348 506 1369 ex
516 1337 643 1370 animo.
653 1336 801 1369 Sciamus
815 1345 894 1381 ergo
906 1333 972 1368 hoc
981 1334 1065 1367 veris
1080 1333 1253 1380 Euangelii
1267 1334 1425 1376 ministris
1442 1332 1558 1367 debere
1570 1331 1630 1368 effe
1639 1335 1844 1382 propositum
1857 1364 1868 1379 ‚
1884 1347 1923 1380 vt,

93 1391 170 1425 Deo
180 1387 234 1422 sua
243 1386 345 1420 studia
356 1384 552 1432 impendant
561 1408 571 1421 ‚
591 1382 690 1429 idque
700 1381 819 1420 faciant
829 1393 867 1420 ex
876 1382 992 1420 animo
1001 1406 1013 1421 ‚
1023 1393 1096 1415 non
1104 1391 1241 1416 externo
1254 1381 1369 1427 aliquo
1382 1381 1501 1415 mundi
1510 1380 1656 1429 respectu
1668 1396 1676 1416 ι
1687 1383 1739 1419 sed
1750 1388 1828 1431 quia
1839 1398 1923 1430 eon-

97 1437 236 1472 scientia
245 1434 312 1469 hoc
320 1435 410 1468 rea-:1
422 1437 455 1467 &
468 1433 562 1479 aequfi
573 1430 632 1466 effe
643 1432 754 1466 di&at.
767 1431 815 1466 lta
823 1428 879 1470 fiet
887 1439 924 1468 vr
935 1442 1007 1470 non
1017 1428 1164 1471 studeant
1175 1429 1303 1478 placere
1311 1427 1589 1473 horninibuszhoc
1597 1428 1641 1464 est
1651 1431 1740 1474 nihil
1749 1432 1924 1478 ambitiose

94 1486 194 1532 agant
205 1486 241 1518 in
251 1482 434 1517 hominum
446 1480 596 1528 gratiam.

150 1564 167 1603 5
224 1556 356 1605 :Reque
365 1550 459 1588 enim
467 1560 626 1602 ‘unquam
634 1549 673 1591 ia
686 1545 838 1600 sermone
846 1543 1205 1599 adulationis-fitium,
1216 1544 1506 1606 quemadmodum
1513 1544 1620 1606 ’'ff''
1631 1575 1643 1593 ,
1660 1561 1772 1609 neque
1780 1551 1820 1589 in
1829 1564 1919 1606 occa<

80 1607 184 1664 ,stone
193 1609 341 1646 auaritia
351 1616 364 1637 -·
375 1611 472 1643 Deus
483 1605 589 1642 retiis.
847 1658 854 1666 ·
1163 1661 1169 1669 .
1426 1661 1444 1670 Ι.

153 1666 175 1700 6
228 1668 312 1711 mc
317 1658 500 1715 quaefiimus
515 1655 557 1696 ab
565 1655 758 1702 hominibus
762 1656 1043 1712 glortammeque
1055 1655 1076 1695 ἆ
1084 1656 1198 1705 vobn,
1209 1671 1320 1712 neque
1329 1657 1372 1697 ab
1381 1659 1474 1698 alm.

153 1733 181 1770 7
234 1724 356 1772 Qum
359 1712 523 1769 poffbmus
530 1715 570 1752 in
573 1713 724 1769 pondere
734 1715 795 1768 esse
803 1724 838 1751 ta
842 1727 971 1771 nquam
980 1710 1107 1768 christi
1113 1713 1395 1773 cApostoli,ffissZts
1403 1712 1639 1771 tamenficmus
1648 1721 1749 1759 mites
1757 1720 1797 1759 in
1807 1716 1923 1765 medie

95 1774 217 1828 vestri,
223 1770 368 1831 gerina'e
374 1768 564 1824 aesinutrix
572 1769 677 1808 aleret
682 1769 775 1822 filios
784 1768 872 1820 ficos.
1176 1773 1180 1778 “

151 1832 174 1870 8
228 1837 281 1868 Ita
293 1840 370 1881 erga
378 1838 446 1864 vos
454 1823 579 1878 aspasii,
590 1823 735 1864 libenter
739 1821 960 1877 vo'lmffemns
967 1824 1162 1878 distribuere
1170 1824 1272 1872 vobis
1279 1824 1462 1884 aonfilkm
1473 1829 1702 1887 Euangelium
1714 1828 1923 1887 Deistdnan

80 1884 178 1945 straes
184 1881 330 1947 ipsorum
341 1880 670 1941 animas,propterea
683 1876 778 1940 qubd
782 1877 877 1926 chari
883 1878 1079 1936 nobis-firm
1086 1886 1181 1928 gfff„
1585 1889 1593 1893 <-

141 1971 158 2005 5
209 1959 326 2006 Neque
333 1962 415 1993 enim
422 1961 583 2003 vnquam.)
635 1958 719 1997 Non
729 1955 795 1995 sine
805 1955 897 1996 causa
909 1960 1009 1994 toties
1018 1962 1136 2008 repetit
1148 1960 1227 1995 scire
1251 1957 1553 1997 Thessalonicenses
1564 1975 1639 1998 vera
1648 1959 1708 1999 effe
1718 1977 1926 2014 quac-unque

94 2020 214 2048 narrat.
225 2007 371 2044 Nullum
385 2009 474 2045 enim
487 2009 607 2045 certius
618 2006 847 2045 testimonium
859 2007 960 2052 quam
972 2020 1087 2042 eorum
1097 2012 1296 2056 experientia
1306 2009 1502 2056 quibuscum
1520 2011 1703 2058 loquimur.
1713 2017 1751 2048 Et
1761 2014 1828 2049 hoc
1837 2014 1928 2063 ipsoe

94 2069 170 2094 rum
182 2056 325 2092 maxime
334 2057 498 2093 intererat,
511 2057 590 2101 quia
598 2066 669 2089 non
678 2052 745 2088 alio
756 2052 897 2088 confilio
907 2054 1003 2090 refert
1012 2055 1130 2090 Paulus
1143 2058 1244 2103 quam
1254 2060 1381 2105 integre
1393 2057 1534 2097 versatus
1546 2059 1583 2093 fit
1598 2083 1609 2097 ,
1622 2061 1681 2095 nisi
1692 2073 1725 2095 vt
1736 2061 1790 2096 sua
1801 2063 1927 2098 doato.

94 2118 140 2145 na
157 2105 233 2154 plus
250 2105 440 2141 reuerentia
451 2102 599 2140 obtineat
613 2104 650 2136 in
672 2100 924 2137 ,edificationem
935 2101 1010 2137 fidei
1021 2116 1148 2138 eorum.
1167 2106 1217 2140 Est
1226 2117 1336 2139 autem
1348 2110 1506 2154 proximae
1517 2105 1684 2145 sententiae
1701 2110 1926 2146 confirmatio.

93 2166 175 2190 nam
187 2156 245 2200 qui
257 2152 382 2200 placere
392 2151 586 2190 hominibus
596 2152 700 2198 cupit,
710 2148 833 2185 neceffe
842 2150 886 2184 est
895 2161 931 2185 vt
940 2147 970 2185 se
980 2161 1033 2186 tur
1059 2154 1118 2188 iter
1126 2155 1161 2189 in
1170 2153 1393 2189 adulationem
1404 2154 1523 2190 flectar.
1534 2157 1605 2202 Q
1615 2168 1724 2191 autem
1738 2157 1818 2193 serio
1832 2164 1864 2194 S<
1875 2172 1926 2194 re—

93 2205 153 2239 sto
163 2205 277 2236 animo
288 2203 324 2235 in
335 2196 486 2234 officium
497 2202 643 2236 intentus
653 2199 708 2239 est,
720 2197 838 2246 procul
847 2197 887 2232 ab
897 2201 993 2234 omni
1004 2164 1229 2236 alienationis
1239 2200 1343 2250 specie
1356 2201 1469 2243 aberit.
1518 2217 1597 2237 uum
1610 2207 1754 2249 addinN
1755 2219 1828 2252 eque
1837 2218 1869 2240 m
1877 2219 1929 2241 oc·-

94 2249 209 2296 caessone
216 2246 523 2295 auaritiae,s1gnificat
533 2245 562 2281 se
575 2246 660 2281 nihil
669 2248 788 2293 priuati
798 2245 881 2285 lucri
891 2258 1047 2282 venatum
1059 2246 1118 2283 effe
1127 2251 1214 2298 apud
1223 2251 1459 2291 eos2doce‘ndo,
1468 2265 1601 2292 mquam
1611 2265 1679 2288 tam
1690 2255 1817 2290 occafio
1827 2257 1930 2303 quam

97 2308 270 2345 praetextus
282 2299 402 2331 Graecis
413 2297 542 2330 dieitur:
554 2296 604 2329 sed
614 2295 692 2329 huic
703 2294 783 2329 loco
792 2296 883 2341 prior
892 2294 998 2334 sensus
1008 2296 1126 2336 melius
1135 2299 1271 2345 quadrat
1280 2321 1291 2337 ‚
1317 2310 1351 2334 vt
1360 2298 1397 2334 fit
1408 2299 1496 2346 q'uafi
1507 2304 1690 2349 aucupium
1701 2316 1710 2337 ι
1721 2302 1782 2337 acii
1793 2305 1926 2344 diceret,

94 2346 181 2381 Non
191 2342 306 2384 abusus
315 2343 386 2379 sum
396 2343 579 2391 Euangelio
590 2344 629 2377 ad
639 2342 723 2378 lucri
734 2343 889 2391 captandi
899 2342 1117 2388 occasionem.
1136 2349 1313 2388 Quoniam
1326 2359 1438 2382 autem
1448 2359 1499 2382 tot
1510 2349 1608 2384 habet
1617 2348 1781 2386 flexuosos
1791 2351 1928 2388 recessus

95 2392 275 2434 hominum
287 2393 424 2430 malitia,
436 2403 470 2428 vt
479 2391 557 2440 saepe
567 2394 702 2426 auaritia
713 2395 747 2426 &
759 2390 899 2425 ambitio
909 2391 1040 2427 lateant:
1055 2393 1130 2428 ideo
1139 2395 1251 2431 Deum
1262 2396 1379 2430 restant
1389 2397 1538 2431 aduocat.
1550 2399 1650 2433 Ponit
1659 2410 1769 2435 autem
1779 2399 1836 2443 hic
1856 2402 1927 2435 duo

95 2444 188 2481 vitia:
202 2443 220 2476 ὲ
230 2440 350 2488 quibus
361 2442 439 2474 dum
450 2437 479 2474 se
492 2443 679 2479 immunem
689 2439 782 2474 fuisse
791 2440 932 2480 testatur,
941 2439 1057 2476 debere
1066 2442 1085 2476 ὲ
1095 2442 1219 2478 Christi
1228 2444 1328 2479 seruis
1336 2443 1444 2479 aliena
1452 2442 1513 2480 esse
1521 2447 1559 2480 ad
1565 2459 1690 2490 monet.
1710 2450 1757 2483 ita
1764 2448 1786 2482 fi
1796 2461 1928 2496 germa-

93 2503 159 2527 nos
168 2490 289 2529 Christi
298 2487 407 2523 seruos
419 2490 437 2528 a
447 2487 531 2529 fietis
543 2495 576 2523 oc
587 2488 780 2528 adulterinis
789 2486 929 2523 velimus
938 2489 1128 2529 discernere,
1137 2491 1177 2526 ad
1186 2491 1273 2528 hanc
1281 2493 1428 2540 regulam
1440 2493 1617 2529 exhibendi
1626 2494 1700 2530 sunt
1711 2509 1719 2530 ε
1733 2500 1766 2531 &
1779 2496 1928 2545 quisquis

90 2537 199 2587 probe
211 2538 344 2572 Christo
354 2534 470 2571 seruire
482 2537 579 2575 volet,
590 2537 629 2571 ad
639 2536 774 2577 eandem
784 2548 919 2587 quoque
928 2537 1077 2585 regulam
1087 2537 1228 2575 formare
1236 2539 1290 2577 sua
1300 2541 1403 2576 studia
1411 2541 1518 2579 debet,
1530 2540 1662 2590 suasque
1673 2546 1928 2591 actiones.Qia

91 2585 150 2622 vbi
161 2597 274 2633 regnat
283 2588 419 2620 auaritia
445 2596 501 2619 aut
514 2585 665 2623 ambitio,
681 2583 861 2632 sequuntur
870 2588 1052 2625 innumera:
1062 2588 1274 2637 corruptelae,
1290 2601 1328 2624 ac
1336 2601 1427 2624 totus
1439 2589 1546 2628 homo
1555 2593 1592 2634 iu
1611 2595 1791 2636 vanitatem
1810 2591 1926 2629 effluit:

93 2636 164 2670 duo
177 2637 267 2670 enim
279 2632 352 2672 sunt
361 2635 410 2667 isti
420 2632 527 2668 fontes
538 2646 574 2673 ex
585 2633 705 2679 quibus
718 2644 828 2668 manat
838 2635 943 2674 totius
954 2636 1127 2671 ministerii
1139 2641 1322 2686 corruptio.
1416 2677 1419 2679 ‚
1604 2659 1609 2664 ·

143 2694 167 2727 7
217 2684 324 2735 Qum
331 2681 510 2731 poffemunn
518 2680 672 2730 pondere.)
721 2681 870 2729 Qdam
881 2695 1074 2731 exponunt,
1093 2686 1211 2734 Qum
1224 2686 1389 2733 pulsemus
1410 2685 1471 2725 effe
1481 2689 1596 2728 oneri,
1620 2687 1653 2722 id
1666 2688 1710 2723 est
1718 2701 1778 2724 vos
1794 2701 1930 2736 grauate

99 2729 297 2780 sumptibus,
304 2728 357 2765 sed
367 2742 541 2767 contextus
553 2730 705 2776 postulat,
715 2741 748 2764 vt
757 2729 792 2762 τὲ
801 2729 866 2772 ἔαρι)
873 2742 937 2781 pto
945 2731 1146 2767 authoritate
1155 2733 1312 2777 sumatur.
1324 2736 1417 2773 Dicit
1428 2738 1517 2770 enim
1530 2735 1650 2771 Paulus
1659 2734 1688 2771 se
1699 2738 1780 2772 adeo
1794 2736 1930 2780 abfuisse

98 2779 140 2814 ab
149 2782 240 2815 inani
253 2791 391 2828 pompa,
404 2780 423 2817 a
431 2781 597 2816 iaetantia,
607 2781 624 2811 a
635 2776 729 2821 fastu,
742 2787 778 2813 vt'
786 2777 939 2826 legitimo
949 2782 1049 2815 etiam
1060 2783 1131 2816 iure
1139 2779 1198 2817 suo
1208 2781 1342 2825 cesserit,
1351 2784 1442 2830 quod
1451 2784 1491 2817 ad
1501 2784 1742 2820 vendicandam
1753 2787 1929 2821 autoritate

98 2831 251 2876 pertinet.
265 2827 354 2867 Nam
367 2839 472 2873 quum
484 2823 558 2860 effet
569 2825 692 2866 Christi
702 2827 897 2874 Apostolus,
906 2830 1024 2862 maiori
1033 2830 1173 2875 quadam
1184 2834 1366 2871 reuerentia
1394 2834 1500 2879 excipi
1511 2832 1696 2868 merebatur
1708 2858 1718 2873 ‚
1737 2837 1829 2881 atqui
1840 2834 1880 2868 ab
1890 2846 1930 2867 o-

101 2878 173 2911 mni
182 2876 352 2924 dignitatis
362 2874 466 2922 specie
475 2874 670 2909 abstinuerat
682 2875 743 2909 acsi
753 2878 919 2923 gregarius
927 2876 1047 2923 aliquis
1056 2875 1163 2921 fuisset
1173 2880 1332 2917 minister.
1344 2880 1435 2914 Hinc
1443 2892 1576 2929 apparet
1585 2893 1748 2928 quantum
1758 2881 1801 2916 ab
1812 2882 1913 2915 elatio
1921 2899 1931 2906 -

97 2937 143 2960 ne
152 2923 280 2958 alienus
291 2922 400 2958 fuerit.
421 2922 486 2957 Vbi
498 2935 559 2957 nos
568 2925 857 2969 vertimungites,
869 2925 971 2959 Vetus
984 2929 1143 2973 interpres
1154 2927 1303 2969 reddidit,
1319 2928 1455 2963 Fuimus
1465 2929 1596 2976 paruuli
1607 2943 1614 2963 :
1627 2929 1677 2963 sed
1687 2929 1743 2963 illa
1754 2942 1853 2976 quam
1866 2942 1930 2977 po-

88 2968 147 3011 ⁴sui
157 2971 272 3009 lectio,
280 2972 374 3019 >apud
384 2971 519 3010 Graecos
530 2975 636 3018 magis
657 2982 786 3020 recepta
796 2972 849 3008 est.
859 2973 1031 3008 Vtrumuis
1042 2984 1153 3009 tamen
1163 2973 1251 3023 legas
1261 2999 1272 3013 ‚
1289 2988 1361 3010 non
1370 2975 1511 3012 dubium
1521 2980 1604 3024 quin
1621 2978 1842 3024 voluntariam
1854 2977 1931 3014 sub-

97 3017 288 3056 miffionern
299 3021 524 3054 commendet.
573 3018 994 3067 Qemadmodumfinutrix.
1048 3022 1120 3056 Hac
1129 3021 1344 3061 similitudine
1353 3025 1420 3059 duo
1432 3025 1580 3069 membra
1597 3025 1848 3072 comprehendit
1858 3037 1932 3073 quae

97 3069 259 3114 attigerat:
273 3067 367 3114 quod
376 3067 498 3105 scilicet
508 3079 569 3104 nec
580 3069 722 3115 gloriam
733 3080 794 3103 nec
804 3067 935 3104 lucrum
945 3070 1032 3117 apud
1041 3069 1342 3106 Thessalonicenses
1353 3072 1522 3119 quaefierit.
1542 3075 1649 3107 Mater
1661 3076 1749 3108 enirn
1764 3076 1799 3113 in
1810 3072 1931 3108 alendo

96 3113 226 3152 infante
239 3113 374 3149 nullum
394 3118 573 3163 imperium
583 3139 594 3153 ‚
614 3115 742 3151 nullam
753 3118 949 3167 dignitatem
969 3129 1033 3164 prae
1045 3116 1074 3152 se
1084 3117 1155 3153 fert.
1198 3119 1316 3155 Talem
1327 3119 1358 3155 se
1368 3119 1458 3155 fuisse
1469 3120 1588 3156 Paulus
1599 3133 1761 3156 memorat
1771 3144 1780 3158 ‚
1796 3124 1854 3168 qui
1867 3122 1933 3157 ho-

100 3174 184 3198 nore
194 3161 252 3196 fibi
262 3162 375 3197 debito
386 3163 502 3211 sponte
511 3163 674 3199 abstinens
685 3191 696 3204 ‚
708 3163 836 3213 placide
847 3164 877 3199 fe
894 3169 928 3200 &
940 3164 1077 3201 moleste
1087 3168 1126 3201 ad
1135 3171 1260 3215 quaeuis
1273 3167 1384 3203 officia
1395 3170 1570 3203 demiserit.
1599 3170 1750 3203 Secundo
1760 3195 1770 3210 ‚
1782 3181 1885 3205 mater
1896 3172 1932 3205 in

90 3209 214 3248 liberis
224 3208 288 3243 suis
298 3210 473 3253 educandis
483 3224 592 3248 rarum
601 3213 768 3259 quendam
780 3217 815 3247 δε
825 3211 1164 3254 mirificumamorem
1175 3217 1387 3252 demonstrat:
1400 3219 1477 3263 quia
1487 3216 1588 3251 nullis
1601 3219 1703 3264 parcit
1714 3217 1884 3253 laboribus
1895 3230 1933 3252 ac

101 3257 262 3295 molestiis
280 3256 407 3292 nullam
417 3257 663 3296 solicitudinem
684 3259 822 3308 resurgit
833 3284 843 3298 ‚
868 3260 961 3295 nulla
971 3260 1153 3299 affiduitate
1162 3263 1221 3300 fati
1247 3277 1319 3300 atur
1330 3282 1340 3303 ·‚
1359 3263 1521 3312 suumque
1531 3265 1612 3298 adeo
1633 3263 1827 3314 sanguinem
1849 3265 1938 3304 hila·

100 3309 131 3346 ri
150 3307 267 3341 animo
284 3303 467 3353 sugendum
488 3308 619 3356 praebet.
653 3310 730 3344 Hoc
741 3310 846 3344 modo
858 3308 977 3344 Paulus
996 3309 1026 3345 se
1039 3313 1085 3346 ita
1102 3325 1177 3361 erga
1195 3278 1498 3347 Tireffalonicenses
1515 3310 1670 3348 affectum
1703 3311 1795 3349 fuisse
1814 3314 1938 3363 praedi-

98 3354 155 3397 'ipat
166 3377 179 3397 ,
189 3364 230 3390 vt
248 3355 418 3402 propriam
437 3356 539 3392 vitam
549 3359 586 3393 in
598 3370 724 3403 >eorum
742 3357 873 3394 bonurn
891 3359 1084 3406 impendere
1101 3372 1232 3409 paratus
1243 3359 1350 3396 fuerit.
1375 3362 1452 3396 Hoc
1471 3361 1558 3396 certe
1568 3373 1642 3397 non
1652 3359 1772 3397 sordidi
1782 3373 1839 3410 aut
1857 3374 1940 3408 aua-r

1948 1186 2097 1229 Calminio.
