2268 3705
490 111 1527 172 ADCORINT‘H-CAP-Vir
1913 140 1975 184 ²6?

117 183 428 240 'peruulgatam‘eisc-
456 188 597 224 Facilius
607 190 696 243 enim
707 187 943 243 amplectimur
953 191 1044 236 quod
1053 188 1153 225 nobis
1166 203 1243 225 cum
1262 191 1422 229 omnibus
1431 199 1496 242 piis
1506 198 1658 235 audimus
1684 212 1867 240 commune
1878 206 1957 243 fore¹

117 240 271 275 odiosum
283 239 360 275 verb
371 236 477 273 fuiffet
487 236 689 277 Corinthus,
701 239 840 271 arctiore
851 237 988 273 vinculo
998 239 1100 286 quam
1110 238 1193 274 alios
1205 241 1400 288 constringi.

116 308 119 309 γ
172 322 212 354 18
267 308 476 365 Circtmczfias
493 311 621 365 aliquis
629 319 771 351 vocatus
781 310 850 362 ss?
859 326 904 351 ne
912 310 1056 366 accegslit
1061 318 1274 369 praeputium.
1296 317 1501 371 inpraeputio
1513 318 1641 375 aliquis
1655 334 1796 364 vocatus
1810 332 1860 367 357
1870 331 1887 367 ?
1905 341 1950 370 m.

114 369 365 412 sircuncidatar.
939 413 942 416 ⁴

172 441 208 473 19
266 423 462 480 Citc'nncifio
471 422 566 463 nihil
573 422 671 477 effi&
675 425 879 479 praeputium
888 421 983 466 nihil
991 423 1109 478 estsed
1113 423 1294 480 obseruatio
1305 443 1362 468 ma
1368 429 1550 470 ndaterum
1567 438 1646 476 Dei.

166 488 187 522 2
194 498 212 520 3
269 478 506 535 Vnnsquifique
515 483 554 519 in
562 492 630 534 qua
639 479 894 534 vocatione-fait
904 491 1211 527 vocatus-‚maneat

170 554 186 576 2
194 554 210 578 1
266 545 386 578 Serum
392 544 533 574 vocatas
544 550 580 575 es
589 538 606 574 ?
616 549 661 575 ne
661 535 712 590 stt
718 535 782 587 tibi
789 550 878 577 curae.
894 535 968 597 περ
974 539 1080 575 etiam
1083 538 1184 591 possis
1193 536 1280 577 liber
1275 539 1369 591 fieri,
1385 544 1495 595 magis
1502 553 1614 583 were.

169 609 187 632 2
194 609 213 633 ι,
274 595 410 635 Etenim
419 594 482 646 qui
490 594 529 631 in
539 594 691 632 Domino
702 600 846 632 vocatas
856 591 902 645 est
907 593 1043 647 seruus,
1055 591 1194 632 libertus
1203 599 1351 635 Domini
1359 597 1408 649 est.
1415 599 1576 653 fimiliter
1586 601 1625 648 ῤ’
1639 607 1700 658 qui
1708 601 1795 646 liber
1800 617 1943 648 vocatus

108 650 278 707 cstfiruus
290 650 336 703 est
343 645 475 696 Christi.
521 655 526 662 ”
594 665 623 696 ,32

165 722 185 745 ε.
193 722 209 758 3
267 707 378 745 Pretio
386 706 489 758 empti
500 702 695 757 astina-alite
695 704 778 754 fieri
776 701 869 758 fimi
879 702 1071 745 hominnm.

164 779 213 813 24
270 769 301 801 V
301 759 503 816 nuffiussq‘ue
513 764 553 800 in
563 773 600 800 eo
607 763 647 800 in
659 773 727 814 quo
739 772 880 800 vocatus
890 760 1224 812 e'stfiatrenmaneat
1232 761 1325 819 apud
1330 772 1457 805 Deum.

158 821 193 854 18
245 818 431 862 circuncisio·
441 828 579 854 vocatus,
591 820 668 860 Sec.)
688 818 864 862 Qniam
876 819 1062 851 vocationis
1073 817 1452 857 meminerat‚occasione
1460 833 1592 872 accepta
1602 824 1642 860 ab
1651 835 1715 862 vna
1726 827 1743 862 s
1740 833 1842 876 pecie,
1857 844 1940 880 pana

110 868 181 903 lum
190 867 370 914 digreditur
385 867 420 899 in
430 864 615 913 generalem
627 863 1000 912 exhortationemtquod
1011 865 1125 901 multis
1135 866 1218 902 locis
1228 867 1331 904 facere
1343 867 1456 904 solitus
1466 872 1519 906 est:
1533 878 1567 906 oc.
1577 873 1673 908 simul
1683 877 1815 912 diuersis
1826 893 1941 915 exem-

108 917 173 966 plis
183 914 360 951 confirmat
368 913 459 961 qUOd
469 913 591 948 dixerat
600 913 640 948 de
649 915 824 959 coniugi&
833 914 971 947 Summa
981 912 1074 951 estun
1082 914 1178 950 rebus
1188 919 1327 952 externis
1339 931 1410 953 non
1420 930 1543 955 temere
1552 920 1761 959 resiliendum
1776 926 1835 962 effe
1846 930 1863 962 a
1873 942 1940 964 vo-

107 968 242 1002 catione
251 966 286 998 in
297 973 397 1009 quam
407 958 505 996 semel
516 959 672 1009 ingressus
682 959 721 997 fis
731 961 904 1001 voluntate
915 963 990 997 Dei.
1002 963 1045 996 Et
1055 963 1073 996 a
1082 964 1322 1000 circuncifione
1332 969 1452 1014 incipit
1469 991 1479 1005 ‚
1489 970 1527 1002 de
1537 983 1603 1016 qua
1613 981 1694 1006 tunc
1702 972 1860 1022 plaerique
1870 977 1940 1012 liti-

108 1013 241 1062 gabant.
257 1013 348 1047 Dicit
362 1020 472 1044 autem
485 1011 572 1045 nihil
581 1007 730 1045 interess'e
740 1009 825 1057 apud
833 1011 946 1044 Deum
955 1037 966 1051 ,
979 1009 1215 1047 Gentilisnevfis
1224 1026 1266 1047 an
1277 1015 1414 1050 ludaeus.
1424 1017 1500 1051 ideo
1512 1031 1775 1067 vnumquenque
1786 1022 1869 1058 sorte
1886 1023 1941 1060 sua

104 1072 306 1098 contentum
317 1057 376 1094 effe
385 1058 487 1094 iubet.
496 1060 632 1106 Semper
639 1059 834 1099 tenendum,
844 1057 978 1093 nonnisi
987 1060 1026 1093 de
1035 1053 1196 1108 legitimis
1207 1064 1282 1097 vitae
1293 1064 1469 1110 generibus
1480 1068 1610 1101 tractari
1628 1090 1638 1105 ,
1651 1081 1723 1115 quae
1732 1071 1846 1107 Deum
1855 1073 1941 1108 arbi-

105 1124 194 1146 trum
207 1109 329 1145 habent
340 1111 373 1142 &
384 1106 571 1142 authorem.

129 1155 133 1159 “
152 1169 187 1201 19
226 1155 401 1202 circuncisio
412 1155 493 1189 nihil
501 1154 562 1201 eli.)
611 1155 756 1191 Tametsi
767 1167 882 1204 aptum
896 1164 961 1190 erat
972 1156 1038 1191 hoc
1057 1155 1162 1193 fimile
1173 1158 1213 1193 ad
1231 1157 1419 1206 praesentcm
1432 1162 1559 1199 causam
1571 1187 1580 1202 ‚
1601 1166 1731 1200 videtur
1742 1177 1853 1202 tamen
1865 1169 1938 1203 data

101 1219 203 1256 opera
213 1220 254 1241 eo
265 1204 325 1240 esse
335 1204 420 1242 vsus,
432 1215 465 1238 vt
474 1204 642 1239 Iudaicam
654 1202 919 1253 superstitionem
933 1208 966 1238 δε
976 1204 1198 1241 fimulfastum
1211 1207 1320 1242 obiter
1327 1210 1565 1258 perstringeret:
1583 1215 1625 1247 na
1634 1227 1741 1260 quum
1753 1216 1851 1250 Iudaei
1863 1219 1939 1252 Cir-

101 1254 294 1292 cuncilione
302 1251 608 1302 gloriarentur,fieri
619 1264 748 1301 poterat
757 1264 792 1287 vt
803 1252 901 1287 multi
912 1251 971 1286 fibi
984 1252 1190 1300 displicerent
1200 1254 1246 1289 ob
1257 1260 1469 1304 praeputium,
1485 1259 1546 1294 acsi
1557 1262 1699 1297 deterior
1711 1275 1882 1312 propterea
1893 1265 1940 1300 es—

103 1304 149 1339 set
159 1303 214 1338 sua
223 1304 386 1338 conditio.
397 1300 517 1335 Paulus
528 1314 607 1349 ergo
621 1313 786 1349 vtrunque
799 1303 834 1335 in
844 1313 940 1347 aequo
949 1304 1059 1348 ponit,
1070 1315 1112 1336 ne
1122 1302 1256 1337 alterius
1267 1305 1346 1338 odio
1357 1305 1496 1340 alterum
1508 1308 1602 1343 stulte
1613 1322 1795 1358 appetatur.
1807 1315 1936 1352 Caeteru

101 1353 171 1390 haec
181 1364 242 1401 pro
254 1365 294 1386 eo
304 1361 454 1397 tempore
467 1349 700 1399 intelligenda,
716 1352 859 1396 quoiam
871 1350 1027 1396 abrogata
1036 1360 1103 1383 erat
1112 1350 1318 1385 circuncisio:
1334 1366 1411 1387 nam
1423 1354 1445 1388 fi
1458 1357 1492 1389 in
1505 1355 1609 1391 foedus
1621 1360 1684 1393 Dei
1696 1363 1729 1394 &
1742 1363 1936 1398 mandatum

99 1404 244 1438 intuitus
254 1396 340 1440 effer,
357 1397 461 1447 pluris
472 1411 543 1434 eam
555 1397 734 1432 aestimaffet
745 1396 979 1446 proculdubio.
990 1397 1278 1433 Circuncisionem
1290 1402 1425 1446 quidem
1435 1401 1536 1439 literae
1544 1404 1623 1439 alibi
1633 1419 1786 1443 extenuat
1797 1433 1808 1447 ,
1827 1414 1861 1445 ὃς
1874 1424 1937 1458 pro

99 1449 212 1487 nihilo
223 1447 336 1484 haberi
345 1447 432 1495 apud
442 1448 553 1483 Deum
563 1449 760 1495 pronuntiat
772 1459 779 1480 ε
800 1445 851 1481 sed
860 1445 914 1483 hic
929 1458 1035 1493 quum
1044 1444 1234 1494 simpliciter
1244 1459 1396 1495 opponat
1405 1451 1692 1489 Citcuncisionem
1704 1461 1866 1504 praeputio
1877 1483 1888 1497 ‚
1899 1463 1934 1495 &
1952 1472 2041 1498 mmm
2055 1466 2122 1499 ἅμ,

99 1500 193 1550 paria
201 1497 303 1532 ambo
313 1494 420 1531 faciat:
431 1505 558 1529 certum
571 1496 615 1530 est
623 1496 662 1529 de
672 1494 728 1529 illa
737 1507 896 1576 tanquam
907 1495 946 1529 de
955 1507 988 1528 re
998 1492 1200 1530 indifferenti
1211 1499 1246 1530 δε
1255 1496 1383 1531 nullius
1394 1502 1561 1535 momenti
1573 1500 1715 1548 loquutu
1722 1517 1754 1537 m
1772 1505 1935 1544 effe.Nam
2099 1499 2102 1504 ¹

97 1546 273 1593 abrogatio
284 1544 362 1579 facit
369 1555 405 1578 vr
415 1543 607 1589 mysterium
617 1543 708 1590 quod
717 1543 792 1577 ante
815 1541 860 1577 ub
870 1554 906 1576 ea
916 1541 1163 1584 continebatur,
1175 1545 1240 1578 iam
1252 1544 1293 1578 ad
1303 1558 1374 1579 eam
1387 1549 1550 1594 pertinere
1560 1549 1691 1585 desinat:
1703 1552 1772 1586 ime
1788 1565 1821 1587 vt
1830 1558 1895 1590 iam
1905 1559 1934 1590 i-

126 1592 236 1629 fanon
248 1593 284 1628 sit
295 1591 488 1641 (ignum‚sed
499 1604 546 1625 res
555 1589 674 1638 absque
685 1590 754 1625 vllo
769 1588 916 1625 vsu.nam
926 1590 987 1625 hac
998 1590 1070 1639 lege
1081 1591 1178 1640 legali
1188 1590 1340 1638 symbolo
1349 1592 1534 1643 Baptismus
1545 1595 1702 1640 successit,
1714 1611 1748 1635 vt
1759 1614 1822 1636 nos
1832 1603 1933 1639 Chri-

95 1608 137 1680 iii
146 1645 271 1691 Spiritu
280 1641 463 1677 circuncidi
471 1637 622 1680 sufficiat,
639 1640 720 1674 dum
732 1650 826 1675 vetus
835 1639 943 1675 homo
953 1640 1062 1675 noster
1072 1638 1226 1688 sepelitur
1234 1653 1314 1677 cum
1331 1643 1477 1679 Christo.
1526 1645 1591 1683 sed
1597 1646 1760 1690 obseruatio
1770 1651 1931 1686 mandato-

95 1703 174 1727 rum.
222 1692 342 1737 Qm
350 1689 416 1724 hoc
427 1700 530 1723 vnum
541 1686 615 1722 effer
627 1700 666 1723 ex
676 1689 838 1723 mandatis
849 1714 860 1729 ,
879 1688 1027 1736 quandiu
1037 1691 1243 1726 caeremoniis
1253 1689 1413 1738 legalibus
1422 1693 1578 1730 deuintsta
1587 1694 1651 1731 fuit
1662 1696 1800 1732 Ecclesia
1816 1721 1826 1736 ‚
1838 1712 1856 1733 v
1861 1702 1929 1735 idei

96 1753 173 1776 mus
180 1751 242 1788 pro
253 1731 398 1775 confesso
411 1735 507 1773 sumi,
516 1736 662 1774 aduentu
671 1737 795 1772 Christi
804 1735 964 1772 abolitam
973 1734 1065 1771 fuiffe
1077 1737 1365 1774 Circuncifionem
1376 1767 1386 1781 ,
1408 1753 1444 1776 vt
1452 1736 1536 1777 liber
1545 1745 1679 1791 quidem
1693 1749 1762 1780 eius
1773 1745 1847 1782 esset
1858 1747 1931 1785 vsus

93 1792 182 1824 inter
190 1788 283 1823 rudes
295 1790 329 1821 δε
339 1783 503 1822 infirmos,
514 1784 607 1820 nulla
616 1785 693 1820 vero
706 1784 838 1820 vtilitas.
862 1785 1003 1819 Perinde
1013 1788 1103 1821 enim
1114 1798 1151 1820 ac
1160 1786 1198 1820 de
1209 1799 1243 1821 re
1253 1786 1378 1822 nullius
1389 1795 1555 1825 momenti
1564 1792 1683 1828 Paulus
1695 1793 1896 1841 loquiturzac
1907 1797 1929 1832 si

95 1839 218 1872 diceret
226 1859 237 1874 ,
257 1835 377 1882 Qm
387 1844 520 1868 externa
528 1832 589 1868 lint
600 1833 658 1868 illa
667 1860 677 1872 ‚
688 1848 729 1869 nc
739 1845 771 1867 te
781 1835 967 1871 detineante
978 1832 1029 1869 sed
1039 1836 1195 1882 pietatem
1209 1847 1286 1870 cura
1293 1838 1405 1883 potius
1425 1842 1457 1872 δι
1469 1838 1581 1874 officia
1591 1854 1663 1889 quae
1674 1844 1765 1877 Deus
1777 1848 1927 1891 requirit,

93 1889 130 1921 ὅ(
142 1883 209 1920 sola
218 1883 292 1919 sunt
300 1883 388 1931 apud
397 1895 475 1916 eum
487 1884 523 1916 in
532 1885 650 1929 pretio.
661 1882 766 1929 de
776 1893 887 1917 autem
899 1881 1016 1917 locum
1026 1882 1118 1917 hunc
1129 1882 1272 1931 allegant
1281 1886 1415 1932 Papistae
1424 1888 1462 1921 ad
1472 1887 1697 1925 destruendam
1717 1890 1792 1926 fidei
1811 1894 1928 1928 iustifia

92 1935 274 1970 tationem,
285 1930 411 1981 puerile
422 1931 475 1964 cst.
502 1931 623 1979 Neque
636 1934 727 1965 enim
738 1929 792 1966 hic
802 1930 923 1965 Paulus
934 1932 973 1965 de
982 1931 1075 1966 causa
1085 1932 1214 1966 iustitia:
1222 1930 1382 1980 disputat,
1402 1948 1462 1971 nec
1472 1939 1647 1982 quomodo
1659 1953 1730 1973 eam
1743 1940 1927 1989 consequa-

92 1995 179 2018 mut:
190 1981 242 2015 sed
252 1980 381 2014 tantum
392 1979 461 2026 quo
471 1979 664 2014 incumbere
672 1979 811 2014 debeant
823 1978 970 2013 fidelium
982 1978 1159 2017 studia‚acs1
1171 1980 1303 2019 diceret,
1314 1982 1433 2018 Nolite
1443 1987 1479 2018 in
1489 1984 1584 2020 rebus
1595 1990 1687 2022 vanis
1698 1987 1811 2023 frustra
1822 2003 1924 2027 occu-

91 2033 173 2080 pari:
188 2029 239 2063 sed
250 2031 362 2076 potius
375 2040 432 2061 vos
444 2029 480 2061 in
491 2026 610 2064 officiis
625 2041 697 2074 quae
706 2028 784 2062 Deo
795 2027 977 2075 probantur
988 2039 1142 2063 exercete.

141 2091 182 2113 20
224 2080 258 2113 V
261 2077 436 2122 nuſsqnifque
444 2078 476 2108 in
484 2088 544 2121 qua
553 2079 739 2120 vocatione.)
778 2077 857 2110 Hoc
874 2087 973 2124 caput
983 2077 1027 2111 est
1039 2078 1123 2110 vnde
1134 2076 1261 2124 reliqua
1269 2078 1435 2113 ducuntur
1447 2090 1454 2114 ἐ
1476 2091 1511 2114 vt
1523 2075 1663 2128 quisque
1680 2087 1857 2120 vocatione
1871 2085 1924 2122 sua

91 2137 357 2163 contentus,eam
368 2123 641 2172 sequatur,neque
651 2123 719 2160 alio
728 2123 928 2158 transuolare
937 2136 1078 2172 appetat.
1090 2127 1231 2160 Vocatio
1242 2129 1277 2160 in
1290 2125 1345 2161 scri
1352 2131 1454 2174 pruris
1467 2129 1509 2162 est
1521 2128 1671 2176 legitima
1682 2134 1815 2167 viuendi
1825 2138 1920 2169 ratior

89 2175 188 2211 habet
200 2176 290 2209 enim
298 2172 494 2208 relationem
505 2173 544 2206 ad
553 2175 665 2208 Deum
676 2184 853 2207 vocantem
864 2186 872 2206 z
883 2175 1001 2220 nequis
1011 2173 1072 2207 hac
1082 2171 1241 2208 sententia
1250 2175 1402 2210 abutatur
1411 2177 1449 2209 ad
1461 2176 1652 2212 stabilienda
1660 2182 1796 2215 viuendi
1819 2195 1922 2229 gene-

88 2236 125 2259 ra
134 2248 144 2263 ‚
155 2237 227 2271 qua:
239 2224 344 2270 impia
360 2232 417 2255 aut
429 2219 543 2255 vitiosa
555 2219 614 2255 effe
624 2222 761 2255 constat.
770 2221 832 2255 Sed
842 2220 898 2255 hie
907 2224 1062 2268 quaritur
1071 2234 1113 2256 an
1124 2224 1243 2258 Paulus
1255 2224 1392 2258 statuere
1406 2224 1552 2272 aliquam
1564 2225 1807 2274 obligationem
1831 2231 1922 2266 veliti

27 2278 31 2282 ”
86 2271 154 2307 hoc
173 2274 263 2306 enim
274 2269 390 2305 sonant
408 2268 507 2303 verba
516 2271 552 2303 in
562 2268 703 2317 speciem
713 2292 723 2306 ,
734 2268 795 2305 suae
805 2282 961 2316 quenque
973 2272 1143 2305 vocationi
1154 2271 1349 2307 deuineimn
1365 2270 1423 2306 esse
1435 2297 1444 2310 ,
1453 2285 1489 2307 vt
1501 2272 1541 2307 ab
1552 2287 1588 2308 ea
1607 2275 1774 2311 desciscere
1783 2291 1853 2314 non
1866 2280 1923 2313 de-v

87 2318 163 2356 beat
176 2333 184 2354 ε
195 2321 287 2367 atqui
299 2319 331 2352 id
341 2320 443 2353 nimis
451 2318 573 2352 dutum
584 2315 659 2352 esset
667 2341 677 2354 ‚
688 2315 801 2352 sartori
810 2331 881 2352 non
892 2316 990 2352 licere
1001 2317 1093 2352 aliud
1111 2318 1287 2366 opificium
1298 2318 1430 2361 discere,
1460 2326 1635 2358 mercatori
1645 2337 1716 2359 non
1727 2324 1824 2361 licere
1835 2339 1925 2365 tran-

86 2367 146 2403 flre
159 2368 198 2402 ad
207 2366 453 2415 agriculturam.
473 2365 674 2414 Respondeo
685 2366 772 2401 hanc
782 2379 852 2400 tion
863 2360 923 2399 effe
933 2368 1159 2401 intentionem
1171 2368 1344 2415 Apostoli:
1371 2368 1444 2403 vult
1454 2372 1544 2404 enim
1555 2373 1684 2406 tantum
1695 2377 1858 2422 corrigere
1870 2379 1924 2410 in-

85 2415 274 2452 consultam
293 2415 510 2462 cupiditatem
519 2437 530 2452 ,
551 2427 623 2461 quae
633 2413 820 2450 nonnullos
840 2413 985 2448 solicitat
995 2414 1035 2448 ad
1046 2416 1244 2451 mutandum
1255 2417 1372 2451 statum
1383 2416 1450 2452 fine
1460 2419 1541 2453 iusta
1551 2419 1661 2455 causa:
1680 2419 1746 2457 siue
1759 2424 1792 2456 id
1813 2421 1924 2472 supet-

87 2466 222 2500 stitione
231 2487 240 2502 ‚
251 2462 316 2499 siue
324 2462 392 2499 alio
403 2461 547 2511 impulsu
557 2462 697 2498 faciant:
709 2463 829 2497 deinde
850 2474 1116 2509 vnuinquenque
1125 2475 1258 2505 reuocat
1268 2466 1307 2499 ad
1318 2465 1402 2500 hanc
1414 2479 1550 2513 quoque
1562 2468 1708 2515 regulam
1720 2492 1730 2507 ,
1753 2482 1788 2504 vt
1803 2485 1834 2505 m
1840 2477 1922 2507 emi*

85 2516 198 2548 nerint
214 2512 296 2559 quid
307 2510 368 2546 suae
377 2513 548 2546 vocationi
566 2513 756 2546 conueniat.
785 2512 869 2545 Non
884 2523 961 2558 ergo
973 2508 1193 2547 neceffitatem
1211 2516 1368 2560 cuiquam
1381 2518 1529 2562 imponit
1548 2518 1704 2551 manendi
1717 2521 1751 2552 in
1765 2522 1838 2554 virae
1861 2533 1923 2555 oe—

84 2573 162 2596 nere
173 2560 270 2596 semel
279 2558 428 2606 suscepto
439 2572 446 2593 :
458 2557 511 2594 sed
521 2561 790 2606 inquietudinem
803 2562 913 2606 potius
925 2559 1070 2597 damnat,
1080 2573 1152 2607 quae
1166 2574 1238 2596 non
1250 2566 1373 2610 patitur
1383 2561 1529 2610 {iugulos
1541 2566 1575 2598 in
1589 2563 1642 2598 sua
1654 2567 1851 2603 conditione
1861 2550 1922 2619 ga-

84 2620 159 2645 cato
170 2612 286 2644 animo
297 2608 425 2642 staretac
435 2607 575 2646 iuber‚vt
585 2620 686 2655 quam
696 2606 835 2654 quisque
846 2610 995 2655 Spartam
1005 2610 1121 2643 nactus
1132 2609 1262 2648 est‚eam
1275 2612 1410 2649 colam:
1422 2611 1520 2646 habet
1531 2623 1623 2647 vetus
1633 2614 1861 2660 prouerbium.

89 2674 91 2677 ·
132 2669 163 2692 21
211 2661 325 2692 Seruus
333 2665 458 2690 vocatus
466 2659 526 2701 es?)
565 2657 724 2691 Videmus
734 2656 791 2690 hic
802 2667 837 2689 vt
845 2655 937 2699 Pauli
948 2654 1064 2703 scopus
1079 2655 1116 2691 fit
1124 2655 1342 2693 conscientias
1352 2671 1467 2706 pacare
1482 2673 1490 2693 ι
1502 2673 1579 2695 nam
1592 2660 1700 2697 seruos
1713 2663 1805 2698 iubet
1827 2665 1920 2700 bono

84 2703 145 2741 oesse
154 2708 281 2744 animo,
295 2717 357 2739 nec
365 2703 500 2744 turbari,
511 2703 572 2740 acsi
581 2705 824 2752 impedimento
836 2703 900 2738 illis
912 2700 986 2738 effer
1002 2704 1140 2740 seruitus
1149 2728 1160 2742 ,
1172 2710 1355 2752 quominus
1366 2709 1440 2741 Deo
1451 2705 1601 2743 seruiant.
1662 2710 1705 2743 N
1704 2723 1719 2742 e
1725 2713 1762 2761 sit
1773 2724 1851 2761 ergo
1864 2712 1922 2746 nbi

85 2767 171 2795 curae,
181 2753 247 2790 hoc
257 2755 310 2791 est,
325 2766 366 2788 ne
378 2752 414 2787 sis
425 2755 541 2789 anxius
550 2777 559 2789 ‚
568 2754 743 2799 quomodo
755 2755 873 2801 iugum
884 2754 1026 2786 excutias
1036 2776 1046 2789 ‚
1067 2753 1128 2788 acsi
1138 2756 1290 2790 conditio
1303 2753 1376 2789 essct
1391 2756 1581 2791 Christiano
1591 2757 1739 2805 indigna,
1753 2759 1805 2794 sed
1812 2763 1918 2796 animi

86 2801 216 2838 securus
228 2804 306 2837 esto.
315 2805 428 2847 Atque
438 2800 518 2835 hinc
528 2801 807 2848 colligimusumn
817 2801 947 2835 tantum
983 2802 1170 2837 touidentia
1179 2804 1244 2837 Dei
1253 2804 1424 2841 distinctos
1437 2801 1497 2838 esse
1507 2807 1541 2839 in
1554 2807 1682 2840 mundo
1692 2809 1807 2854 gradus
1819 2813 1853 2843 δε
1865 2821 1920 2843 or-

86 2851 192 2894 dines,
205 2849 256 2885 sed
267 2853 338 2885 eius
347 2861 484 2897 quoque
493 2848 596 2884 verbo
604 2851 738 2897 praecipi
753 2847 900 2897 ipsorum
910 2847 955 2884 ob
971 2851 1186 2885 eruationem.
1235 2855 1283 2885 At
1281 2853 1315 2898 fi
1319 2854 1410 2885 etiam
1415 2854 1501 2900 poffis
1513 2852 1601 2887 liber.
1628 2855 1790 2891 Particula
1800 2859 1918 2895 Etiam,

83 2910 156 2934 non
165 2898 264 2933 aliam
283 2898 524 2941 (meoiudicio)
543 2897 724 2946 emphasim
735 2898 833 2932 habet
844 2923 854 2938 ,
874 2899 974 2944 quam
987 2896 1009 2931 si
1019 2896 1164 2939 dixisset,
1183 2901 1214 2932 Si
1225 2898 1302 2935 loco
1311 2898 1477 2936 seruitutis
1487 2905 1612 2947 poteris
1623 2905 1721 2939 etiam
1733 2905 1772 2937 ad
1783 2904 1915 2938 liberta-

85 2955 156 2980 tem
173 2949 343 2995 peruenire
354 2969 363 2984 ‚
387 2945 452 2980 hoc
462 2945 521 2980 tibi
535 2944 632 2980 fuerit
642 2947 866 2981 commodius.
892 2945 1045 2980 Dubium
1056 2957 1167 2982 autem
1182 2948 1236 2985 est,
1246 2947 1468 2982 connectatne
1479 2949 1663 2984 sermonem
1675 2975 1684 2988 ,
1704 2964 1803 2997 quem
1816 2952 1916 2986 habe*

85 2992 144 3027 bat
152 2995 192 3029 ad
209 2994 317 3030 seruos
327 3022 338 3037 ,
351 3007 392 3029 an
403 2995 442 3028 ad
454 2993 574 3029 liberos
587 2992 617 3028 se
627 3004 811 3030 conu'ettat.
829 2996 874 3028 ita
884 2992 1013 3035 ’γενέσθαι
1023 3006 1083 3042 pro
1095 2993 1154 3029 effe
1165 2994 1356 3045 simpliciter
1367 2996 1422 3030 hic
1432 2995 1506 3031 esset
1517 2997 1671 3044 pofitum.
1695 3002 1837 3045 Vterque
1847 2998 1918 3033 sen—

85 3039 140 3075 sus
149 3054 221 3078 non
239 3043 324 3078 male
339 3043 475 3090 quadrat
484 3067 494 3080 ,
506 3047 541 3077 δε
551 3044 670 3078 eodem
681 3053 818 3089 Vterque
827 3043 952 3077 recidit.
961 3043 1032 3078 vult
1042 3043 1159 3077 docere
1169 3069 1179 3083 ‚
1199 3057 1270 3078 non
1282 3044 1386 3078 modo
1395 3044 1519 3080 bonam
1531 3045 1590 3080 eise
1599 3046 1782 3082 libertatem
1795 3073 1804 3086 ,
1817 3045 1866 3080 sed
1879 3060 1919 3081 e··‘

87 3091 171 3124 tiam
183 3088 336 3126 seruitute
353 3091 634 3126 commodiorem.
658 3093 690 3125 Si
700 3090 808 3125 seruos
828 3089 1028 3140 alloquatur,
1047 3093 1107 3126 erit
1118 3087 1226 3126 sensus
1235 3116 1245 3130 ,
1259 3094 1378 3138 Qum
1389 3106 1449 3127 vos
1462 3093 1561 3128 iubeo
1571 3097 1691 3128 animis
1709 3093 1825 3128 secutis
1840 3094 1912 3133 effe,

82 3149 159 3173 non
169 3139 329 3185 prohibeo
338 3141 522 3186 quominus
532 3138 681 3173 libertate
693 3142 792 3174 etiam
804 3138 980 3177 fruamini,
992 3138 1015 3173 fi
1025 3138 1121 3172 vobis
1131 3138 1301 3177 obueniat.
1314 3142 1364 3174 Ad
1376 3140 1497 3175 liberos
1510 3167 1519 3181 ‚
1534 3143 1593 3174 erit
1604 3137 1723 3188 species
1734 3140 1917 3177 concellio-

82 3187 149 3221 nis:
159 3185 246 3232 quasi
257 3187 386 3225 dicerer,
400 3189 519 3222 Seruos
528 3186 623 3223 bono
632 3190 749 3222 animo
759 3183 818 3221 ess'e
829 3186 941 3223 iubeo:
951 3186 1077 3224 tametsi
1088 3188 1187 3225 status
1196 3188 1377 3225 liberorum
1390 3190 1508 3224 melior
1519 3194 1552 3223 ὅ(
1565 3191 1668 3240 magis
1680 3190 1916 3236 expetendusdi

86 3234 183 3268 detur
195 3236 304 3281 optio.

130 3293 168 3316 22
216 3284 336 3317 etenim
345 3286 398 3328 qui
406 3286 436 3316 in
445 3288 583 3319 ‘Domino
593 3295 725 3318 vocatus
735 3281 773 3326 est
773 3284 905 3327 strum.)
954 3285 1075 3318 Vocati
1087 3280 1216 3318 seruum
1232 3287 1267 3318 in
1276 3284 1490 3321 Domin0‚est
1501 3296 1538 3317 ex
1549 3283 1716 3317 seruorum
1730 3296 1848 3332 genere
1860 3289 1916 3323 de..

82 3328 146 3378 ligi
155 3353 166 3368 ‚
195 3334 229 3365 &
243 3328 311 3364 fieri
321 3333 512 3380 participem
523 3332 646 3368 Christi
655 3335 775 3380 gratiae.
786 3330 891 3365 Porro
902 3331 970 3366 haec
981 3331 1139 3366 sententia
1149 3333 1189 3366 ad
1197 3332 1366 3366 seruorum
1378 3330 1640 3366 consolationem
1653 3336 1686 3366 ἃ
1699 3330 1793 3369 fimul
1804 3347 1917 3372 retun-

22 3419 38 3430 .‚
82 3379 230 3416 ‘lendum
249 3380 475 3426 ingenuorum
492 3377 609 3416 fastum
620 3380 725 3429 posita
739 3378 794 3415 est.
821 3381 996 3428 Qioniam
1008 3377 1118 3417 seruos
1129 3377 1223 3417 sonis
1232 3379 1293 3415 ssiae
1307 3385 1415 3427 piget,
1442 3380 1480 3413 eb
1490 3379 1581 3425 quod
1591 3379 1712 3417 abiecti
1731 3380 1792 3418 lint
1805 3387 1838 3422 ὅ(
1856 3385 1913 3424 de-
