2268 3705
101 1362 294 1399 2.Tim.4.b.1o.

303 102 354 140 55²
879 82 1622 134 IN'EPIS'FPAVLI

367 173 405 213 23
465 157 660 199 Salmantte
671 149 846 214 Epaphras
857 157 1071 210 concaptiuus
1079 167 1180 192 meus
1191 155 1230 193 in
1242 150 1373 204 christo
1386 152 1467 207 lefia.

368 232 388 255 2
398 233 418 266 4
475 223 651 261 emarcus,
669 210 898 258 Aristarchus,
909 219 1054 255 Demus,
1064 216 1172 249 Lucas
1185 211 1363 264 cooperarii
1372 212 1453 247 mei.

367 287 406 324 ις
472 275 596 314 Gratia
606 272 752 311 Domini
762 269 870 321 nostri
880 265 953 320 lesio
964 264 1089 318 christi
1096 279 1170 305 cum
1179 266 1303 318 spiritu
1313 265 1435 316 vestro.
1462 271 1615 306 tAmen.

530 326 588 367 Ad
602 334 627 366 P
633 326 840 365 hilemonem
849 321 1022 378 mfftfuit
1030 320 1048 359 ὲ
1056 329 1232 377 Romaper
1238 322 1431 376 Onesimum
1439 317 1586 371 semum.

361 404 403 430 ιο
442 391 664 438 Cerzzfraser.)
714 391 794 424 Haec
805 385 984 422 affirmatio
994 387 1034 423 ad
1043 387 1200 422 hortandi
1208 386 1456 421 vehementiam
1466 384 1570 432 posita
1579 385 1634 419 estz
1647 383 1708 420 acii
1719 383 1845 420 dixiffit
1854 410 1865 424 ,
1878 387 1977 422 Tune
1990 388 2155 424 conffibig

316 445 467 482 demum,
478 442 563 478 nihil
577 444 594 476 a
605 453 657 474 me
667 439 730 473 tibi
767 435 951 484 separatum
969 433 1042 476 elle,
1059 438 1142 482 quin
1155 434 1268 482 &ipse
1279 435 1365 468 mihi
1381 433 1453 467 vere
1471 432 1509 467 lis
1519 434 1686 472 addictus,
1708 437 1740 469 δι’
1753 445 1808 469 tua
1817 438 1933 469 omnia
1943 440 2008 470 mci
2028 436 2154 472 asban]

315 493 390 531 lint,
404 492 426 527 fi
439 490 572 528 abolitis
585 486 714 523 offensis
726 489 761 520 in
772 486 913 532 gratiam
926 485 1064 531 recipias
1075 486 1134 529 qui
1145 482 1187 516 sic
1200 482 1285 516 mihi
1296 483 1502 517 coniunctus
1513 483 1565 516 est.
1582 484 1632 516 Ac
1643 485 1764 517 iterum
1776 488 1894 532 repetit
1905 486 1991 519 idern
2009 485 2155 532 loquen-

314 542 349 576 di
361 554 466 590 genus
477 542 516 575 de
531 538 678 581 viscerum
687 535 916 579 refocillatione.
924 531 1005 566 hinc
1016 533 1094 565 vero
1104 531 1312 578 colligimus,
1324 529 1386 565 fide
1397 532 1486 564 Euan
1491 529 1571 577 gelii
1582 544 1654 566 non
1665 534 1768 565 euerti
1778 532 1957 579 politicum
1989 535 2156 572 ordinem,

316 603 426 637 neque
436 593 487 624 ius
497 600 532 622 ac
544 586 724 632 imperium
734 582 885 629 abrogari
912 581 1062 615 dominis
1075 583 1109 614 in
1122 579 1242 613 seruos.
1258 579 1380 625 Neque
1391 581 1481 613 enim
1494 592 1577 613 vnus
1588 592 1626 613 ex
1637 579 1733 627 plebe
1743 592 1810 615 erat
1820 580 1998 616 Philemon
2012 605 2024 619 ,
2048 581 2148 618 sedin

317 638 497 674 excolenda
508 634 632 669 Christi
655 634 752 666 vinea
762 629 858 664 Pauli
868 631 1082 676 cooperarius
1094 642 1103 663 ε
1113 630 1147 663 &
1157 639 1270 661 tamen
1282 637 1352 662 non
1364 629 1500 675 eripitur
1521 627 1710 662 dominatio
1721 630 1757 663 in
1769 627 1897 663 seruum
1909 642 1982 677 quae
2009 629 2156 678 Legibus

317 685 470 736 permissa
483 693 560 720 erat,
572 679 624 715 sed
635 681 764 715 tantum
777 679 968 713 humaniter
977 678 1052 711 data
1062 680 1171 713 venia,
1187 689 1264 711 eum
1275 680 1418 725 recipcre
1428 676 1571 710 iubetur.
1583 676 1654 710 imo
1665 675 1856 724 suppliciter
1866 677 2059 725 deprecatur
2071 680 2157 714 Pau.

318 737 370 770 lus
382 745 416 767 vt
431 733 624 781 ptistrinum
637 729 751 764 locum
764 727 924 761 obtineat.
935 725 1038 760 Porro
1050 737 1117 759 tam
1128 723 1280 759 subnnffa
1290 724 1384 759 Pauli
1397 726 1585 772 deprecatio
1597 725 1754 759 admonet
1765 726 1866 772 quam
1879 727 1898 759 a
1911 738 1986 760 vera
1995 726 2161 775 resipisce-

300 821 302 823 ,
319 786 364 818 tia
375 780 493 831 procul
502 780 611 814 adhuc
629 777 734 812 abfint
745 779 804 823 qui
814 777 1057 810 contumaciter
1067 771 1121 808 sua
1129 775 1210 807 vitia
1220 771 1382 808 excas-'anot
1396 773 1448 807 vel
1461 772 1526 807 line
1536 773 1662 820 pudore
1674 777 1707 807 δε
1719 772 1784 808 sine
1794 773 1996 809 humilitatis
2007 779 2103 823 ligno
2114 774 2158 812 sic
2215 793 2220 797 ·
2251 802 2255 807 ,

318 832 463 867 fatentur
476 827 505 864 se
520 825 661 877 peccasse
671 824 733 861 acsi
744 835 918 870 nunquam
930 820 1122 870 peccassent.
1134 819 1232 856 Certe
1243 834 1349 868 quum
1360 832 1428 856 tam
1439 820 1597 856 illustrem
1619 821 1744 856 Christi
1756 822 1958 870 Apostolum
1969 820 2094 859 videret
2105 825 2160 859 0-
2210 814 2255 853 “·,”·

322 880 466 916 uelimus
477 903 486 918 ,
501 889 568 912 tam
580 878 676 910 anxie
688 873 742 908 sua
752 876 844 907 caula
854 883 980 918 rogare,
994 871 1104 905 multo
1116 872 1221 918 magis
1233 869 1406 905 humiliari
1418 872 1569 917 oportuit
1578 895 1590 910 ,
1601 871 1670 916 quo
1681 872 1753 905 heri
1763 869 1810 905 sui
1820 873 1973 906 animum
1985 874 2025 906 ad
2035 873 2160 907 cleme-

319 933 402 964 tiam
413 928 569 963 fleetetet.
581 926 657 959 Huc
669 924 824 971 pertinet,
838 920 931 967 quod
943 922 1072 966 excusat
1084 917 1115 954 se
1126 916 1349 954 confidentius
1361 917 1523 966 scripsiffe,
1533 922 1613 966 quia
1623 918 1717 954 sciret
1729 919 2160 969 Philemonem,plusquam
2216 959 2222 964 ,

303 988 456 1029 'togatus
467 973 554 1012 effet,
573 973 750 1008 facturum.

370 1037 406 1060 22
457 1026 559 1059 Simul
569 1019 640 1056 verb
649 1020 821 1070 prepara.)
871 1018 951 1051 Haec
960 1015 1080 1052 fiducia
1090 1017 1190 1051 instar
1199 1013 1324 1049 stimuli
1333 1014 1394 1049 effe
1404 1014 1518 1049 debuit
1527 1015 1565 1049 ad
1577 1017 1844 1063 permouendurn
1857 1016 2093 1053 Philemonem
2101 1019 2160 1055 de-

320 1076 400 1109 inde
411 1073 501 1122 spem
513 1067 746 1119 gratulationis
760 1069 790 1101 ei
801 1067 878 1101 facit
891 1064 949 1100 suo
959 1066 1116 1100 aduentu.
1128 1066 1335 1111 Qanquam
1345 1074 1455 1098 autem
1467 1062 1606 1098 nascitur
1617 1077 1657 1099 an
1670 1064 1796 1101 solutus
1810 1067 1922 1114 postea
1931 1065 2030 1101 fuerit
2040 1066 2162 1103 Paulus
2206 1100 2209 1106 ,

322 1137 361 1158 ex
375 1121 528 1157 vinculis:
542 1118 629 1154 nihil
640 1129 753 1151 tamen
765 1116 808 1150 est
819 1113 986 1151 absurdi‚si
997 1112 1064 1161 spes
1076 1113 1208 1160 qualem
1221 1111 1448 1160 dentemporali
1458 1113 1522 1145 Dei
1532 1111 1697 1148 beneficio
1711 1118 1994 1162 conceperit‚eum
2013 1112 2175 1152 frustrata·
2201 1111 2220 1131 ”

321 1171 428 1206 fucrit,
448 1159 568 1216 NLque
581 1169 669 1200 enim
684 1166 722 1200 dc
737 1163 791 1200 sua
802 1163 999 1198 liberatione
1009 1162 1102 1196 aliter
1114 1161 1176 1196 fuit
1190 1158 1356 1208 persuasus
1369 1186 1379 1200 ,
1395 1172 1495 1207 quam
1508 1158 1532 1200 fi
1542 1162 1584 1194 ita
1596 1162 1671 1196 Deo
1683 1161 1790 1206 visum
1805 1161 1890 1197 efl'ct.
1911 1167 2027 1212 ltaque
2035 1155 2163 1213 semper

321 1223 472 1255 animum
483 1217 576 1251 suum
588 1212 776 1263 suspensum
788 1212 1018 1249 tenuit‚donec
1029 1222 1153 1245 euentu
1166 1208 1331 1257 patefieret
1342 1211 1407 1244 Dei
1418 1207 1784 1245 voluntas.Not.mdum
1798 1214 1896 1246 etiam
1907 1213 1950 1246 est
1962 1215 2054 1259 quod
2065 1214 2162 1251 dicit,

322 1267 474 1303 fidelibus
486 1267 603 1300 donari
614 1263 775 1310 quicquid
788 1260 851 1295 suis
862 1259 1014 1310 precibus
1026 1262 1225 1307 impetrant:
1237 1270 1315 1292 nam
1326 1258 1406 1292 hinc
1417 1256 1611 1305 colligimus
1621 1281 1631 1296 ‚
1651 1262 1794 1305 quanuis
1806 1257 1925 1296 effetStu
1936 1274 2010 1295 non
2029 1271 2162 1298 careant
2209 1274 2212 1276 ·

322 1329 434 1365 preces
446 1314 563 1350 nossrae
573 1326 643 1347 non
655 1311 760 1345 valere
772 1322 884 1344 tamen
895 1308 952 1343 suo
965 1310 1094 1344 merito:
1110 1310 1189 1354 quia
1198 1309 1382 1354 gratuitum
1394 1306 1538 1353 estquod
1549 1305 1614 1341 illis
1624 1309 1828 1342 conceditur.

372 1377 418 1410 24
469 1364 622 1402 Demus.)
673 1362 739 1395 Hic
751 1359 794 1393 est
803 1360 819 1393 a
830 1370 898 1406 quo
910 1358 1021 1406 postea
1031 1356 1172 1391 desertus
1183 1354 1246 1389 fuit
1258 1381 1269 1395 ,
1286 1354 1568 1402 quemadmodum
1590 1357 1625 1392 in
1637 1354 1776 1393 secunda
1785 1357 1826 1393 ad
1835 1357 2060 1393 Timotheum
2081 1360 2164 1406 Epi·

321 1414 402 1449 stola
412 1413 638 1459 conqueritur.
650 1407 756 1455 Qd
769 1407 789 1441 [ι
799 1419 904 1441 vnum
917 1419 953 1440 ex
969 1404 1063 1440 Pauli
1072 1403 1280 1439 adiutoribus
1290 1404 1386 1437 taedio
1401 1402 1543 1438 fractum
1553 1403 1592 1437 ad
1603 1401 1633 1439 se
1645 1406 1765 1438 iterum
1777 1407 1909 1442 retraxit
1919 1406 2038 1440 mundi
2063 1409 2160 1442 vani-

322 1475 382 1502 tas,
394 1475 497 1497 nemo
509 1462 607 1494 vnius
619 1470 698 1494 anni
710 1456 832 1491 femori
845 1453 991 1491 nimium
1002 1452 1159 1491 confidat:
1174 1450 1227 1487 sed
1236 1462 1392 1501 reputans
1402 1463 1569 1500 quantum
1577 1450 1637 1487 fibi
1650 1452 1758 1488 adhuc
1767 1455 1896 1489 itineris
1905 1455 1941 1488 in
1952 1455 2055 1490 stadio
2065 1454 2162 1504 super

323 1512 370 1551 fit,
383 1523 472 1560 petat
483 1510 663 1544 aDomino
675 1504 908 1542 constantiam.

370 1588 912 1656 PoTr'Nriss-
968 1599 1086 1646 Ac
1143 1599 1606 1646 SERENiss-
1662 1602 1694 1646 P
1736 1598 2113 1649 RINCIPI

416 1680 857 1723 SlGlSMVNDO
908 1678 1240 1720 AVGVSTO,
1279 1680 1385 1714 DEI
1423 1679 1696 1717 GRATiA,
1743 1679 2066 1719 POLONIAE

578 1751 720 1785 Reor,
747 1756 930 1780 MAGNO
957 1744 1090 1778 Dvcr
1127 1742 1934 1782 LxruvnnrAE,Rvsma‚PRvssi.e

841 1804 879 1829 ac
887 1793 1065 1829 Mazouiae,
1077 1794 1142 1826 &c.
1157 1792 1300 1825 domino
1312 1796 1347 1826 &
1363 1791 1483 1827 haeredi
1492 1791 1619 1828 lohan-

1059 1852 1119 1876 nes
1131 1838 1296 1878 Caluinus
1306 1841 1337 1875 S.

349 1981 355 1983 ,
369 1951 414 1992 2²
446 1960 452 1967 ·-
533 1946 563 1979 V
572 1946 601 1978 V
612 1945 651 1978 M
671 1954 740 1977 tam
752 1939 850 1975 multi
861 1939 960 1974 hodie
972 1936 1081 1973 insulsi
1093 1938 1264 1975 homines,
1273 1935 1388 1985 paffim
1398 1948 1436 1971 ac
1445 1947 1567 1973 temere
1578 1936 1984 1986 scripturi6d0‚impetit0s
1995 1943 2030 1975 &
2043 1943 2158 1978 minus

364 2014 384 2024 ,-
461 2019 469 2031 ,
488 1990 511 2036 ᾖ
534 2004 651 2027 acutos
663 1993 818 2026 Lectores
828 1987 893 2023 suis
905 1989 1004 2034 nugis
1015 1996 1193 2033 occupent,
1204 1984 1418 2025 Clariis-Rex,
1427 1987 1465 2019 ad
1476 1986 1541 2021 hoc
1550 1989 1633 2020 vitiu
1644 1987 1707 2023 alia
1716 1998 1854 2033 quoque
1870 1989 2052 2035 indignitas
2065 2002 2160 2025 acce-

447 2077 453 2079 Δ
509 2033 518 2043 ’
537 2042 595 2076 dit.
606 2040 788 2088 quoddurn
798 2036 950 2084 Regibus
961 2032 1098 2081 aliisque
1109 2032 1317 2081 principibus
1327 2037 1404 2068 viris
1417 2032 1599 2069 inscribunt
1610 2034 1679 2070 suas
1691 2038 1844 2082 ineptias,
1854 2047 1892 2069 vt
1902 2037 1952 2070 his
1963 2036 2160 2075 incidissel

332 2073 422 2132 Qsp
451 2079 505 2129 ἐ,
539 2090 652 2124 saltem
663 2088 811 2135 tegendis
825 2084 1033 2133 splendorem
1048 2082 1125 2117 inde
1136 2093 1342 2116 mutuentur:
1354 2095 1424 2116 non
1436 2083 1564 2117 tantum
1575 2085 1668 2117 Sacra
1678 2083 1807 2130 alioqui
1817 2086 1960 2118 nomina
1968 2081 2160 2133 profanant,

328 2133 380 2176 sed
392 2152 517 2189 partem
530 2138 595 2173 illis
607 2139 751 2186 quodam
758 2136 860 2170 modo
870 2131 918 2168 sui
928 2133 1096 2167 dedecoris
1106 2129 1292 2179 aspergunt.
1305 2131 1395 2165 Facit
1405 2142 1484 2177 ergo
1495 2133 1689 2178 importuna
1700 2131 1816 2166 talium
1825 2132 2007 2168 hominum
2021 2138 2159 2170 temeri-

330 2201 378 2224 tas
389 2201 422 2223 vt
433 2189 640 2224 excusatione
652 2198 737 2234 opus
747 2184 887 2219 habeant
897 2194 1011 2231 graues
1022 2193 1059 2215 ac
1070 2181 1231 2214 moderati
1241 2177 1423 2226 scriptores,
1434 2179 1456 2213 [ι
1469 2180 1603 2226 quando
1615 2183 1745 2228 magnis
1753 2182 1832 2214 viris
1845 2180 1977 2228 publice
1987 2183 2095 2218 dicare
2105 2186 2162 2219 in-

330 2239 472 2274 stituunt
482 2237 609 2272 labores
621 2233 706 2270 suos:
717 2236 752 2268 in
764 2232 885 2279 quibus
897 2242 1006 2265 tamen
1017 2227 1196 2264 adeb11ihil
1207 2228 1250 2262 est
1262 2229 1509 2275 paenitendum,
1519 2239 1554 2262 vt
1574 2241 1690 2262 eorum
1702 2229 1825 2275 quibus
1837 2226 2033 2269 offeruntur,
2046 2235 2161 2280 magni

333 2287 442 2322 tudini
453 2284 619 2320 luculente
632 2281 858 2331 respondeant.
870 2280 947 2313 Hoc
958 2279 1033 2316 ideo
1043 2276 1168 2326 praefari
1180 2275 1291 2313 libuit,
1303 2290 1344 2310 ne
1355 2288 1392 2310 ex
1403 2289 1520 2311 eorum
1533 2289 1676 2311 numero
1687 2289 1770 2312 vnus
1783 2276 1842 2311 esse
1853 2279 2034 2326 videat,qui
2044 2284 2162 2328 perin-

331 2337 371 2370 de
382 2334 442 2369 acsi
455 2334 566 2368 liceret
577 2331 738 2380 quicquid
751 2328 853 2376 vulgo
866 2326 947 2365 ficri,
958 2325 1143 2375 quamlibet
1152 2328 1335 2374 perperam,
1345 2323 1520 2359 consueuit
1529 2349 1539 2362 ,
1555 2325 1699 2359 aliorum
1710 2327 1864 2373 exemplo
1877 2327 1994 2362 audere
2005 2326 2063 2363 fibi
2078 2341 2163 2377 ‘per-

333 2386 484 2419 mittunt.
496 2382 617 2430 Neque
629 2380 705 2414 vero
718 2391 770 2412 me
780 2375 866 2425 fugit
878 2386 1035 2422 quantam
1048 2375 1113 2409 hoc
1126 2373 1228 2408 stultae
1238 2371 1446 2409 confidentiae
1459 2371 1600 2421 speciem
1611 2373 1834 2420 habeat‚qubd
1843 2387 1905 2422 ego
1915 2376 1962 2417 (vt
1973 2375 2100 2424 reliqua
2109 2389 2161 2413 12.

333 2445 423 2467 ceam
435 2436 444 2477 )
457 2436 593 2478 ignotus
603 2430 792 2463 homuncio
805 2432 838 2460 δε
849 2422 1016 2460 obscurus,
1026 2425 1169 2470 Regiam
1183 2434 1275 2456 tuam
1288 2421 1487 2458 maiestatem
1499 2421 1699 2470 compellare
1711 2436 1782 2456 non
1796 2422 2050 2459 dubitaveram
2059 2426 2160 2460 audi-

333 2485 376 2516 tis
387 2481 516 2515 contilii
529 2482 593 2514 mei
604 2477 800 2512 rationibus,
813 2474 834 2508 [ι
845 2485 958 2508 meum
969 2471 1108 2509 facium,
1121 2470 1142 2505 ὂ
1152 2473 1236 2508 Rex,
1248 2470 1535 2518 probaueris‚quid
1544 2470 1601 2504 alii
1614 2471 1761 2505 iudicent
1773 2484 1844 2506 non
1854 2472 1898 2506 est
1908 2472 2000 2523 quod
2011 2486 2158 2521 magno..

335 2542 411 2579 pere
425 2528 583 2563 laborem.
596 2527 767 2572 Principio
779 2526 902 2570 itaque,
911 2519 1036 2555 tametfi
1047 2533 1155 2567 neque
1167 2532 1246 2553 meae
1257 2521 1427 2553 tenuitatis
1437 2516 1506 2553 sum
1518 2522 1698 2553 immemor
1707 2542 1718 2556 ‚
1739 2532 1848 2566 neque
1859 2522 1986 2555 tursum
1998 2533 2070 2567 quae
2088 2532 2154 2558 ωε

334 2579 496 2613 Maiestam*
510 2573 692 2613 reuerentia
703 2572 870 2611 debeatur,
881 2574 1013 2618 ignoro:
1025 2582 1090 2604 vna
1099 2581 1212 2603 tamen
1223 2566 1430 2615 pietatisituae
1440 2566 1526 2601 sama
1536 2566 1680 2613 quaefere
1690 2568 1776 2614 apud
1788 2580 1906 2603 omnes
1918 2567 2044 2604 fincctae
2055 2569 2162 2606 Chri-

337 2628 376 2662 sti
387 2628 545 2661 doetrinae
557 2622 716 2659 studiosos
726 2621 874 2656 obtinuit
884 2644 894 2656 ,
911 2620 950 2653 ad
961 2618 1174 2653 eximendum
1185 2618 1340 2663 quemuis
1352 2627 1479 2650 metum
1491 2615 1563 2650 satis
1574 2616 1617 2650 est
1648 2628 1771 2650 munus
1785 2618 1876 2650 enim
1888 2628 2021 2651 mecum
2041 2616 2158 2658 affero,

337 2675 430 2722 quod
442 2673 497 2707 illa
509 2673 677 2722 repudiare
689 2666 832 2704 tibinon
842 2670 1020 2716 permittet.
1032 2669 1150 2715 Qu]
1161 2663 1306 2712 Epistola
1317 2677 1388 2710 quae
1402 2665 1442 2698 ad
1456 2664 1611 2699 Hebraeos
1622 2661 1823 2701 inscribitur,
1848 2664 1980 2700 vberem
1990 2666 2031 2700 de
2039 2678 2161 2704 aeterna

339 2721 464 2758 Christi
476 2717 877 2764 Diuinitate,summc'›que
891 2716 1092 2763 magisterio,
1104 2718 1136 2748 δέ
1151 2715 1252 2747 vnico
1263 2710 1443 2747 sacerdotio
1453 2711 1710 2762 disputationem
1721 2715 1890 2747 contineat
1901 2713 1986 2760 (quae
1996 2718 2163 2763 precipua

337 2770 412 2807 sunt
423 2769 555 2806 caelestis
566 2768 728 2817 sapientiae
739 2769 859 2814 capita)
883 2769 916 2800 &
929 2766 963 2800 in
975 2764 1026 2798 his
1038 2761 1238 2810 explicandis
1249 2760 1290 2794 [ιε
1300 2761 1461 2798 versetur,
1480 2774 1517 2796 vt
1526 2772 1630 2796 totam
1641 2761 1766 2795 Christi
1782 2763 1938 2797 virtutem
1949 2774 1986 2796 ac
2004 2761 2164 2806 officium,

338 2819 439 2856 nobis
449 2819 487 2853 ad
499 2821 616 2853 viuum
631 2818 801 2864 exprimat:
814 2813 933 2848 merito
945 2810 1216 2859 incomparabilis
1229 2809 1368 2843 thesauri
1378 2809 1492 2855 locum
1505 2821 1604 2856 atque
1613 2809 1780 2844 honorem
1801 2812 1836 2843 in
1846 2809 1988 2844 Ecclesia
2005 2810 2160 2848 obtinere

339 2869 446 2905 debet.
461 2867 560 2915 Apud
572 2878 601 2900 te
615 2867 706 2904 veto,
726 2866 784 2910 qui
795 2862 915 2896 Filium
926 2863 990 2902 Dei
1000 2872 1148 2908 regnare,
1160 2870 1258 2904 atque
1269 2860 1415 2892 eminere
1430 2857 1529 2892 vnice
1538 2860 1631 2905 cupis
1642 2881 1651 2895 ‚
1665 2860 1748 2904 quin
1760 2856 1854 2891 suum
1864 2860 2008 2905 pretium
2024 2859 2159 2896 habitu-

341 2931 375 2953 ra
387 2918 422 2952 sit
434 2929 503 2951 non
515 2915 644 2949 dubito.
660 2914 739 2949 Eius
750 2924 812 2959 ego
824 2911 1098 2957 interpretatione
1108 2905 1250 2954 suscepta
1261 2919 1330 2940 non
1338 2907 1414 2939 dico
1425 2907 1505 2952 quid
1517 2905 1734 2954 profecerim:
1759 2904 1819 2939 nisi
1830 2908 1921 2952 quod
1932 2905 2029 2942 fidem
2044 2906 2157 2944 saltem

344 2979 382 3002 ac
394 2966 616 3012 diligentiam,
627 2962 682 2996 vbi
695 2961 827 3008 gustum
837 2960 972 3006 ceperis,
982 2956 1044 2991 tibi
1054 2955 1231 3005 probatum
1244 2956 1283 2988 iri
1293 2954 1382 2988 certo
1392 2966 1417 2987 e«
1425 2962 1467 2989 w
1475 2955 1539 2989 ido.
1568 2957 1678 3000 Atque
1688 2965 1723 2987 vt
1733 2954 1817 2987 mihi
1828 2967 1936 3001 neque
1947 2958 2088 3002 ingenii,
2099 2971 2159 2992 ne-

344 3028 410 3063 que
422 3011 618 3048 esudjtjofl'js
629 3010 761 3049 laudem
771 3019 892 3054 arrogo
902 3029 911 3043 ,
931 3009 975 3039 ita
985 3007 1066 3052 quid
1079 3004 1162 3040 mihi
1174 3005 1209 3037 in
1219 3005 1384 3050 Scriptura
1403 3002 1619 3049 intelligenda
1628 3005 1645 3035 a
1656 3003 1810 3035 Domino
1821 3003 1933 3036 datum
1951 3003 1987 3038 fit
2008 3005 2158 3050 (quando

342 3064 409 3099 hoc
420 3075 490 3097 non
511 3062 558 3095 est‘
570 3058 628 3094 nisi
642 3055 688 3092 ¹in
701 3070 742 3092 eo
755 3056 903 3103 gloriari)
917 3054 971 3088 vbi
985 3067 1032 3087 res
1042 3055 1086 3087 ita
1096 3051 1169 3089 fert,
1180 3049 1328 3099 profiteri
1348 3064 1419 3085 non
1431 3051 1540 3097 pudet.
1563 3052 1594 3084 Si
1607 3063 1672 3097 qua
1681 3060 1791 3083 autem
1802 3051 2031 3086 adiuuandam
2040 3052 2102 3088 hac
2120 3057 2161 3091 in.

343 3123 435 3159 parte
456 3111 519 3143 Dei
531 3106 706 3143 Ecclesiam
716 3108 750 3148 in
764 3117 817 3138 me
827 3105 872 3137 est
883 3101 1028 3138 facultas,
1039 3104 1108 3135 eius
1117 3100 1284 3148 specimen
1294 3112 1365 3133 non
1375 3099 1552 3133 obscurum
1564 3100 1598 3132 in
1610 3098 1670 3132 hac
1681 3110 1754 3131 mea
1764 3097 1996 3135 lucubratione
2007 3101 2098 3136 edere
2108 3103 2158 3138 stu

343 3162 410 3194 dui.
423 3161 536 3206 Qare
549 3168 671 3191 munus
684 3160 733 3195 (vt
743 3154 822 3189 dixi)
835 3151 903 3185 fore
912 3149 1005 3198 spero
1017 3151 1108 3196 quod
1117 3148 1202 3185 mihi
1211 3148 1297 3195 apud
1307 3158 1398 3181 tuam
1409 3148 1625 3183 Maiestatem,
1639 3146 1663 3180 ὅ
1672 3149 1742 3180 Rex
1752 3171 1762 3183 ,
1789 3160 1858 3181 non
1870 3147 1996 3182 tantum
2009 3150 2048 3183 ad
2059 3162 2159 3185 excu-

341 3208 502 3241 sationem
513 3204 586 3239 satis
598 3203 713 3240 valeat,
735 3200 787 3235 sed
798 3202 906 3247 gratiae
917 3211 1054 3245 quoque
1066 3210 1136 3231 non
1148 3208 1264 3244 parum
1276 3195 1446 3230 conciliet.
1459 3194 1574 3230 Forsan
1585 3200 1617 3229 δέ
1630 3197 1791 3229 Maiestati
1803 3208 1877 3234 ωτι,
1887 3198 1925 3229 ad
1936 3197 2158 3236 instauridum

339 3256 465 3291 Christi
490 3266 631 3300 regnum
641 3251 728 3286 vltro
740 3252 805 3283 iam
820 3248 1022 3297 properanti,
1031 3250 1069 3280 .&
1080 3244 1233 3293 plurimis
1245 3246 1303 3290 qui
1313 3242 1370 3278 sub
1381 3255 1441 3277 tuo
1453 3246 1595 3292 imperio
1606 3243 1742 3289 degunt,
1755 3243 1793 3277 ad
1805 3243 1889 3278 illud
1901 3242 2157 3292 suscipiendum,

338 3306 403 3340 hoc
416 3316 545 3338 nouum
558 3300 647 3349 quasi
657 3301 918 3334 inuitat-uentum
928 3297 1000 3328 erit.
1010 3296 1168 3340 Regnum
1181 3292 1279 3328 habes
1290 3291 1440 3339 amplum
1451 3304 1548 3338 atque
1560 3290 1693 3331 illustre,
1703 3289 1881 3339 multisque
1890 3296 2096 3329 ornamentis
2107 3307 2160 3328 re-

335 3352 474 3389 fertum:
499 3351 549 3385 scd
559 3350 627 3387 haec
638 3347 740 3384 solida
749 3349 819 3382 eius
845 3345 981 3379 demum
995 3345 1054 3377 erit
1065 3341 1218 3376 lichenas
1229 3364 1237 3379 ,
1262 3339 1285 3375 si
1298 3340 1470 3376 Christum
1480 3339 1539 3376 fibi
1550 3364 1561 3379 ‚
1583 3342 1699 3375 vteius
1717 3337 1780 3374 fide
1791 3339 1959 3388 tutelfique
1976 3343 2158 3382 muniatur,

1991 3388 2158 3437 praesidem
