2268 3705
322 113 380 159 51⁶
824 100 1700 153 tNli-EplsT-PAth

346 174 469 236 Ephesi
476 176 736 222 ministrauerit,
746 175 870 215 melius
879 184 916 214 tu
925 172 1022 227 nosti.

396 268 425 302 ¹3
478 259 621 291 Formam
630 254 732 300 habe.)
782 253 887 300 Quod
897 251 954 286 alii
965 256 1152 298 exponunt.
1165 246 1335 284 Doctrina
1345 256 1402 285 'tua
1413 249 1448 285 sit
1459 248 1565 283 veluti
1591 247 1759 296 exemplar
1766 250 1807 284 ad
1816 251 1907 297 quod
1918 250 1974 286 atii
1993 249 2022 285 se
2032 250 2193 296 forment,

350 318 423 341 non
437 307 574 353 recipio.
594 302 716 340 Nihilo
729 305 827 338 etiam
843 303 981 350 propius
992 301 1116 333 accedit
1134 300 1174 331 ad
1185 299 1280 332 Pauli
1291 310 1437 333 mentem
1452 297 1612 345 expositio
1624 295 1865 343 Chrysostoini‚
1877 311 1910 333 vt
1919 293 2082 336 habeafin
2093 314 2192 349 prom

352 361 412 401 'pru
422 353 628 389 Timotheus
640 357 802 387 virtutum
816 352 998 396 imaginem
1009 348 1100 381 cordi
1111 346 1169 380 suo
1182 347 1394 395 insculptam,
1406 360 1442 381 ex
1453 345 1546 380 Pauli
1561 346 1723 380 doctrina.
1747 346 1836 381 Mihi
1848 350 1960 395 potius
1973 349 2102 384 videtur
2111 364 2193 398 prae-

352 405 462 450 cipere
474 402 655 450 Apostolus
668 399 869 438 Timotheo,
881 408 915 431 vt
928 408 1024 430 tenax
1033 394 1070 429 sit
1080 396 1240 429 doctrina:
1251 408 1350 441 quarn
1364 397 1494 434 didicit,
1504 407 1574 428 non
1587 407 1616 426 m
1623 394 1690 427 odo
1703 396 1793 440 quod
1803 397 1841 430 ad
1852 395 2062 431 substantiam
2073 424 2084 439 ,
2097 398 2147 432 sed
2160 413 2196 433 e·

352 453 435 485 tiam
449 452 543 498 quod
556 453 594 485 ad
615 449 755 496 figuram
768 445 870 494 ipsam
882 447 1054 479 orationis.
1074 444 1162 478 Nam
1175 449 1368 481 ι’ωτυπωσις,
1381 444 1473 490 quod
1485 441 1621 476 verbum
1634 442 1688 476 hic
1700 441 1830 492 vsurpat
1842 469 1852 482 ,
1874 446 1917 479 est
1926 448 2004 479 viua
2017 457 2126 481 rerum
2139 461 2196 481 ex-

353 498 484 548 prefflo,
497 499 557 534 acsi
567 499 674 533 oculis
684 494 852 544 praesentes
867 492 1113 527 subiicerentur.
1134 492 1261 526 Sciebat
1272 493 1392 527 Paulus
1403 492 1502 538 quam
1517 491 1676 538 procliuis
1687 489 1722 524 sit
1734 492 1752 525 a
1761 505 1842 539 pura
1852 494 2002 528 doctrina
2010 493 2063 528 vel
2073 489 2196 543 lapsus,

352 548 406 582 vel
416 549 566 582 deflexio.
577 548 673 580 Hanc
685 545 729 578 ob
740 540 870 578 causam
885 540 1013 575 solicite
1023 551 1116 574 cauct
1127 554 1168 574 ne
1182 541 1325 576 declinet
1346 539 1550 574 Timotheus
1561 539 1601 573 ab
1614 552 1649 573 ea
1661 541 1804 574 doce'nd‘i
1816 539 1923 575 forma
1935 555 2036 589 quam
2057 556 2194 591 accepe-

353 608 412 630 rat:
426 595 584 641 suamque
596 595 737 628 docendi
749 594 914 625 rationem
927 588 1015 636 quasi
1027 590 1066 632 ad
1077 589 1159 623 illud
1171 589 1395 636 praescriptum
1408 591 1516 635 exigat
1539 598 1629 622 :non
1640 587 1731 635 quod
1743 591 1777 623 iu
1788 588 1895 624 verbis
1905 601 1996 624 tanta
2007 590 2044 625 sit
2061 590 2195 639 religio,
2229 595 2232 602 ’

352 639 406 679 sed
418 647 495 692 quia
506 642 740 691 supramodum
753 642 853 674 noxia
865 639 908 673 est
919 640 1077 672 docitrinae
1090 636 1137 671 vel
1149 639 1291 671 minima
1301 636 1513 671 deformatio.
1525 637 1615 670 Hinc
1627 633 1761 684 apparet
1770 636 1877 683 qualis·
1887 637 1923 672 fit
1933 640 1967 673 in
1977 638 2100 687 Pepatu
2115 641 2197 675 theo

2246 542 2261 573 ‚.

354 690 456 740 logia,
468 703 540 738 quae
550 688 650 737 Vsque
662 690 701 723 eo
712 690 924 736 degenerauit
935 685 974 720 ab
986 687 1047 720 isto
1060 685 1238 732 'exemplari
1250 687 1340 732 quod
1350 684 1470 720 Paulus
1481 686 1696 719 commendat
1706 709 1717 723 ‚
1728 697 1763 719 vt
1772 685 1911 720 similior
1920 686 1958 721 sit
1967 693 2132 734 augurum
2144 689 2205 725 vel.
2237 674 2242 688 ἰ

351 740 541 787 aruspicum
552 736 797 786 aenigmatibus,
809 737 908 782 quam
924 736 1083 770 doctrinm
1095 747 1132 768 ex
1142 735 1206 767 Dei
1216 734 1318 769 verbo
1329 733 1475 781 siimptae.
1487 726 1579 778 Qid
1591 735 1680 767 enim
1691 730 1827 769 obsecro
1848 727 2025 779 Paulihum
2037 735 2197 784 resipiunt

353 801 472 823 omnes
483 786 752 822 scholasticorum
764 784 841 820 libri
858 782 942 818 triac
952 782 1170 817 adulteranda»
1180 781 1481 830 ἀοᾶτίηεξᾎξςςῃςῇςι
1493 781 1635 816 ostendit
1647 783 1746 829 quain
1767 794 1839 816 non
1849 783 1905 819 abs
1916 795 1949 818 te
1958 783 2079 819 Paulus
2089 786 2128 820 ad
2137 798 2199 820 na-

352 840 457 870 tiuain
470 835 613 871 formam
625 835 832 870 retinendam
843 831 1069 867 Timotheum
1082 832 1212 865 inuitet.
1232 830 1526 875 Etsanossirmones
1540 833 1686 878 opponit
1695 843 1764 865 non
1776 831 1904 866 tantum
1915 831 2130 879 dogmatibus
2140 847 2200 882 pa-

351 884 420 919 lam
434 887 561 933 impiis,
571 883 623 919 sed
635 883 763 931 frigidis
774 879 1011 929 quaestionibus
1022 910 1033 924 ‚
1058 892 1124 926 que
1137 892 1197 927 pro
1213 878 1348 914 sanitate
1361 879 1447 914 nihil
1459 879 1547 913 aliud
1558 891 1659 925 quam
1672 878 1869 927 languorem
1889 879 2040 915 afferunt.
2089 862 2217 929 lnfld:

353 937 391 972 ὠ
403 934 563 968 charitate.
615 935 690 966 Scio
702 929 897 980 particulam
910 930 936 961 ἐν
946 928 1108 976 saepenum
1115 941 1170 962 ero
1181 942 1218 962 ex
1230 927 1335 976 phrasi
1347 928 1469 975 linguae
1489 927 1652 974 Hebraice
1663 926 1694 961 su
1701 930 1748 961 mi
1761 940 1823 976 pro
1835 929 1936 962 Cum:
1946 927 2000 963 sed
2009 929 2065 965 hic
2074 930 2137 964 alia
2147 934 2198 966 mi

351 982 388 1017 hi
400 983 531 1016 videtur
543 980 754 1029 significatio·
766 978 925 1024 siquidem
938 978 1024 1012 hanc
1038 976 1130 1023 quasi
1142 989 1259 1011 notam
1272 976 1434 1025 adscripsit
1447 976 1567 1010 Paulus
1578 974 1652 1019 sane
1662 977 1863 1019 dotstrine‚vt
1873 975 2010 1012 sciamus
2022 980 2103 1025 quid
2114 991 2200 1014 con-

352 1033 468 1072 tineat,
481 1035 514 1065 &
526 1043 591 1077 que
603 1029 638 1064 (it
650 1031 719 1063 eius
730 1025 868 1062 summa:
885 1038 985 1072 quam
997 1036 1103 1059 totam
1116 1023 1173 1060 suo
1185 1038 1277 1060 more
1289 1026 1328 1059 ad
1338 1024 1434 1060 fidem
1448 1029 1479 1059 &
1494 1026 1686 1058 charitatem
1699 1031 1840 1060 reuocat.
1855 1028 1893 1060 Et
1904 1028 2200 1073 vtranqueconssi-

351 1082 417 1114 tuit
430 1082 465 1114 in
478 1079 624 1113 Christo:
636 1088 671 1110 vt
683 1076 770 1110 certe
783 1077 852 1109 eius
866 1076 1019 1121 cognitio
1032 1072 1163 1108 duobus
1175 1073 1227 1108 his
1240 1073 1398 1108 membris
1409 1072 1568 1121 precipue
1576 1074 1688 1107 consta
1695 1084 1717 1106 t.
1728 1073 1872 1107 Tametsi
1884 1076 1974 1108 enim
1987 1077 2031 1109 est
2039 1073 2201 1112 articulus

350 1126 536 1176 singularis,
549 1128 608 1173 qui
617 1125 751 1168 cohetet
761 1136 839 1158 cum
852 1122 1032 1157 Charitatis
1043 1124 1195 1156 nomine:
1207 1123 1294 1156 idem
1306 1134 1418 1156 tamen
1429 1122 1467 1154 de
1478 1120 1542 1165 fide
1553 1119 1812 1156 subaudiendum
1825 1121 1879 1157 est.
1905 1124 1977 1170 Qii
1987 1126 2095 1158 vertfit
2105 1125 2200 1160 Cum

350 1175 414 1211 fide
427 1181 459 1211 ὅς
473 1177 638 1213 charitate,
657 1173 748 1207 hunc
758 1171 884 1207 faciunt
895 1169 1023 1205 sensum
1036 1194 1046 1208 ,
1057 1181 1091 1204 vt
1102 1162 1392 1213 Timotheus-sane
1404 1171 1555 1211 ἀοὲὶῐίης
1570 1168 1725 1215 adiungat
1737 1172 1867 1217 pietatis
1881 1175 1914 1206 δε
1935 1171 2104 1208 charitatis
2119 1171 2200 1208 affe·
2238 1194 2260 1201 κ

2236 945 2268 1145 ξ

2255 923 2263 936 0

2247 1123 2268 1174 i„

352 1227 455 1260 Cium.
468 1227 580 1257 Fateor
592 1223 727 1268 quidem
747 1223 918 1256 neminem
932 1217 1020 1268 poffe
1033 1221 1067 1253 iii
1080 1217 1153 1253 sana
1163 1220 1315 1254 dodisma
1327 1218 1464 1253 fideliter
1476 1216 1687 1265 perseuerare,
1701 1216 1759 1251 nisi
1771 1222 1828 1265 qui
1841 1232 1913 1253 vera
1925 1213 1991 1266 ipse
2001 1213 2066 1255 fide
2085 1225 2119 1257 &
2133 1221 2199 1257 sm-
2248 1218 2251 1219 ⁷

351 1285 423 1307 cera
437 1274 593 1308 charitate
606 1271 759 1319 praeditus
771 1270 824 1303 est.
836 1268 958 1302 Verum
972 1270 1064 1316 prior
1074 1268 1234 1316 expositio
1247 1266 1336 1311 (m'eo
1347 1267 1486 1304 iudicio)
1502 1265 1620 1300 melius
1633 1267 1778 1312 quadrat:
1789 1278 1824 1301 vt
1833 1267 1953 1302 Paulus
1965 1271 2130 1317 exegetice
2142 1283 2198 1305 ex..

350 1324 476 1369 primat
488 1320 600 1367 quales
613 1318 675 1354 fint
686 1318 736 1352 illi
747 1317 925 1356 sermones,
939 1321 972 1351 &
985 1319 1081 1352 cuius
1091 1316 1153 1351 sint
1164 1319 1366 1364 argumenti.
1377 1318 1550 1352 Summam
1562 1326 1672 1351 autem
1684 1316 1719 1350 in
1731 1312 1794 1350 fide
1814 1320 1848 1352 ὃς
1860 1315 2021 1353 charitate
2032 1317 2126 1355 fitam
2135 1318 2201 1355 effe

351 1371 560 1418 pronuntiat:
577 1380 718 1415 quatum
730 1365 805 1402 fons
817 1378 853 1400 ac
866 1368 1071 1414 principium
1085 1366 1140 1403 cst,
1157 1366 1280 1400 Christi
1293 1367 1459 1412 cognitio.

401 1428 442 1463 14
492 1421 651 1465 Egregium
662 1414 819 1465 depositum
829 1413 965 1457 custodi.)
1005 1415 1119 1449 Latius
1132 1426 1221 1463 patet
1232 1416 1288 1449 ista
1302 1415 1501 1449 exhortatio.
1512 1414 1661 1448 hortatur
1673 1416 1763 1448 enim
1774 1423 1809 1447 vt
1817 1410 1968 1460 respiciat
1978 1415 2060 1461 quid
2070 1414 2130 1453 fibi
2141 1414 2200 1453 di—

353 1478 429 1502 tum
443 1465 479 1500 sit
492 1467 509 1500 a
519 1468 605 1502 Deo,
618 1468 651 1499 δε
665 1465 758 1499 tanto
770 1465 843 1511 plus
857 1464 997 1497 studii&
1010 1463 1192 1511 diligevitiae
1203 1463 1386 1511 impendat,
1403 1463 1530 1509 quanto
1544 1461 1758 1496 excellentius
1776 1461 2024 1508 estdepofitum.
2037 1476 2148 1512 neque
2158 1480 2195 1501 e-

352 1518 426 1551 nim
439 1517 484 1549 rei
497 1513 640 1561 vulgaris
651 1524 719 1547 tam
738 1510 846 1547 seuere
859 1509 939 1546 solet
949 1513 1037 1559 exigi
1047 1515 1142 1546 ratio.
1151 1515 1200 1546 Ac
1210 1510 1361 1560 Depositi
1373 1512 1507 1558 quidem
1520 1514 1672 1548 nomine,
1683 1522 1754 1545 tam*
1766 1510 1940 1544 ministerii
1951 1510 2082 1547 honore
2094 1515 2199 1561 quam

352 1565 448 1599 dotes
459 1576 577 1598 omnes
588 1561 759 1608 intelligo,
769 1562 891 1607 quibus
902 1561 1079 1606 instructus
1093 1571 1160 1594 etat
1168 1560 1382 1594 Timotheus.
1394 1559 1466 1593 Al'ii
1476 1559 1515 1593 ad
1528 1560 1747 1593 ministerium
1759 1557 1866 1605 solum
1877 1559 2090 1606 restringunt:
2102 1562 2200 1611 atqui

351 1609 561 1660 potissmium
574 1624 609 1645 ea
623 1613 733 1646 notari
744 1621 828 1658 puto
840 1621 905 1656 que
916 1607 988 1656 ipso
999 1609 1183 1643 ministerio
1194 1611 1326 1656 potiora
1337 1619 1564 1655 erant‚nempe
1575 1610 1691 1642 omnia
1703 1609 1846 1655 Spiritus
1857 1606 1947 1641 dona
1959 1607 2082 1654 quibus
2091 1609 2200 1646 excel*-

351 1661 450 1695 lebat.
465 1661 605 1695 Nomen
617 1657 757 1707 depositi
782 1658 849 1692 alio
860 1670 997 1704 quoque
1007 1655 1154 1705 respedtu
1166 1658 1295 1705 vsurpat
1306 1680 1316 1694 ,
1328 1669 1362 1690 vt
1374 1659 1565 1691 meminerit
1589 1655 1796 1690 Timotheus
1814 1655 2009 1689 reddendam
2017 1656 2200 1706 aliquando

351 1709 412 1744 effe
424 1711 598 1743 rationem.
615 1706 751 1742 fideliter
763 1709 853 1742 enirn
866 1705 1160 1741 administrandum
1173 1706 1215 1741 est
1226 1706 1388 1753 quicquid
1399 1704 1497 1740 nobis
1508 1704 1675 1751 commisit
1685 1706 1787 1739 Deus.
1806 1706 1846 1739 Et
1856 1704 1890 1736 τέ
1903 1704 1984 1738 καλὼ
1993 1705 2201 1753 Ρςοτέείιτιίο

350 1758 405 1793 vel
416 1757 564 1807 preclaro
575 1759 714 1804 capitur.
738 1758 851 1801 itaque
863 1768 932 1789 non
946 1754 1029 1787 male
1043 1753 1193 1789 Erasmus
1205 1756 1381 1801 Egregium
1394 1752 1521 1801 posuit,
1537 1753 1685 1796 notande
1695 1753 1870 1801 prestantie
1879 1754 1973 1788 causa
1983 1767 1991 1788 :
2002 1767 2104 1801 quarn
2124 1754 2200 1792 verss

350 1806 478 1842 sionem
492 1804 646 1848 sequutus
658 1804 740 1839 sum.
754 1804 815 1837 Sed
827 1816 892 1849 que
903 1803 945 1837 est
964 1804 1173 1837 custodiendi
1184 1804 1290 1836 ratio?
1305 1816 1346 1836 ne
1357 1801 1479 1836 scilicet
1509 1803 1626 1837 inertia
1636 1802 1745 1836 nostra
1755 1813 1865 1849 pereat
1875 1802 1966 1848 quod
1978 1805 2013 1837 in
2024 1809 2088 1839 nos
2105 1806 2199 1842 Deus

351 1854 510 1891 contulit:
523 1851 574 1889 vel
611 1864 721 1901 roptet
738 1851 1013 1899 iugratitudinem
1024 1850 1076 1884 vel
1087 1850 1224 1885 abusum
1237 1849 1411 1884 auferatur.
1421 1849 1523 1884 Multi
1536 1852 1626 1884 enim
1639 1849 1804 1884 abiiciunt
1815 1851 1878 1884 Dei
1889 1853 2042 1898 gratiam,
2051 1853 2151 1888 multi
2161 1868 2199 1890 ea

351 1907 419 1939 iam
430 1915 563 1950 accepta
574 1868 746 1950 (Epriuant
757 1912 793 1934 ac
805 1899 958 1947 spoliant.
969 1901 1146 1945 Qniam
1158 1911 1269 1933 tamen
1282 1901 1350 1933 eius
1360 1897 1516 1933 custodiae
1525 1896 1701 1933 difficultas
1725 1900 1809 1932 vires
1819 1899 1944 1932 nostras
1953 1898 2100 1947 superat,
2117 1903 2196 1938 ideo

351 1954 477 1990 adiicit,
499 1955 556 1985 Pei·
570 1948 868 1999 Spiritumfimc‘lum.
882 1946 942 1982 acsi
951 1947 1083 1985 diceret,
1098 1948 1182 1983 Non
1192 1949 1325 1995 requiro
1335 1947 1390 1981 abs
1402 1957 1432 1980 te
1442 1943 1617 1995 plusquam
1630 1945 1740 1995 poffis.
1767 1959 1845 1980 nam
1857 1948 1948 1992 quod
1958 1960 1994 1981 ex
2007 1959 2038 1982 te
2048 1962 2118 1984 non
2136 1951 2199 1986 ha.

352 2000 423 2038 bes,
434 2003 575 2049 Spiritus
585 2001 649 2033 Dei
659 1995 806 2032 sufficiet.
818 1997 909 2031 Hinc
923 1994 1081 2042 sequitur,
1093 2009 1163 2031 non
1176 1995 1377 2030 aestimandas
1388 1992 1447 2028 effe
1463 1995 1645 2029 hominum
1658 1997 1742 2029 vires
1754 2007 1790 2028 ex
1801 1996 1865 2029 Dei
1878 1999 2143 2045 praeceptistquia
2152 1998 2195 2034 fi—

354 2053 425 2084 cuti
437 2048 544 2083 verbis
555 2047 658 2084 iubet,
669 2049 714 2081 ita
727 2047 827 2079 etiam
840 2044 938 2079 verba
948 2042 1001 2078 sua
1012 2043 1169 2079 cordibus
1180 2043 1346 2080 inscribit,
1359 2056 1395 2077 ac
1406 2045 1492 2076 vites
1504 2041 1759 2091 suppeditando,
1769 2041 1874 2077 efficit
1885 2056 1927 2077 ne
1937 2042 2052 2079 frustra
2071 2046 2195 2083 iubeat.

353 2100 459 2145 Qod
472 2097 616 2143 sequitur
624 2095 664 2129 de
673 2092 866 2128 habitatione
877 2094 1020 2142 Spiritus
1030 2095 1062 2126 in
1070 2091 1156 2127 nobis
1167 2118 1178 2135 ,
1191 2090 1351 2140 fignificat
1359 2088 1497 2139 praesens
1509 2091 1569 2125 eise
1580 2094 1649 2126 eius
1660 2090 1822 2126 auxilium
1835 2089 1989 2127 fidelibus
2006 2103 2014 2125 z
2035 2095 2141 2130 modo
2151 2109 2196 2132 ne

354 2146 415 2183 fibi
425 2145 576 2180 oblatum
587 2142 750 2192 respuant.

401 2206 431 2240 15
481 2193 573 2238 Nosti
582 2194 660 2237 hoc.)
709 2190 926 2226 Defectiones
936 2190 1000 2224 istae
1011 2200 1091 2236 quas
1102 2199 1366 2226 commemorat,
1377 2199 1532 2236 poterant
1551 2187 1734 2222 multorum
1746 2199 1925 2222 concutere
1933 2192 2066 2227 animos
2077 2205 2086 2226 t
2106 2196 2142 2228 &
2153 2193 2195 2228 fi-

356 2244 428 2278 mul
442 2245 580 2291 gignere
592 2243 695 2275 varias
706 2238 918 2288 suspiciones:
929 2250 961 2273 vt
971 2235 1114 2272 solemus
1125 2235 1190 2271 fere
1203 2239 1319 2271 omnia
1329 2241 1363 2272 in
1375 2237 1532 2272 linistram
1552 2248 1677 2285 partem
1691 2239 1840 2284 arripere.
1862 2237 2040 2274 Eiusmodi
2049 2238 2195 2277 offendi-

354 2292 439 2327 culis
450 2293 594 2326 oecurrit
605 2289 725 2324 Paulus
736 2300 812 2322 cum
825 2288 959 2322 heroica
970 2288 1074 2321 animi
1085 2284 1299 2320 fortitudine:
1314 2297 1347 2319 vt
1358 2285 1441 2321 boni
1454 2299 1572 2320 omnes
1582 2297 1696 2320 eorum
1708 2283 1880 2332 pei-fidiam
1891 2286 2037 2322 detestari
2055 2288 2193 2331 discant,

355 2343 414 2388 qui
424 2339 553 2374 seruum
565 2338 689 2374 Christi
701 2339 747 2372 ita
756 2335 1082 2382 deseruerant,quuni
1093 2332 1180 2368 solus
1191 2335 1309 2382 capitis
1320 2334 1367 2368 sui
1377 2334 1526 2382 periculo
1537 2346 1753 2369 communem
1765 2332 1932 2368 sustineret
1941 2335 2195 2387 causamtneque

356 2390 432 2424 ideo
446 2400 481 2423 vt
495 2386 663 2426 vacillent,
673 2387 752 2420 dum
762 2384 902 2420 Paulum
916 2382 1024 2432 ipsum
1036 2381 1232 2430 intelligunt
1244 2382 1384 2418 minime
1395 2384 1461 2419 Dei
1475 2396 1539 2431 ope
1549 2383 1690 2416 destitui.
1706 2381 1995 2428 Nominatautein
2008 2386 2092 2421 duos
2100 2389 2190 2434 quo's

356 2436 514 2472 credibile
525 2437 569 2470 est
578 2433 670 2470 fuisse
680 2446 745 2482 pra:
754 2433 827 2468 aliis
838 2431 991 2471 celebres,
1002 2442 1036 2466 vt
1047 2433 1172 2466 aditum
1185 2430 1361 2479 praecludat
1371 2444 1488 2467 corum
1499 2430 1686 2466 calumniis.
1716 2430 1766 2463 Est
1777 2428 1870 2464 enim
1879 2431 2031 2468 vfitatum
2049 2434 2193 2471 transfu-

358 2490 408 2534 gis
419 2498 455 2520 ac
468 2485 595 2520 militiae
607 2483 802 2520 Christianae
811 2480 1039 2518 desertoribus,
1053 2492 1123 2527 quo
1134 2477 1224 2514 suam
1239 2481 1480 2528 turpitudinem
1492 2476 1656 2516 eircusenn
1667 2476 1880 2525 quascunque
1888 2479 2023 2529 possunt
2032 2485 2195 2520 crimina*

358 2538 467 2569 tiones
485 2532 608 2582 fingere
617 2530 767 2566 aduersus
779 2529 888 2565 fideles
901 2533 934 2563 &
948 2528 1071 2576 probos
1080 2527 1254 2575 Euangelii
1266 2529 1443 2563 ministros.
1454 2526 1630 2574 Phygellus
1644 2531 1675 2560 δε
1690 2527 1920 2574 Hermogenes
1938 2556 1948 2570 ‚
1959 2533 2038 2577 quia
2047 2529 2193 2570 sciebant

357 2584 528 2630 ignauiam
539 2582 628 2615 suam
642 2580 762 2615 metito
774 2578 934 2614 infamem
945 2575 1004 2611 effe
1021 2576 1110 2625 poffe
1120 2576 1208 2624 apud
1220 2575 1341 2614 fideles,
1353 2574 1502 2624 adeoque
1519 2574 1687 2623 flagitiosae
1697 2573 1831 2622 perfidie
1839 2577 1999 2612 damnari:
2009 2592 2081 2613 non
2091 2580 2192 2616 dubi-

358 2629 473 2666 taffent
484 2629 625 2664 Paulum
636 2641 771 2676 grauate
781 2626 865 2662 falfis
874 2625 1075 2663 rumoribus,
1088 2629 1122 2659 &
1137 2625 1346 2670 impudenter
1356 2624 1469 2664 laedere
1479 2627 1548 2658 eius
1560 2625 1801 2658 innocentiam.
1815 2624 1903 2671 Ergo
1912 2625 2033 2661 Paulus
2042 2639 2077 2661 vt
2089 2627 2192 2666 fidem

358 2691 476 2714 eorum
488 2679 669 2713 mendaciis
680 2678 827 2724 deroget,
838 2686 952 2710 notam
965 2687 1065 2721 quain
1080 2684 1260 2713 metentur,
1272 2673 1337 2708 illis
1348 2676 1462 2709 inurit.
1473 2675 1526 2708 Sic
1537 2675 1635 2707 etiam
1648 2671 1748 2706 hodie
1757 2672 2007 2720 permulti‚quia
2016 2675 2068 2710 vel
2077 2679 2124 2710 ῃὸ
2134 2679 2192 2712 ad-

359 2729 541 2762 mittuntur
551 2725 606 2761 hic
619 2728 652 2760 in
664 2726 898 2761 ministerium,
907 2722 960 2757 vel
972 2725 1070 2758 etiam
1081 2720 1275 2756 abdicantur
1295 2721 1424 2757 honore
1435 2733 1569 2770 propter
1581 2719 1668 2755 suam
1684 2721 1869 2766 nequitiam
1881 2744 1891 2759 ‚
1905 2721 1958 2756 vel
1970 2735 2041 2757 non
2055 2723 2193 2762 aluntu'iiss

353 2774 524 2813 'otiosiwel
542 2785 728 2822 perpetrato
741 2772 830 2808 furto
841 2783 896 2807 aut
907 2770 1105 2806 scortatione
1115 2769 1270 2816 aufiigere
1279 2781 1458 2817 coguntur:
1471 2783 1526 2817 per
1537 2768 1679 2803 Galliam
1692 2768 1810 2802 deinde
1821 2773 1854 2802 δι
1865 2768 1945 2804 alias
1963 2774 2116 2818 regiones
2127 2787 2190 2810 vo-

352 2822 466 2862 litant,
476 2836 512 2858 ac
522 2822 734 2870 quascunque
744 2822 877 2870 poffunt
885 2821 1136 2855 criminationes
1147 2820 1182 2852 in
1194 2831 1255 2852 nos
1266 2819 1521 2865 regerendo‚suae
1532 2819 1728 2860 innocentie
1738 2816 2014 2864 approbationem
2025 2822 2103 2855 inde
2114 2819 2188 2858 mu'.

353 2884 498 2908 tuantur.
509 2874 549 2906 Et
562 2882 653 2906 tanta
662 2871 706 2915 est
714 2870 925 2917 quorundam
938 2867 1074 2903 fratrum
1088 2868 1265 2914 imperitia,
1275 2878 1309 2900 vr
1321 2876 1382 2901 nos
1393 2867 1595 2901 crudelitatis
1605 2865 1798 2900 insimulent
1815 2888 1825 2902 ,
1838 2864 1936 2912 siquis
1946 2867 2096 2904 nostrum
2107 2870 2194 2908 tales²

379 2924 470 2970 ingat
480 2921 542 2955 suis
553 2917 734 2954 coloribus.
746 2921 852 2964 Atqui
862 2917 1048 2965 optandum
1059 2915 1142 2952 foret
1154 2926 1188 2949 vt
1200 2914 1344 2951 frontem
1355 2928 1473 2951 omnes
1485 2915 1642 2951 haberent
1654 2914 1976 2963 stigmate'notatam,
1985 2918 2072 2953 vnde
2080 2931 2190 2967 agno·

352 2934 517 3007 sectentur
527 2970 638 3017 primo
650 2967 755 3000 statim
768 2965 951 3013 congressu.

402 3029 440 3061 16
479 3029 544 3059 Det
553 3020 786 3068 mifiricordiam
800 3025 987 3065 Dominus.)
1025 3021 1075 3055 Ex
1086 3021 1146 3055 hac
1156 3018 1549 3068 precationecolligimus
1562 3018 1701 3052 minime
1712 3020 1817 3065 perire
1826 3016 1938 3054 officia
1946 3019 2065 3057 sancitis
2078 3019 2125 3059 im
2153 3009 2190 3060 ἔ-

355 3073 397 3113 sa,
408 3072 533 3109 etiamsi
543 3075 681 3120 gratiam
692 3069 751 3119 ipfi
764 3069 880 3104 referre
891 3080 1066 3116 nequeant.
1076 3069 1167 3104 Nam
1179 3068 1270 3115 quod
1279 3068 1393 3101 Deum
1406 3078 1555 3114 precatur
1563 3078 1597 3100 vt
1608 3068 1790 3102 mercedem
1801 3068 2035 3116 rependat‚h0c
2046 3066 2115 3107 vjr'n
2151 3086 2188 3108 2-

353 3123 410 3159 bet
421 3120 708 3171 promiss'ionisAEt
719 3117 813 3153 simul
825 3118 964 3151 ostendit
976 3116 1095 3152 Paulus
1107 3115 1195 3151 suam
1208 3116 1456 3163 gratitudinem,
1467 3128 1571 3162 quum
1583 3116 1814 3149 remunerandi
1826 3118 1911 3150 vices
1924 3119 1959 3152 in
1968 3119 2083 3154 Deum
2095 3132 2186 3157 ttan÷

355 3171 561 3217 scribit‚quia
571 3172 677 3217 impar
688 3167 732 3202 est
743 3166 913 3202 soluendo.
942 3166 1039 3213 Qd,
1048 3164 1067 3198 si
1079 3164 1225 3200 adfuisset
1236 3166 1465 3198 remunerandi
1478 3163 1613 3198 facultas
1622 3168 1637 3196 ,θ
1648 3164 1732 3198 certe
1743 3176 1776 3200 re
1786 3162 1854 3210 ipsa
1864 3165 1995 3202 testatus
2004 3165 2111 3203 fuisset
2120 3170 2189 3205 bo.⁴

356 3222 484 3256 minem
500 3219 528 3253 se
539 3222 706 3265 ingratum
717 3228 788 3250 non
800 3212 870 3248 esse.
882 3215 983 3248 Porro
994 3214 1182 3248 notandum
1195 3214 1238 3247 est
1247 3213 1338 3259 quod
1349 3225 1453 3258 quum
1467 3211 1670 3260 Onefiphori
1681 3209 1780 3246 solius
1799 3211 2051 3250 beneficentiam
2061 3217 2185 3260 laudet,

355 3268 401 3302 ob
413 3282 487 3302 cuin
499 3270 562 3302 toti
575 3264 705 3301 familiae
715 3264 800 3298 bene
816 3274 976 3311 precatur.
1003 3263 1097 3295 Vnde
1109 3261 1302 3308 colligimus
1313 3283 1323 3297 ‚
1333 3262 1397 3294 Dei
1407 3259 1674 3297 benedietionem
1689 3273 1758 3294 non
1770 3259 1899 3295 tanturn
1910 3260 2005 3310 supet
2014 3277 2050 3299 ca
2078 3277 2114 3300 ut
2130 3269 2188 3301 iu.-

356 3317 394 3351 sti
405 3340 415 3354 ‚
425 3314 474 3350 sed
485 3315 577 3363 super
587 3326 694 3349 totam
704 3313 845 3347 domum
857 3309 999 3345 residere.
1010 3320 1120 3344 tantus
1131 3310 1174 3343 est
1183 3311 1246 3343 Dei
1255 3310 1351 3343 amor
1361 3321 1435 3355 erga
1446 3307 1520 3343 suos
1530 3335 1539 3348 ‚
1553 3321 1584 3342 vt
1595 3307 1624 3342 se
1635 3308 1672 3342 ad
1685 3312 1804 3343 ornnes
1814 3312 1872 3354 qui
1881 3322 1959 3344 cum
1968 3311 2034 3348 illis
2056 3316 2183 3349 untc6-

355 3367 464 3404 iuncti
478 3387 488 3404 ‚
507 3361 680 3400 diffundat.
700 3361 805 3410 Qui
817 3358 1067 3409 Onefiphorum
1086 3359 1165 3393 dicit
1193 3357 1233 3393 N
1235 3370 1270 3390 on
1290 3355 1434 3404 erubmffe
1446 3355 1484 3392 de
1492 3356 1552 3402 fisa
1562 3367 1672 3390 catena
1688 3383 1699 3398 ,
1723 3358 1756 3393 id
1765 3369 1838 3393 non
1853 3359 1958 3395 modo
1977 3358 2182 3409 liberalitati·

453 3444 455 3447 .
2046 3407 2180 3457 signum
