2268 3705
322 113 379 146 120
763 103 958 153 ini.
1010 100 1282 152 tris-r·
1335 99 1659 165 Pia-Vbi)

322 191 436 216 autem
447 176 594 215 Ecclesiae
606 173 808 214 Christianae³
820 177 893 212 sunt
902 179 963 224 qui
979 171 1205 224 Euangel'ium
1217 175 1431 216 annuntiant.
1440 175 1578 225 citatur
1585 175 1640 208 hic
1652 171 1746 208 loeus
1757 172 1776 208 ὲ
1787 173 1993 217 Canonistis,
2004 176 2082 213 dum
2095 190 2175 226 pro-

325 230 402 265 bare
416 229 537 263 volunt
548 227 746 276 saginandos
758 225 817 261 else
828 225 955 261 otiosos
967 237 1096 260 ventres
1109 235 1142 257 vt
1154 221 1309 272 sacrificia.
1320 221 1611 271 suaperaganntzsed
1622 223 1724 268 quam
1735 224 1859 270 inepte,
1879 226 1988 270 pueris
2000 237 2135 272 quoquc
2148 230 2176 260 i-

327 277 390 326 pfis
401 278 557 324 relinquo
571 271 798 311 iudicandum.
809 274 985 321 Qequid
997 277 1033 307 in
1042 274 1218 320 Scriptutis
1230 270 1368 304 habetur
1378 278 1421 304 de·
1429 273 1522 305 victu
1535 270 1692 304 ministris
1702 268 1952 318 suppeditando,
1962 284 2017 306 aut
2026 274 2176 315 det-habe-

327 326 372 360 do
384 326 450 360 illis
461 326 602 365 honore5
618 323 727 358 statim
738 323 909 372 abripiunt
921 327 954 356 δὲ
966 330 1129 367 torquent·
1137 319 1176 353 ad
1187 317 1282 352 suum
1293 319 1528 360 commodum..
1549 320 1620 365 Ego
1628 330 1742 352 autem
1753 320 1882 353 tantum
1895 319 2034 355 leeiores
2051 334 2176 359 moneo

331 386 367 409 vt
380 374 478 409 verba
487 373 580 409 Pauli
592 373 786 420 expendant.
797 373 1034 405 Ratiocinatut
1042 368 1178 402 alendos
1188 365 1246 401 else
1258 368 1400 415 pastores
1411 368 1470 413 qui
1486 366 1662 414 Euangelii
1673 367 1905 414 praedicatione,
1915 367 2068 403 laborant
2080 375 2177 417 :quia

329 422 551 458 sacerdotibus
564 422 648 456 olim
660 423 789 455 vietum
801 417 1010 466 affignauerit
1019 418 1246 453 Dominarum
1258 415 1349 463 quod
1358 413 1504 449 Ecclefiae
1515 412 1682 449 seruirent.
1704 427 1783 463 ergo
1792 414 1967 451 discrimen
1978 418 2064 452 inter
2083 431 2177 455 vetus

331 476 365 507 δε
378 472 579 507 hodiernum
588 468 806 511 sacerdotium
816 467 998 500 tenendum
1010 465 1064 500 est.
1076 463 1282 499 Creabantur
1297 466 1332 498 in
1348 465 1435 510 Lege
1445 461 1624 497 sacerdotes
1638 466 1694 509 qui
1705 462 1868 498 sacrificiis
1880 463 2046 512 praeessent
2055 491 2066 506 ,
2077 463 2178 502 serui-

339 532 411 555 rent
421 519 535 559 altari,
545 523 577 553 δ(
592 515 795 551 tabernaculi
809 526 845 549 ac
856 513 973 562 templi
983 522 1095 551 curam
1108 511 1277 548 haberent:
1287 523 1438 546 creantur
1449 510 1549 546 hodie
1560 514 1618 558 qui
1628 510 1766 546 verbum
1781 515 1982 548 annuntient
1992 536 2001 550 ,
2013 517 2046 549 ὃς
2068 516 2178 551 Sacra-

332 578 447 603 menta
462 564 658 613 dispensent.
668 563 775 598 Nulla
785 560 939 597 sacrificia
949 562 1091 596 instituit
1101 559 1410 607 Dominus-,quibus
1422 561 1605 608 occupe‘tur
1616 557 1694 593 sacti
1705 561 1856 594 ministri:
1871 560 1964 595 nulla
1974 559 2047 596 sunt
2057 565 2095 603 ad
2108 565 2176 599 im-

331 617 490 651 ‘molandu
498 627 529 648 m
539 613 651 647 altaria
662 611 784 658 quibus
792 608 942 645 affistant.
953 614 1100 658 Apparet
1111 612 1213 656 igitur
1224 610 1325 655 quam
1335 607 1397 642 sint
1407 608 1536 642 ridiculi
1548 610 1606 655 qui
1617 620 1791 656 anagogen
1803 607 1896 642 illam
1908 610 1926 642 a
1936 607 2099 646 sacrificiis
2107 612 2176 648 alib
2199 610 2202 611 ⁷

331 666 433 712 quam
445 665 482 697 ad
493 661 664 708 Euangelii
673 661 943 708 praedicationem
954 658 1100 695 trahunt.
1113 659 1196 704 quin
1207 659 1320 704 potius
1331 668 1370 690 ex
1380 654 1533 699 hocloco
1546 668 1745 704 promptum
1756 657 1799 691 est
1811 656 1967 704 colligere
1978 680 1988 695 ,
2005 655 2178 708 sacrilegos

333 711 392 747 ess'e
406 724 523 746 omncs
532 709 713 758 papisticos
723 708 912 746 sacerdotes,
927 706 967 741 ab
979 704 1050 755 ipso
1060 709 1166 754 capite
1180 707 1220 739 ad
1230 704 1388 739 infimum
1402 703 1602 739 membrum:
1614 708 1672 752 qui
1687 705 1809 739 reditus
1818 707 1902 739 veris
1915 706 2071 743 ministris
2081 709 2179 744 desti-

333 773 429 795 natos
440 761 768 807 ingurgitant,quum
780 755 896 791 officio
907 756 1047 790 minime
1058 758 1215 789 omnium
1229 752 1536 801 fungantut.-Q98
1550 755 1641 788 enim
1654 753 1819 788 ministros
1831 754 1913 787 alere
1926 756 2071 802 praecipit
2082 759 2179 805 Apo-

332 808 433 843 stolus
447 811 459 841 ?
470 810 527 854 qui
539 807 722 856 Euangelio
733 805 940 855 praedicando
952 802 1238 849 incumbunt.quo
1251 804 1320 837 iure
1330 801 1587 838 sacerdotiorum
1599 813 1784 850 prouentus
1795 813 1950 848 arrogant
1963 800 2021 836 fibi
2032 802 2179 852 illizquia

331 856 505 891 cantillam
518 860 551 890 δε
563 853 853 900 sacrificant.atqui
864 852 949 887 nihil
962 852 1027 886 illis
1037 850 1102 885 tale
1113 851 1284 885 mandauit
1295 851 1528 885 Deus.constat
1539 853 1642 900 igitur
1651 849 1795 884 alienam
1808 850 1991 884 mercedem
2003 850 2043 885 ab
2052 851 2118 889 illis
2127 867 2179 890 ta-

331 908 376 953 pi.
393 904 558 939 Caeterum
570 916 675 951 quum
690 903 770 937 dicit
780 902 950 936 Leuiticos
959 896 1136 935 sacerdotes
1144 899 1256 934 altaris
1267 897 1358 933 fuisse
1368 901 1557 947 participes,
1571 903 1606 935 &
1617 911 1654 933 ex
1667 899 1756 942 sacro
1767 897 1872 936 edisse,
1888 900 2065 940 μετσνυμικῶς
2073 902 2180 938 dona-

331 957 379 988 ria
393 952 554 1000 fignificat
567 965 639 1000 quae
650 954 723 986 Deo
735 948 968 985 offerebantur.
981 949 1072 983 Nam
1082 946 1206 983 sanetas
1218 947 1339 982 hostias
1350 947 1408 982 fibi
1419 950 1562 996 integras
1572 945 1808 982 vendicabant:
1821 947 1836 982 ὲ
1849 947 2037 983 minoribus
2047 961 2180 988 armum

333 1003 485 1036 dextrum
498 1006 532 1036 Sc
544 999 747 1035 renunculos
760 1002 793 1033 ὅ(
808 999 1115 1048 caudam‚praeterea
1125 994 1472 1036 decimas,oblationes
1484 1001 1517 1031 δι
1528 998 1703 1046 primitias.
1711 995 1776 1039 seper
1786 1007 1864 1045 ergo
1877 994 2020 1033 secundo
2029 995 2106 1034 loco
2115 1011 2179 1050 pro

330 1049 469 1085 sacrario
481 1052 652 1097 accipitur.

384 1109 413 1143 15
465 1099 581 1142 Neque
593 1095 667 1130 verb
680 1094 868 1143 haecfcripfi.)
927 1095 1105 1141 Qoniam
1114 1093 1218 1133 videri
1231 1104 1359 1141 poterat
1371 1092 1507 1141 captasse
1519 1096 1554 1129 in
1575 1092 1725 1129 fututum
1736 1105 1771 1130 vt
1782 1093 1840 1129 fibi
1852 1107 1975 1130 merces
1986 1095 2183 1144 rependere-

333 1159 389 1182 tur
400 1149 418 1181 a
436 1146 711 1182 Corinthiis,eam
724 1142 945 1192 suspicionem
956 1141 1055 1176 tollit:
1071 1153 1107 1175 ac
1117 1140 1249 1175 tantum
1260 1138 1289 1175 se
1298 1139 1401 1175 abesse
1412 1142 1543 1176 testatur
1552 1141 1592 1176 ab
1600 1143 1661 1177 hac
1671 1141 1856 1183 voluntate,
1873 1154 1909 1178 vt
1920 1155 2064 1180 mortem
2075 1157 2181 1193 oppe—

334 1207 401 1230 tere
413 1196 505 1229 malit
518 1195 619 1241 quam
631 1194 844 1227 committere
855 1202 890 1226 vt
902 1191 970 1227 bxec
980 1190 1086 1238 gloria
1097 1188 1155 1224 fibi
1173 1200 1294 1238 pereat,
1313 1202 1434 1237 nempe
1447 1190 1540 1237 quod
1550 1193 1726 1238 gratuitam
1739 1204 1874 1239 operam
1885 1193 2092 1239 impenderet
2105 1194 2182 1229 Co..

333 1245 478 1278 riuthiis.
493 1243 614 1288 Neque
625 1244 749 1276 mirum
764 1241 807 1275 est
818 1243 902 1274 tanti
913 1237 1077 1274 aestimaffe
1088 1238 1174 1272 hanc
1184 1236 1326 1285 gloriam
1345 1261 1355 1276 ‚
1369 1238 1454 1272 vnde
1463 1237 1637 1286 Euangelii
1647 1243 1858 1274 autoritatem
1871 1239 2012 1288 pendere
2022 1240 2133 1289 aliqua
2143 1253 2182 1277 ex

333 1303 423 1340 parte
432 1290 595 1326 cernebat.
608 1291 698 1324 Nam
710 1291 756 1323 ita
765 1287 947 1337 praebuisset
957 1285 1065 1322 ansam
1080 1285 1138 1320 fibi
1149 1285 1328 1320 insultandi
1340 1286 1726 1335 pseudoapostoliszvnde
1738 1287 1887 1336 periculu
1897 1300 1963 1324 etat
1976 1302 2018 1325 ne
2027 1287 2089 1325 illo
2098 1301 2183 1326 con-

334 1351 465 1388 tempto
488 1338 664 1374 Corinthii
679 1350 803 1385 magno
818 1335 932 1386 plausu
944 1336 1007 1371 hos
1018 1337 1224 1384 exciperent:
1243 1335 1371 1370 tantum
1382 1334 1561 1385 Euangelii
1571 1337 1795 1390 promouendi
1815 1335 2006 1375 facultatem
2018 1340 2185 1374 nimirum

332 1391 475 1437 propriae
490 1391 563 1422 vitae
576 1386 775 1435 praeferebat.
1490 1384 1492 1386 ’

383 1441 419 1471 16
481 1436 615 1484 Qmfi
632 1435 912 1482 euangelizauero.)
961 1434 1006 1466 Vt
1017 1430 1167 1467 ostendat
1181 1436 1297 1480 quanti
1313 1436 1477 1470 momenti
1489 1433 1586 1468 fuerit
1597 1433 1697 1468 liuius
1707 1434 1820 1482 gloriae
1831 1437 1991 1470 metutam
2003 1446 2075 1469 non
2087 1432 2182 1470 fecis-

335 1483 505 1523 se‚indicat
518 1484 601 1532 quid
610 1482 722 1517 futuru
730 1496 760 1517 m
774 1482 871 1517 fuerit
885 1481 905 1516 si
919 1479 976 1515 suo
989 1482 1146 1515 duntaxat
1157 1483 1340 1516 ministerio
1351 1482 1528 1518 defunctus
1540 1481 1748 1530 effettnempe
1757 1481 1844 1517 nihil
1853 1483 1919 1517 hoc
1931 1483 2034 1518 modo
2044 1481 2136 1518 aliud
2151 1480 2184 1519 se

333 1532 427 1569 fuisse
446 1532 612 1569 facturum
622 1556 633 1570 ,
645 1533 745 1579 quam
757 1532 849 1579 quod
858 1527 987 1579 praecisa
1000 1528 1185 1568 necessitate
1197 1530 1256 1566 fibi
1268 1533 1460 1567 minuetum
1471 1543 1537 1569 erat
1547 1532 1565 1565 a
1575 1533 1741 1567 Domino.
1758 1531 1790 1566 id
1800 1531 1998 1579 praestando,
2010 1541 2109 1578 negat
2118 1529 2179 1567 fibi

335 1580 429 1617 fuiss'e
440 1581 606 1629 gloriandi
619 1583 910 1626 marerimmquum
924 1575 1066 1630 effugere
1077 1591 1147 1612 non
1160 1576 1272 1626 posset.
1286 1581 1456 1625 Qaeritur
1470 1590 1579 1613 autem
1593 1592 1693 1625 quam
1705 1578 1913 1626 hic‘gloriam
1925 1578 2185 1628 intelligat'mam

336 1630 415 1665 alibi
428 1631 589 1678 gloriatur
600 1629 691 1676 quod
703 1628 843 1663 versatus
859 1628 894 1664 sit
908 1630 942 1660 in
957 1626 1072 1664 officio
1084 1627 1226 1663 docendi
1247 1640 1328 1679 pura
1338 1626 1549 1665 conscientia.
1570 1625 1770 1679 Respondeo
1781 1650 1790 1665 ,
1803 1625 1912 1676 ipsum
1923 1627 1962 1662 de
1974 1626 2187 1677 glorialoqui

336 1691 440 1727 quam
450 1691 494 1730 op
522 1690 622 1712 onere
633 1675 915 1727 pseudoapostolis
925 1686 1177 1724 poterat,quutn
1190 1687 1225 1711 ca
1253 1675 1588 1713 tarentinaledicendi
1597 1686 1791 1727 praetexturn
1803 1689 1811 1709 ι
1825 1675 1919 1710 sicuti
1930 1688 1967 1709 ex
1979 1673 2187 1723 consequen-

336 1727 426 1762 tibus
441 1691 560 1761 meiius
572 1725 813 1774 patebitPorro
826 1725 893 1760 haec
907 1722 1044 1771 insignis
1056 1722 1191 1758 semeria
1201 1688 1344 1765 eilande
1354 1722 1501 1777 primum
1510 1722 1664 1758 discimus
1674 1723 1771 1771 quale
1781 1722 1819 1757 fit
1829 1723 2070 1765 vocationis&
2107 1725 2185 1760 uam

336 1779 467 1811 arctum
481 1774 656 1809 vinculum
666 1777 701 1809 in
715 1775 889 1809 ministris:
916 1772 1033 1806 deinde
1045 1772 1127 1817 quid
1139 1771 1218 1806 ferat
1228 1785 1264 1806 ac
1275 1771 1332 1807 sub
1344 1775 1375 1807 se
1385 1775 1555 1808 continear
1566 1770 1717 1807 officium
1727 1771 1896 1820 pastorale.
1910 1773 1983 1819 Qi
1995 1784 2074 1820 ergo
2098 1772 2185 1810 ernel

333 1835 473 1859 vocatus
488 1825 542 1861 est,
559 1835 629 1858 non
640 1834 734 1870 puter
744 1822 773 1856 se
783 1820 928 1870 amplius
940 1818 1083 1854 liberum
1096 1819 1167 1859 effe,
1181 1832 1216 1855 vt
1227 1821 1346 1869 pedem
1361 1834 1467 1868 quum
1479 1820 1633 1858 libuerit,
1646 1821 1789 1858 reducat,
1799 1819 1822 1855 fi
1836 1819 1920 1855 forte
1933 1819 2099 1859 molestias
2110 1833 2186 1870 per-

335 1871 430 1908 taesus
443 1883 498 1907 aut
509 1872 739 1906 incommodis
754 1883 906 1919 grauatus
919 1868 1027 1903 fuerit.
1045 1869 1193 1904 addiEtus
1206 1872 1295 1904 enim
1307 1869 1350 1904 est
1361 1871 1514 1904 Domino
1527 1872 1558 1903 ἃ
1572 1867 1738 1910 Ecclesiae,
1750 1872 1783 1905 &
1796 1867 1887 1905 sacro
1896 1881 1984 1904 nexu
1994 1869 2182 1908 deuinctus,

336 1934 440 1968 quem
451 1920 646 1967 abrumpere
659 1919 748 1955 nefas
764 1920 817 1954 est.
839 1919 946 1966 Qod
957 1919 996 1953 ad
1007 1915 1188 1955 secundum
1205 1916 1327 1966 spectat
1336 1941 1346 1957 ‚
1366 1917 1640 1956 inalediitionem
1650 1915 1709 1952 fibi
1720 1928 1864 1966 paratam
1877 1914 1936 1953 esse
1950 1915 2065 1957 tradit,
2078 1915 2140 1953 nisi
2150 1931 2186 1953 e-

336 1968 537 2019 uangelizet.
562 1969 632 2002 Cur
653 1975 662 2001 ἒ
682 1981 804 2016 nempe
815 1968 979 2015 quoniam
999 1965 1083 2002 adid
1093 1963 1131 2000 fit
1148 1977 1285 2001 vocatus
1293 1989 1302 2004 ,
1317 1966 1459 2014 idedque
1480 1963 1664 2005 necessitate
1674 1977 1834 2013 vrgeatur.
1869 1967 2077 2013 Quicunque
2105 1977 2185 2016 ergo

335 2021 372 2053 in
388 2022 458 2053 eius
484 2014 636 2051 officium
647 2015 789 2051 succedit
808 2042 817 2057 ,
830 2016 917 2051 hanc
928 2011 1151 2049 necessitatem
1162 2015 1339 2062 quomodo
1349 2013 1486 2063 effugiet
1500 2019 1516 2050 ἓ
1532 2013 1639 2061 qualis
1651 2026 1729 2062 ergo
1748 2015 1791 2048 est
1801 2013 2041 2065 Apostolorum
2061 2012 2186 2050 succes-

334 2065 381 2101 sio
393 2069 426 2101 in
450 2067 536 2114 Papa
549 2068 583 2100 δε
596 2066 747 2101 cornutis
765 2062 937 2115 Episcopis
958 2086 969 2102 ‚
989 2064 1048 2112 qui
1059 2062 1147 2098 nihil
1158 2066 1265 2114 magis
1275 2063 1425 2100 alienum
1438 2065 1457 2102 a
1476 2062 1532 2099 sua
1539 2061 1679 2116 persona
1698 2063 1886 2099 existimant
1898 2089 1909 2107 ,
1927 2063 2030 2113 quam
2042 2062 2187 2099 docendi

335 2128 459 2151 munus
470 2122 479 2148 Ξ
522 2133 524 2135 >

386 2173 422 2209 ¹7
473 2166 493 2197 S
497 2167 508 2197 i
518 2166 600 2197 enim
610 2164 718 2197 volens
728 2160 783 2195 hoc
786 2161 901 2206 facio.)
953 2162 1089 2198 Merces
1100 2160 1156 2197 hic
1167 2162 1289 2197 dicitur
1301 2161 1394 2212 quod
1402 2161 1514 2196 latini
1522 2171 1644 2195 vocant
1654 2159 2028 2209 Operaepretium‚quod
2037 2159 2114 2196 ante
2125 2172 2186 2197 vo-

336 2215 425 2247 canit
436 2211 603 2250 Gloriam,
611 2223 802 2259 quanquam
817 2209 874 2244 alii
886 2209 974 2245 secus
986 2208 1254 2259 interpretamur:
1268 2223 1390 2261 nempe
1401 2209 1494 2256 qubd
1504 2221 1627 2247 merces
1636 2207 1673 2243 fit
1683 2207 1850 2257 proposita
1863 2207 2023 2247 omnibus
2034 2211 2092 2257 qui
2103 2207 2186 2254 fide,-

336 2260 413 2295 litcr
428 2265 461 2296 &
475 2273 512 2294 ex
525 2263 641 2296 animo
653 2258 746 2294 suum
757 2257 909 2293 officium
922 2270 1142 2305 exequuntur.
1155 2260 1229 2307 Ego
1240 2270 1350 2294 autem
1366 2271 1423 2306 per
1433 2256 1672 2302 voluntarium
1685 2257 1840 2306 intelligo
1852 2259 1911 2304 qui
1920 2267 1987 2293 tarn
1999 2253 2147 2293 alacriter
2154 2254 2186 2294 se

337 2312 434 2356 gerit,
447 2320 482 2343 vt
495 2312 529 2343 in
540 2321 644 2343 vnum
655 2306 836 2342 :edificandi
848 2308 992 2342 studium
1008 2309 1171 2349 intentus,
1184 2307 1273 2342 nihil
1281 2309 1438 2344 detrectet
1449 2306 1541 2354 quod
1551 2305 1632 2343 vtile
1640 2304 1787 2344 Ecclefiae
1800 2305 1870 2351 fore
1879 2306 2023 2341 nouerit.
2040 2304 2134 2341 sicuti
2144 2317 2184 2342 ex

337 2355 474 2392 aduerso
488 2359 617 2394 inuitos
629 2355 772 2408 appellat
782 2358 839 2405 qui
851 2354 1030 2391 necessitati
1042 2357 1177 2402 quidem
1193 2367 1308 2406 patent
1317 2359 1352 2390 in
1363 2356 1504 2403 agendo:
1514 2353 1567 2389 sed
1577 2353 1724 2402 maligne
1734 2362 1849 2402 agunt,
1861 2355 1938 2399 quia
1951 2362 2022 2389 non
2032 2352 2185 2390 libenter.

338 2407 417 2441 Hoc
429 2408 518 2441 enini
532 2406 657 2454 semper
667 2406 798 2444 accidit,
815 2415 849 2438 vt
866 2407 923 2451 qui
939 2403 1079 2438 studiose
1094 2407 1271 2452 negotium
1283 2404 1420 2451 aliquod
1433 2399 1583 2450 suscipit,
1594 2402 1711 2450 sponte
1721 2407 1821 2438 etiam
1839 2400 1948 2436 subeat
1961 2404 2077 2437 omnia
2090 2428 2100 2443 ,
2110 2414 2185 2450 quae

337 2454 548 2501 praetetmiss‘a
558 2481 568 2495 ‚
580 2468 601 2489 o
629 2456 690 2488 eris
702 2451 857 2487 effe-istum
870 2454 1081 2504 impedirent.
1107 2456 1154 2486 lta
1164 2452 1284 2487 Paulus
1296 2465 1401 2500 quum
1413 2450 1620 2490 voluntarius
1631 2449 1723 2490 effer,
1735 2463 1805 2484 non
1817 2450 1945 2485 tanturn
1957 2449 2184 2498 perfunQOtiE

341 2502 491 2537 docebat:
506 2501 556 2537 sed
568 2467 655 2538 nillil
668 2500 845 2536 omittebat
855 2502 948 2548 quod
958 2501 1148 2548 aptumeffe
1158 2500 1372 2552 cognosceret
1383 2500 1542 2537 doetrinae
1552 2500 1791 2550 promouendae
1803 2502 1836 2533 δε
1847 2499 2048 2536 adiuuandae.
2061 2499 2184 2535 Proin-

338 2551 378 2584 de
389 2551 455 2585 hoc
466 2550 516 2586 illi
527 2562 597 2585 erat
606 2551 874 2599 operaepretium,
887 2552 920 2584 &
932 2549 1002 2583 haec
1013 2548 1131 2595 gloria,
1142 2549 1236 2597 quod
1248 2560 1406 2600 prompto
1417 2549 1531 2582 animo
1542 2549 1593 2581 ius
1606 2545 1700 2581 suum
1711 2546 1911 2584 remittebat,
1922 2559 1962 2581 eo
1971 2547 2063 2595 quod
2074 2545 2184 2583 liben-

338 2610 387 2633 ter
400 2603 433 2634 &
444 2598 527 2633 serio
552 2599 626 2634 zelo
637 2602 671 2633 in
682 2599 776 2633 suum
789 2610 912 2632 munus
924 2596 1143 2632 incumberet.
1195 2601 1229 2632 Si
1238 2609 1341 2632 autem
1349 2600 1463 2631 inuitus
1480 2619 1489 2636 ‚
1509 2594 1683 2644 dispenfhtio
1694 2594 1769 2628 mihi
1780 2594 1828 2636 est.
1868 2593 2113 2641 Vtcun'quesalii
2125 2607 2185 2631 ex.

337 2659 467 2694 ponant
479 2671 488 2685 ‚
501 2648 556 2682 hic
569 2651 659 2692 (meo
671 2647 809 2689 iudicio)
823 2658 999 2693 germanus
1008 2645 1051 2679 est
1061 2644 1168 2680 sensus
1181 2669 1191 2683 ,
1200 2648 1279 2681 Eius
1288 2644 1486 2692 obsequium
1499 2643 1641 2678 minime
1650 2643 1826 2692 approbari
1838 2644 1931 2680 Deo,
1944 2645 2003 2689 qui
2013 2642 2184 2680 illiberali-

338 2706 388 2730 ter
401 2699 434 2729 &
449 2695 539 2742 quasi
551 2695 733 2734 reluCtante
743 2697 860 2730 animo
872 2693 954 2728 illud
964 2692 1046 2727 obit.
1066 2693 1174 2728 Simul
1187 2706 1265 2741 ergo
1277 2705 1376 2740 atque
1386 2692 1512 2740 aliquid
1522 2691 1621 2727 nobis
1630 2693 1648 2726 ὲ
1658 2691 1736 2726 Deo
1746 2693 1937 2726 minnistan]
1949 2691 1992 2725 est
2005 2717 2014 2729 ‚
2036 2690 2184 2731 fallimur

338 2741 362 2778 fi
382 2754 541 2792 putamus
560 2757 621 2778 nos
641 2746 703 2777 rite
715 2741 890 2780 defui-letos
901 2742 982 2777 dum
1003 2741 1149 2789 maligne
1161 2741 1245 2776 illud
1263 2741 1455 2789 implemus.
1477 2740 1597 2775 alacres
1607 2742 1699 2775 enim
1719 2740 1886 2775 ministros
1902 2741 2041 2788 requirit
2057 2741 2182 2776 Domi·-

339 2805 403 2826 nus
413 2815 420 2828 ,
446 2794 504 2838 qui
518 2804 647 2826 morem
659 2791 709 2825 illi
719 2791 863 2838 gerendo
872 2791 1037 2837 gaudeant
1049 2815 1059 2830 ‚
1075 2795 1108 2824 ὅ(
1120 2789 1322 2825 hilaritatem
1341 2789 1430 2824 suam
1440 2788 1607 2824 declarent
1616 2788 1885 2837 promptitudine
1894 2788 2026 2834 agendi.
2043 2790 2082 2823 In
2094 2787 2184 2825 sitm·

339 2853 393 2874 ma
403 2863 412 2878 ‚
427 2839 587 2890 intelligit
596 2839 716 2876 Paulus
731 2851 812 2876 tunc
823 2839 959 2875 demum
990 2840 1162 2875 vocationi
1173 2836 1234 2874 suae
1243 2836 1440 2876 satisfactum
1451 2840 1492 2874 iri
1502 2860 1512 2875 ,
1524 2836 1546 2872 fi
1557 2837 1675 2874 volens
1687 2840 1721 2872 δε
1733 2835 1860 2884 liberali
1872 2836 1979 2872 studio
1990 2847 2098 2886 partes
2112 2835 2184 2880 suas

340 2887 492 2936 impleat.

387 2938 422 2971 18
473 2936 549 2985 Qae
559 2937 649 2983 igitm
658 2935 734 2968 mihi
744 2938 889 2977 merces.)
939 2933 1125 2969 Concludit
1136 2947 1173 2969 ex
1183 2932 1407 2985 superioribus
1415 2957 1425 2972 ‚
1450 2931 1508 2968 fibi
1518 2934 1596 2970 inde
1607 2932 1749 2980 gloriam
1760 2933 1907 2967 constare
1934 2931 2025 2980 qubd
2036 2932 2182 2980 gratuito

339 2984 458 3020 seruiat
470 2983 670 3018 Corinthiis:
684 2985 762 3029 quia
772 2985 849 3018 inde
857 2994 989 3031 apparet
1002 2982 1143 3017 libenter
1153 2981 1260 3031 ipsum
1270 2983 1412 3018 docendi
1423 2980 1538 3017 officio
1548 2981 1847 3027 incumbet-equod
1863 2980 2022 3021 omnibus
2031 2984 2184 3032 Euange-

340 3034 377 3068 lii
389 3031 568 3068 obstaculis
578 3031 753 3081 diligenter
763 3043 923 3066 occurrat:
937 3043 997 3065 nec
1007 3042 1186 3066 contentus
1197 3028 1339 3065 docuisse
1350 3031 1472 3064 studeat
1483 3031 1591 3064 modis
1601 3030 1760 3065 omnibus
1771 3041 1972 3077 promouere
1982 3030 2182 3067 doctrinam.

340 3083 420 3116 Haec
432 3083 535 3128 igitur
547 3080 591 3114 est
602 3078 741 3117 summa,
752 3080 841 3114 Mihi
850 3077 973 3114 necesse
984 3079 1029 3113 est
1041 3079 1262 3126 Euangelium
1274 3079 1456 3127 praedicare:
1469 3077 1490 3113 fi
1501 3092 1579 3113 inon
1590 3076 1689 3116 facio,
1701 3090 1746 3112 vae
1759 3077 1942 3124 milii2quia
1955 3090 2107 3127 repugno
2116 3080 2183 3116 Dei

339 3131 538 3168 vocationi,
547 3126 598 3162 sed
608 3141 678 3162 non
698 3126 771 3162 satis
783 3128 827 3161 cst
836 3128 1008 3176 praedicate
1020 3149 1029 3164 ‚
1045 3126 1106 3162 nisi
1117 3127 1258 3162 libenter
1280 3128 1345 3162 hoc
1355 3126 1483 3162 faciam:
1502 3139 1611 3174 neque
1624 3128 1715 3160 enim
1725 3128 1784 3172 qui
1796 3128 1922 3161 inuitus
1934 3130 2105 3173 exequitur
2116 3127 2184 3164 Dei

343 3179 552 3214 mandatum,
564 3174 736 3224 respondet
747 3173 862 3210 officio
872 3175 929 3210 suo
940 3186 975 3209 vt
985 3175 1180 3222 decet-quod
1191 3175 1211 3209 fi
1222 3175 1365 3210 libenter
1376 3175 1499 3210 obedio
1508 3176 1600 3213 Deo,
1610 3184 1683 3208 tum
1697 3174 1780 3208 mihi
1791 3173 1904 3209 licebit
1915 3173 2184 3224 gloriarizproin·

343 3227 383 3258 de
395 3228 576 3272 gratuitum
585 3223 807 3272 Euangelium
821 3223 923 3258 facere
934 3223 1018 3258 mihi
1029 3222 1152 3258 necess'e
1164 3223 1273 3260 fuit‚vt
1285 3223 1419 3272 gloriari
1433 3226 1502 3258 iure
1514 3221 1650 3271 possem.
1661 3222 1739 3256 Hoc
1750 3221 1828 3256 loco
1838 3225 1993 3257 nituntur
2002 3222 2135 3270 Papistae
2143 3224 2185 3261 ad

344 3273 578 3307 stabiliendum
588 3272 682 3307 suum
693 3283 926 3307 commentum
937 3272 976 3306 de
988 3271 1144 3319 operibus
1154 3270 1463 3320 supererogationis.
1480 3270 1612 3310 Paulus,
1624 3272 1795 3317 inquiunt,
1808 3269 1924 3305 officio
1935 3268 2130 3307 satisfecisset
2140 3274 2184 3309 E..

344 3320 539 3367 iiangelium
551 3322 768 3368 ptaedicando.
781 3321 870 3354 addit
882 3331 993 3355 autem
1005 3318 1087 3354 vltra
1101 3320 1226 3367 aliquid
1238 3321 1277 3356 ad
1289 3333 1328 3355 cu
1335 3320 1475 3354 mulumz
1489 3332 1578 3367 'ergo
1590 3317 1798 3366 supererogat
1807 3318 1934 3366 aliquid
1942 3320 2034 3366 quod
2044 3331 2114 3355 non
2124 3321 2182 3357 de-

341 3368 427 3405 bend
437 3370 583 3415 istinguit
594 3373 682 3404 emin
696 3372 779 3406 inter
790 3369 1027 3407 Voluntarium
1045 3371 1079 3403 δ(
1091 3366 1327 3404 Necessarium.
1338 3367 1540 3417 Respondeo
1551 3391 1560 3408 ,
1574 3367 1715 3405 Paulum
1734 3366 1821 3408 vltra
1830 3369 1965 3416 quidem
1980 3366 2183 3417 progressum

2074 3414 2106 3453 fu
2112 3419 2120 3453 i
2127 3416 2178 3458 isc,
