2268 3705
592 60 707 113 AD
760 58 1544 113 GALATAS·CA'P·11-
1915 67 1969 117 31‘7'

116 139 267 176 doctrina
274 135 709 187 pugnarezquandoquidcm
720 133 761 169 sic
773 136 1004 182 praedicauerat
1016 133 1115 169 fidem
1126 134 1302 172 Christi‚vt
1311 137 1436 182 peccati
1447 138 1579 170 ruinam
1591 138 1627 171 &
1635 135 1859 172 abolitionem
1869 148 1954 174 con-

117 191 268 235 iungeret
277 212 285 221 .
335 185 424 221 Nam
434 185 514 219 sicut
523 185 619 218 docet
630 187 769 218 loannes
781 183 952 219 Christum
962 196 1032 218 non
1042 180 1164 217 venisse
1173 182 1213 216 ad
1222 184 1414 218 extruedum
1427 195 1567 229 regnum
1578 188 1717 231 pcccati,
1726 183 1775 221 sed
1785 186 1953 222 destruew
1969 180 2064 223 tdoajg
2072 181 2147 220 mla-‚ze

116 237 256 271 dumu‘ra
264 233 382 270 Paulus
393 232 449 268 hic
458 233 590 267 testatur
599 230 629 266 se
640 232 674 266 in
684 231 871 278 Euangelio
882 230 1215 279 pi·aedicando,veram
1226 232 1383 266 iustitiam
1396 229 1615 268 restituilse,vt
1626 243 1798 279 peccatum
1809 235 1954 270 destrue-

118 296 216 319 retur.
227 286 298 318 Erat
308 283 411 328 igitur
423 280 564 315 minime
574 278 892 317 consentaneum‚ab
903 281 1022 314 eodem
1032 281 1180 314 interimi
1189 290 1363 327 peccatum
1373 302 1383 316 ‚
1396 282 1429 314 δ(
1442 279 1621 314 instaurari.
1637 280 1735 316 huius
1745 279 1876 318 absurdi
1888 283 1952 318 ob..

117 335 264 369 {cerione
274 328 441 378 propulsat
450 328 665 363 calumniam.
1216 349 1218 351 .
1504 364 1507 365 ⁷
1700 368 1702 373 .
1950 328 1958 365 ’γ

166 392 202 423 ¹9
250 383 315 426 Ego
324 380 402 410 enim
407 388 463 425 per
472 375 590 425 legem.)
601 378 755 422 Sequitur
765 375 885 410 directa
897 374 1146 423 responfioznon
1158 376 1392 425 imputandum
1405 372 1464 411 esse
1474 375 1608 413 Christo
1618 376 1709 422 quod
1718 381 1892 425 proprium
1903 376 1949 416 est

119 441 204 477 opus
216 427 432 473 Legismequc
442 427 533 460 enim
544 437 629 472 opus
640 423 835 459 effeChristo
847 424 886 457 ad
896 425 1113 459 exinanienda
1121 426 1219 472 Legis
1228 424 1637 472 iustitiamzquandoquidf:
1647 423 1712 472 ipsa
1724 426 1789 460 Lex
1802 427 1949 476 discipu-

119 477 170 511 los
180 473 252 510 suos
263 474 396 508 occidit:
405 472 465 508 acsi
476 473 607 518 diceret,
617 475 684 507 Vos
695 471 770 507 falsa
780 473 1021 519 imaginatione
1030 472 1184 520 decipitis
1193 471 1328 509 miseros
1339 471 1515 510 homines,
1525 472 1614 520 quasi
1624 485 1662 507 ex
1673 475 1759 520 Lege
1771 477 1880 510 viuere
1891 478 1949 511 de*

118 521 336 569 beant,e6que
347 525 502 568 praetextu
513 523 549 556 in
561 522 648 568 Lege
658 519 745 568 ipsos
756 519 1106 567 detinetis:Euangelio
1116 522 1240 555 interea
1249 519 1354 556 facitis
1368 521 1542 559 inuidiam,
1553 520 1642 568 quafi
1652 524 1687 556 in
1697 521 1844 559 nihilum
1854 526 1946 560 iusti«

119 575 200 606 tiam
211 571 334 618 redigat
345 582 446 616 quam
456 581 493 604 ex
503 570 590 617 Lege
600 567 770 603 habemus:
781 571 871 614 arqui
882 569 947 602 Lex
959 566 1024 616 ipsa
1035 568 1078 602 est
1089 580 1161 615 quae
1172 581 1234 603 nos
1243 567 1301 602 fibi
1315 571 1400 604 mori
1410 572 1512 616 cogit.
1525 582 1602 604 nam
1613 583 1720 617 quum
1731 573 1869 607 exitium
1881 584 1947 607 no·-

117 620 169 655 bis
181 621 339 653 minitans
348 643 358 658 ‚
369 618 455 652 nihil
463 617 562 652 nobis
572 617 736 663 relinquat
747 627 860 664 praeter
879 614 1138 664 desperationem
1150 640 1160 654 2
1168 616 1234 650 hoc
1245 617 1348 651 modo
1358 630 1419 652 nos
1430 617 1564 664 expellit
1573 620 1590 653 a
1601 617 1648 652 sui
1660 617 1788 654 fiducia.
1808 620 1946 656 Facilior

119 669 218 705 huius
229 668 296 702 loci
306 665 527 714 intelligentia
537 666 676 713 petenda
686 666 728 699 est
739 678 776 700 ex
786 664 924 712 septimo
935 666 1042 712 capite
1052 665 1092 699 ad
1103 666 1207 700 Rom.
1219 664 1288 699 illic
1299 667 1387 699 enim
1399 665 1536 712 pulchre
1546 665 1696 702 describit
1707 666 1827 702 Paulus
1837 672 1949 704 nemi·

122 730 200 751 nem
211 717 293 763 Legi
301 713 486 752 viuere‚nis1
495 720 548 749 cui
559 716 626 748 Lex
637 714 680 749 est
692 713 902 750 mortua‚hoc
913 713 956 747 est
965 711 1072 747 otiosa
1082 716 1117 749 δι
1127 712 1194 747 sine
1203 710 1415 749 affectumam
1425 712 1619 760 simulatque
1632 717 1699 751 Lex
1711 719 1822 750 viuere
1832 718 1866 750 in
1881 731 1948 752 no-

121 765 172 800 bis
183 775 373 812 coepit‚eam
384 762 482 798 nobis
493 761 643 809 infligere
653 760 773 796 lethale
785 760 906 797 vulnus
915 773 985 807 quo
995 763 1152 809 perimus:
1161 764 1194 796 &
1204 759 1302 797 simul
1312 763 1414 798 vitam
1426 773 1580 797 emortuo
1591 764 1679 809 prius
1692 775 1828 811 peccato
1839 764 1945 812 inspi-*

122 815 290 860 rare-Ergo
302 813 360 858 qui
368 811 450 859 Legi
460 813 592 848 viuum,
604 823 777 855 nunquam
789 807 952 844 senserunt
963 811 1115 856 vigorem
1124 810 1235 857 Legis,
1244 821 1280 844 ac
1291 822 1332 845 nc
1343 810 1486 856 gustatur
1496 811 1632 856 quidem
1644 812 1724 857 quid
1735 813 1800 846 Lex
1811 811 1870 848 fibi
1882 814 1951 848 vel-

122 862 258 896 lettnam
269 861 334 894 Lex
345 858 418 893 vere
425 867 653 906 percepta,nos
664 857 722 892 sibi
734 859 819 892 mori
830 856 1015 904 cogit.hinc
1025 868 1281 905 peccatummon
1291 869 1399 893 autem
1412 858 1430 892 ὲ
1441 858 1586 895 Christo,
1600 861 1698 892 Mori
1708 862 1766 907 legi
1775 860 1835 894 Vel
1847 860 1890 896 est
1900 860 1952 897 illi

124 910 312 949 renuntiare
323 911 356 943 ὅ(
367 907 407 941 ab
416 911 486 942 eius
501 909 642 955 imperio
655 907 847 942 manumitti
857 919 865 940 t
875 908 920 939 ita
929 916 964 939 vt
972 905 1060 942 nihil
1069 905 1247 941 habeamus
1259 908 1293 942 in
1305 919 1340 940 ea
1353 904 1478 943 fiduciae
1488 929 1498 944 ‚
1510 918 1570 941 nec
1580 905 1720 943 viciffim
1731 920 1792 943 nos
1803 902 1861 944 sub
1870 913 1952 958 iugo

125 957 288 993 seruitutis
297 958 448 1003 captiuos
458 966 577 990 teneat:
587 954 639 989 vel
651 954 739 989 certe
750 965 913 1001 quatenus
922 966 985 989 nos
997 967 1116 990 omnes
1125 954 1246 989 addicit
1258 957 1370 992 exitio,
1379 953 1505 993 nullam
1520 956 1555 989 in
1576 968 1612 989 ca
1624 958 1726 991 vitam
1738 960 1953 1005 reperire2qui

125 1006 285 1055 posterior
295 1002 401 1039 sensus
413 1003 530 1038 melius
543 1004 715 1038 conuenit.
729 1002 899 1038 Christum
910 1004 999 1037 enim
1012 1001 1111 1039 huius
1121 1002 1360 1037 maliautorem
1372 1002 1431 1039 effe
1442 1013 1552 1050 negat,
1561 1003 1652 1050 quod
1662 1004 1728 1040 Lex
1739 1006 1842 1052 magis
1853 1009 1954 1043 noxia

125 1053 280 1100 linquam
289 1050 390 1087 vtilis:
401 1050 452 1086 sed
463 1050 622 1086 inclusam
634 1053 668 1085 in
681 1048 748 1099 ipsa
758 1051 845 1098 Lege
855 1047 915 1084 effe
928 1049 1198 1086 maledictionem
1209 1077 1219 1092 ,
1231 1063 1302 1098 quae
1313 1064 1374 1086 nos
1386 1050 1517 1086 occidit.
1534 1052 1629 1086 Vnde
1639 1050 1783 1098 sequitur
1794 1064 1954 1095 mortem,

125 1115 196 1150 quae
206 1103 224 1135 a
234 1102 320 1147 Lege
331 1099 557 1137 infertur2vere
569 1097 630 1134 effe
641 1098 854 1134 mortiferam.
864 1099 954 1133 Hinc
965 1101 1149 1146 opponitur
1158 1098 1258 1134 altera
1267 1102 1384 1134 mortis
1395 1097 1516 1147 species
1525 1099 1658 1134 viuifica
1669 1102 1704 1134 in
1715 1099 1867 1137 societate
1878 1114 1956 1137 cru-

125 1153 172 1185 cis
184 1149 318 1184 Christi.
332 1150 370 1182 Se
383 1150 484 1196 igitur
494 1149 558 1183 vna
567 1160 642 1182 cuin
655 1147 789 1182 Christo
799 1147 879 1181 dicit
891 1145 949 1181 effe
960 1146 1207 1188 crucifixum,vt
1219 1150 1328 1184 viuere
1339 1150 1509 1195 inciperet.
1519 1149 1558 1182 Et
1568 1149 1755 1189 distinctio,
1765 1161 1838 1196 quae
1849 1148 1957 1198 vulgb

125 1199 275 1234 obtinuit
283 1220 293 1234 ,
304 1199 490 1244 genuinum
500 1194 627 1230 sensum
640 1195 800 1230 obscurat.
833 1197 887 1229 Sic
897 1194 1013 1241 legunt
1022 1221 1031 1234 ,
1043 1197 1115 1243 Ego
1127 1208 1184 1243 per
1194 1196 1318 1243 Legem
1328 1198 1409 1243 Legi
1421 1207 1572 1231 mortuus
1583 1195 1704 1239 sunnvt
1714 1194 1848 1236 Christo
1860 1201 1958 1232 viue-

124 1259 206 1284 rern.
244 1247 348 1291 Atqui
359 1245 478 1279 melius
488 1243 567 1278 fluet
577 1243 720 1278 diuersus
731 1245 989 1292 contextus‚Ego
1000 1255 1056 1291 per
1065 1245 1189 1290 Legem
1202 1245 1247 1282 Le
1274 1247 1282 1278 i
1296 1255 1445 1281 mortuus
1455 1242 1523 1279 sum
1537 1245 1673 1282 :deinde
1684 1242 1826 1291 ⁴seorsim,
1836 1257 1870 1280 vt
1878 1248 1956 1285 Deo

126 1292 477 1331 viuerem‚crucifixus
488 1292 558 1327 sum
569 1305 646 1329 cum
657 1292 800 1327 Christo.
837 1293 869 1325 V
872 1302 885 1324 t
895 1294 968 1326 Deo
985 1294 1132 1326 vinerem.
1170 1292 1232 1326 Ost
1277 1292 1324 1325 dit
1334 1304 1438 1339 genus
1459 1295 1575 1328 mortis
1596 1290 1654 1328 effe
1665 1291 1811 1340 optabile
1830 1307 1867 1328 ex
1881 1307 1955 1341 quo
1985 1333 1993 1337 ἢ(

127 1343 262 1379 inuidia:
275 1344 445 1376 materiam
456 1340 631 1391 captabant
642 1338 915 1389 pseudoapostoli.
929 1337 1089 1387 fignificat
1099 1341 1188 1376 enim
1207 1353 1271 1374 nos
1280 1341 1361 1387 Legi
1380 1352 1591 1386 nequaquam
1608 1341 1683 1377 ideo
1694 1344 1780 1375 mori
1789 1349 1824 1376 'vt
1834 1354 1954 1391 pecca-

127 1403 165 1427 to
177 1393 328 1426 viuamus
337 1413 346 1427 ‚
360 1388 412 1424 sed
425 1391 516 1423 Deo.
550 1391 670 1424 Viuere
681 1390 776 1426 Deo,
791 1387 956 1424 interdum
973 1387 1107 1435 quidem
1119 1389 1163 1422 est
1174 1390 1274 1422 vitam
1288 1389 1432 1422 nostram
1445 1400 1649 1435 componere
1669 1389 1708 1423 ad
1718 1391 1786 1425 eius
1799 1390 1957 1425 volunta-

126 1451 213 1475 tem:
236 1441 281 1472 ita
297 1450 332 1472 vt
342 1437 429 1474 nihil
440 1437 530 1472 aliud
543 1438 725 1473 studeamus
743 1447 813 1471 tota
823 1437 891 1473 vita
899 1458 910 1473 ,
925 1436 1026 1482 quam
1037 1448 1100 1471 nos
1110 1435 1161 1470 illi
1171 1435 1361 1486 approbare.
1379 1434 1435 1473 hic
1453 1447 1564 1472 autem
1575 1437 1619 1471 est
1639 1439 1748 1472 viuere
1766 1440 1870 1475 vitam
1888 1440 1957 1474 Dei

131 1489 180 1532 (vt
190 1486 236 1521 ita
244 1486 361 1532 loquar
372 1489 383 1530 )
394 1485 463 1532 qub
479 1485 639 1520 antitheta
649 1487 735 1519 inter
742 1482 772 1519 se
786 1481 1002 1532 respondeant
1020 1496 1116 1520 :narn
1127 1497 1192 1531 qua
1200 1485 1466 1521 rationedictum
1477 1485 1521 1519 est
1529 1509 1539 1523 ,
1553 1497 1615 1521 nos
1627 1487 1713 1519 mori
1726 1487 1827 1534 Legi,
1840 1487 1958 1522 eadem.

127 1539 163 1571 δι
174 1538 284 1570 viuere
293 1535 378 1569 Deo.
420 1537 459 1570 In
472 1531 768 1571 summa‚adrnonet
777 1531 897 1567 Paulus
906 1531 1081 1566 mortalem
1093 1545 1165 1569 non
1178 1531 1237 1569 effe
1249 1544 1391 1568 mortem
1402 1532 1562 1575 illam,sed
1571 1535 1684 1581 potius
1693 1531 1822 1579 causam
1835 1534 1957 1570 melio·

126 1586 172 1619 ris
187 1585 261 1618 vitae
271 1584 399 1617 :Deum
408 1584 499 1618 enim
509 1593 546 1616 ex
555 1580 727 1627 naufragio
738 1580 835 1627 Legis
845 1593 907 1617 nos
921 1578 1080 1627 suscipere
1091 1606 1102 1621 ,
1113 1578 1245 1628 eiusque
1255 1583 1359 1629 gratia
1373 1583 1410 1619 in
1420 1580 1519 1623 aliam
1529 1584 1632 1616 vitam
1645 1578 1825 1629 instaurari.
1863 1582 1970 1622 Alias·

127 1630 349 1680 expolitiones
359 1633 493 1665 omitto.
513 1629 598 1664 mihi
607 1628 675 1667 haec
686 1627 816 1665 videtur
827 1631 973 1676 genuina
985 1626 1046 1664 effe
1056 1642 1150 1665 mens
1166 1628 1271 1665 Pauli.
1325 1631 1365 1666 Se
1375 1628 1454 1664 verb
1463 1630 1575 1667 dicens
1587 1641 1665 1667 cum
1678 1626 1812 1672 Christo
1821 1629 1956 1666 crucifi-

125 1692 207 1715 xum
217 1676 275 1713 else
291 1679 429 1712 modum
440 1679 594 1725 exprimit
604 1675 744 1724 qualiter
752 1677 834 1723 Legi
847 1679 989 1715 mortui,
1004 1677 1081 1712 Deo
1091 1680 1246 1716 viuarnus
1257 1691 1264 1712 :
1277 1690 1386 1725 quum
1402 1677 1524 1713 scilicet
1549 1676 1637 1712 insiti
1649 1677 1841 1726 in'inorteni
1854 1678 1959 1714 Chri-

127 1729 166 1763 sti
176 1751 186 1766 ‚
197 1738 346 1762 arcanam
365 1726 442 1760 inde
451 1727 520 1760 vim
530 1748 541 1763 2
567 1736 727 1772 tanquam
745 1723 891 1762 surculus
903 1726 920 1759 ὲ
930 1725 1035 1760 radice
1044 1747 1055 1763 ,
1071 1725 1254 1767 haurimus.
1315 1725 1425 1762 Porro,
1436 1724 1589 1762 Christus
1608 1725 1868 1774 chirographum
1890 1727 1954 1761 Le-

126 1779 177 1826 gis
188 1775 279 1823 ‹pod
288 1785 353 1808 erat
364 1773 462 1810 nobis
472 1776 640 1809 contrariu
646 1776 786 1812 tn,cruci
797 1771 857 1807 suae
869 1771 1067 1821 affixit.ergo
1077 1785 1151 1808 cum
1164 1773 1234 1822 ipso
1244 1772 1450 1816 crucifixi‚ab
1460 1777 1556 1810 omni
1566 1776 1664 1822 Legis
1675 1772 1909 1821 maledietione
1921 1779 1957 1811 Sc

124 1834 216 1859 reatu
225 1822 412 1858 liberamur.
424 1824 481 1868 qui
491 1823 577 1856 hanc
587 1821 784 1857 liberatione
793 1824 915 1856 irritam
929 1821 1031 1856 facere
1041 1833 1331 1863 conatur,euacuat
1343 1822 1465 1857 Christi
1477 1834 1620 1861 crucem.
1630 1822 1691 1858 Sed
1703 1825 1957 1862 meminerimus

125 1885 197 1908 non
207 1871 300 1908 aliter
308 1884 370 1906 nos
378 1868 462 1904 solui
473 1871 490 1904 a
500 1873 581 1916 iugo
592 1870 807 1917 Legis‚quam
817 1871 896 1904 dum
907 1867 1071 1907 efficimur
1079 1883 1184 1906 vnum
1194 1882 1272 1906 cum
1284 1868 1717 1919 Christozquemadmodum
1727 1864 1874 1909 surculus
1884 1885 1959 1910 non

127 1919 221 1957 aliter
232 1919 409 1956 humorem
421 1920 439 1953 ὲ
448 1919 555 1959 radice
565 1918 778 1964 trahit‚quam
790 1917 810 1953 s:
820 1920 855 1954 in
865 1931 965 1952 vnarn
976 1929 1126 1955 naturam
1136 1918 1305 1955 coalescat.

171 1980 212 2005 20
261 1971 345 2003 vm
356 1969 490 2007 autem.)
537 1968 672 2014 Semper
682 1969 798 2002 mortis
808 1979 933 2004 nomen
944 1966 1094 2014 humano
1108 1965 1211 2001 sensui
1223 1968 1266 2010 est
1276 1966 1440 2001 odiosum.
1458 1969 1568 2014 itaque
1578 1967 1754 2017 postquam
1765 1964 1881 2003 docuit
1888 1980 1953 2003 nos

125 2018 215 2050 cruci
225 2013 340 2049 affixos
352 2017 415 2050 vna
424 2027 502 2051 cum
514 2015 647 2050 Christo
660 2041 669 2055 ,
679 2013 744 2048 hoc
754 2027 890 2063 quoque
902 2013 1000 2048 nobis
1017 2013 1114 2048 vitale
1125 2012 1184 2048 effe
1197 2013 1339 2049 subiicit.
1357 2014 1464 2050 Simul
1475 2015 1615 2063 explicat
1631 2016 1712 2062 quid
1722 2016 1810 2063 prius
1820 2015 1954 2054 intelle*-

125 2066 207 2099 xcrit
217 2076 273 2112 per
284 2064 360 2097 Deo
373 2066 494 2098 viuere:
507 2063 598 2110 quod
611 2062 730 2097 scilicet
741 2065 805 2096 iam
817 2076 888 2097 non
899 2061 964 2110 ipse
973 2065 1062 2096 viuat
1070 2064 1203 2110 propria
1213 2065 1279 2096 vita
1289 2087 1299 2100 ‚
1310 2061 1360 2096 sed
1370 2064 1460 2109 quod
1473 2066 1518 2097 ita
1527 2075 1642 2098 arcana
1655 2063 1779 2098 Christi
1788 2065 1909 2098 'virtute
1919 2077 1956 2097 a-

126 2115 321 2152 nimetur,vt
329 2112 393 2145 dici
404 2109 501 2158 poffir
510 2111 661 2145 Christus
672 2113 706 2145 in
717 2109 787 2156 ipso
798 2114 908 2145 viuere
917 2123 954 2145 ac
965 2113 1082 2157 vigere.
1095 2110 1186 2148 Nam
1197 2123 1232 2146 vt
1243 2114 1354 2149 anima
1364 2123 1483 2158 corpus
1493 2123 1632 2158 vegetat,
1645 2111 1685 2146 fic
1697 2115 1728 2146 ὃ(
1744 2112 1893 2146 Christus
1903 2114 1956 2145 vi—

123 2173 194 2195 tam
205 2160 338 2208 inspirat
351 2159 505 2193 membris
515 2158 735 2206 suis-Insignis
746 2157 890 2196 femena,
899 2157 1018 2193 Fideles
1031 2170 1117 2194 extra
1126 2157 1155 2193 se
1165 2161 1287 2199 viuere,
1304 2158 1370 2193 hoc
1381 2160 1468 2193 estin
1479 2159 1623 2193 Christo.
1635 2160 1727 2206 quod
1739 2158 1805 2193 ficri
1817 2173 1883 2207 neq
1892 2162 1954 2199 uit,

123 2211 208 2257 quin
217 2221 326 2246 veram
336 2220 412 2246 cum
431 2207 503 2254 ipso
513 2211 546 2242 ὃ(
559 2205 800 2245 substantialem
812 2209 1156 2243 communicationem
1167 2206 1319 2245 habeant,
1345 2208 1447 2241 Por-rb
1466 2210 1550 2246 viuit
1570 2208 1720 2243 Christus
1737 2211 1771 2242 in
1784 2207 1882 2242 nobis
1891 2209 1955 2243 du-

127 2256 266 2305 pliciter:
277 2269 341 2290 vna
351 2258 416 2289 vita
428 2256 482 2293 est,
492 2268 596 2302 quum
608 2268 670 2291 nos
681 2257 803 2304 Spiritu
814 2254 871 2301 suo
880 2254 1040 2304 gubernat
1053 2277 1063 2292 ‚
1072 2265 1170 2304 atque
1180 2257 1327 2291 actiones
1337 2256 1460 2294 nostras
1470 2269 1587 2290 omncs
1598 2256 1721 2305 dirigit.
1739 2256 1848 2294 altera,
1859 2257 1952 2303 quod

138 2307 382 2352 warticipatione
399 2302 459 2339 suae
473 2304 601 2340 iustitiae
614 2317 675 2337 nos
686 2305 806 2337 donat:
825 2315 859 2337 vt
871 2304 1004 2350 quaudo
1016 2303 1160 2341 innobis
1179 2317 1249 2337 non
1268 2302 1454 2351 possumus,
1477 2306 1511 2338 in
1532 2302 1601 2352 ipso
1611 2307 1736 2352 accepti
1755 2303 1854 2338 fimus
1865 2307 1950 2339 Deo.

124 2318 219 2387 i³riot
233 2354 272 2387 ad
283 2355 564 2399 regenerationem
577 2353 737 2398 pertinet:
751 2350 889 2386 secunda
899 2352 938 2385 ad
949 2353 1123 2398 gratuitam
1135 2352 1264 2388 iustitiae
1282 2354 1511 2399 acceptionem
1521 2376 1532 2391 ‚
1547 2353 1585 2387 de
1598 2364 1662 2398 qua
1673 2350 1762 2386 hunc
1772 2352 1886 2387 locum
1896 2355 1950 2387 in-

127 2400 274 2447 telligere
283 2399 405 2434 licebit.
418 2412 608 2447 quanquam
620 2398 717 2445 liquis
729 2400 768 2434 de
778 2410 914 2446 Vtraque
923 2401 1070 2446 accipere
1081 2399 1344 2440 malit,libentius
1356 2400 1544 2448 amplectar.
1586 2398 1682 2447 Qubd
1697 2406 1798 2434 aurem
1808 2414 1888 2434 nunc
1898 2404 1952 2434 vi*-

125 2462 163 2483 κο
171 2452 202 2481 in
213 2460 315 2482 carne.
334 2447 438 2482 Nulla
455 2449 498 2482 est
508 2447 562 2483 hic
572 2447 636 2482 fere
648 2448 808 2482 sententia
818 2461 889 2494 quae
900 2461 969 2482 non
981 2447 1078 2482 fuerit
1088 2447 1226 2483 lacerata
1235 2451 1330 2483 variis
1340 2448 1601 2497 expositionibus
1610 2476 1620 2489 ‚
1632 2447 1724 2487 ficuti
1736 2449 1880 2483 Carnem
1895 2448 1951 2485 hic

127 2507 300 2544 exponunt
312 2497 413 2543 quida
423 2508 482 2544 pro
493 2507 613 2530 naturae
623 2494 746 2530 vitiosae
757 2499 928 2544 prauitate.
936 2494 1055 2533 Paulus
1066 2507 1176 2534 autern
1184 2495 1366 2544 simplicius
1374 2499 1495 2545 accipit
1507 2510 1567 2544 pro
1577 2500 1644 2531 vita
1653 2496 1952 2545 corporali.Prom-‘·

151 2557 183 2582 ta
191 2547 281 2581 enim
291 2544 416 2593 alioqui
427 2543 531 2584 fuisset
540 2543 603 2584 alia¹
613 2543 828 2583 obiectioffu
840 2546 926 2580 viuis
937 2555 1047 2582 tamen
1058 2546 1160 2584 vitam
1170 2557 1376 2594 corpoream,
1393 2544 1448 2581 vbi
1459 2557 1568 2580 autem
1578 2557 1697 2593 corpus
1708 2546 1772 2580 hoc
1784 2548 1951 2594 corrupti-

125 2558 193 2629 iiilc
202 2593 392 2628 funeriones
402 2591 469 2626 filas
483 2604 607 2630 exercet
617 2617 626 2630 ‚
637 2592 693 2628 vbi
705 2592 781 2627 cibo
796 2597 829 2626 δέ
840 2603 921 2640 potu
935 2590 1123 2627 sustinetur:
1136 2592 1202 2628 haec
1213 2607 1283 2628 non
1295 2594 1338 2627 est
1348 2592 1478 2628 caelestis
1497 2594 1619 2630 Christi
1630 2596 1708 2631 vita.
1719 2605 1797 2641 ergo
1807 2595 1950 2641 parado-

127 2654 206 2676 xum
217 2642 259 2676 est
268 2642 286 2676 a
295 2643 422 2675 ratione
433 2640 623 2683 abhorrens,
635 2640 725 2688 quod
737 2653 841 2686 quum
855 2639 962 2688 palam
973 2641 1064 2676 viuas
1075 2644 1250 2676 communi
1263 2641 1443 2676 hominum
1455 2654 1563 2679 more,
1579 2644 1744 2689 propriam
1756 2641 1819 2676 tibi
1829 2640 1888 2682 esse
1898 2644 1950 2677 vi·-

125 2702 194 2725 tam
209 2702 319 2737 negas.
334 2688 524 2737 Respondet
539 2687 658 2725 Paulus
668 2712 678 2726 ‚
697 2689 729 2722 id
741 2691 775 2723 in
786 2687 848 2726 fide
857 2687 1046 2725 consistere:
1060 2702 1129 2735 quo
1141 2691 1254 2724 innuit
1263 2688 1492 2724 absconditum
1511 2688 1570 2724 ess'c
1580 2702 1734 2725 arcanum
1747 2689 1949 2724 abchumano

126 2736 229 2776 seusu.
238 2741 312 2774 Vita
321 2740 423 2785 igitur
433 2748 533 2783 quam
543 2735 604 2770 fide
615 2736 892 2775 obtinemusmon
903 2736 1010 2772 oculis
1019 2748 1163 2785 apparet,
1174 2735 1224 2772 sed
1233 2740 1322 2775 intus
1334 2740 1512 2785 percipitur
1524 2741 1558 2772 in
1569 2735 1770 2775 conscientia
1780 2750 1837 2786 per
1846 2741 1949 2786 Spiri-

127 2797 181 2821 tus
191 2785 380 2825 efficaciam.
389 2785 530 2831 ideoque
539 2798 611 2819 non
621 2785 760 2832 impedit
771 2787 838 2822 vita
845 2783 1027 2831 corporalis
1036 2787 1118 2831 quin
1130 2784 1191 2820 fide
1201 2784 1419 2833 poffideamus
1429 2785 1583 2824 eaelestem
1596 2789 1709 2821 vitam,
1719 2785 1947 2833 Ephe-muzo-
2007 2824 2009 2828 Α
2067 2822 2070 2826 Α

129 2833 320 2871 Collocauit
330 2836 436 2869 nosin
447 2831 704 2870 caelestibus,&c.
722 2836 804 2867 Item
815 2856 824 2870 ‚
836 2836 903 2867 lam
914 2834 985 2868 estis
997 2835 1085 2871 ciues
1101 2832 1288 2869 ianitorum
1303 2838 1336 2868 ὅ(
1347 2834 1514 2868 domestici
1532 2836 1606 2879 Dei.
1638 2837 1720 2868 Item
1730 2836 1768 2869 ad
1780 2834 1948 2881 Philipp}
1965 2829 2121 2871 Eplrizdm

129 2881 336 2920 d.2o‚l³olitia
345 2883 454 2919 nostra
464 2884 498 2915 in
508 2880 594 2920 caelis
609 2882 662 2915 est.
678 2881 797 2928 plenus
815 2882 958 2928 denique
969 2882 1012 2916 est
1031 2881 1150 2915 Paulus
1168 2881 1288 2916 talibus
1299 2883 1515 2923 testimoniis,
1525 2881 1645 2929 quibus
1656 2879 1758 2922 affecit
1770 2885 1814 2916 ita
1825 2895 1886 2916 nos
1897 2885 1949 2916 vi-

132 2941 208 2964 uere
216 2931 251 2966 in
262 2930 438 2971 mundQvt
448 2932 485 2964 in
496 2928 576 2964 caelo
587 2941 697 2968 tamen
707 2932 806 2964 etiam
820 2932 982 2965 viuamust
994 2942 1065 2963 non
1077 2929 1179 2963 modo
1189 2932 1267 2976 quia
1276 2930 1345 2966 illic
1355 2930 1398 2963 est
1408 2942 1507 2978 caput
1518 2931 1678 2976 nostrum2
1688 2929 1738 2963 sed
1750 2933 1847 2976 etiam
1857 2926 1948 2976 quod

132 2979 201 3011 iure
209 2979 342 3015 vnionis
352 2980 454 3012 vitam
465 2976 624 3012 habemus
633 2990 711 3012 cum
724 2977 795 3025 ipso
805 2974 1022 3014 communem
1038 2988 1090 3011 :vt
1100 2976 1250 3024 loquitur
1260 2981 1461 3024 loan.14.a.1.
1510 2979 1577 3026 Q
1595 2977 1708 3012 dtlexit
1716 2990 1777 3024 me.
1795 2978 1874 3011 Haec
1890 2976 1947 3011 ad-

130 3026 198 3059 dita
205 3022 278 3068 sunt
287 3028 326 3060 ad
333 3016 402 3062 vffli
415 3025 489 3060 fidei
499 3027 745 3073 exprimendam
757 3039 765 3060 :
778 3040 856 3064 narn
868 3028 1021 3073 protinus
1033 3027 1140 3063 cuiuis
1150 3027 1184 3060 in
1198 3038 1343 3061 mentem
1355 3029 1478 3060 veniret
1495 3027 1564 3060 haec
1575 3028 1746 3073 cogitati0‚
1757 3026 1849 3059 Vnde
1858 3036 1948 3062 tanta

133 3071 210 3107 fidei
218 3075 319 3108 virtus
328 3097 337 3110 ‚
348 3086 382 3108 vt
392 3075 515 3108 Christi
525 3076 628 3112 vitam
639 3077 673 3108 in
685 3087 746 3108 nos
756 3074 959 3111 transfundat
969 3081 977 3110 3
990 3085 1068 3120 ergo
1078 3073 1263 3120 hypostasin
1273 3087 1338 3121 qua
1348 3076 1466 3114 nititur
1476 3073 1552 3108 fides
1561 3097 1571 3113 ‚
1585 3073 1722 3118 declarat
1733 3072 1857 3107 Christi
1867 3067 1951 3109 dile-

131 3122 281 3156 aionem
293 3126 325 3155 ὅ(
337 3134 477 3156 mortem
488 3135 496 3155 ε
508 3135 585 3156 nam
596 3123 672 3156 inde
682 3123 888 3157 aestimandus
899 3122 941 3156 est
951 3119 1025 3154 fidei
1042 3118 1187 3156 effeetus.
1205 3122 1277 3166 Qui
1296 3121 1332 3160 fit
1343 3135 1420 3169 ergo
1432 3133 1464 3160 vt
1476 3125 1627 3161 viuamus
1638 3116 1832 3154 Christi‘fide
1844 3129 1861 3162 2v
1871 3123 1949 3169 quia

132 3180 196 3204 nos
208 3166 368 3206 dilexit‚&
379 3168 516 3216 seipsum
527 3170 658 3204 tradidit
670 3182 729 3217 pro
743 3170 851 3205 nobis.
861 3171 1119 3215 amor>inquam,
1128 3182 1197 3216 quo
1210 3183 1272 3205 nos
1283 3171 1477 3217 complexus
1488 3170 1530 3204 est
1541 3169 1701 3207 Christus,
1714 3166 1791 3205 fecit
1799 3179 1834 3203 vt
1847 3166 1875 3202 se
1886 3182 1950 3207 tio-²

129 3215 183 3252 bis
193 3216 399 3250 coadunaret.
409 3218 444 3251 ld
454 3217 609 3264 impleuit
620 3229 726 3252 morte
737 3217 808 3252 sua:
821 3220 861 3252 1³5
871 3216 1008 3265 seipsum
1021 3217 1155 3252 tradicio
1168 3229 1228 3266 pro
1242 3218 1433 3255 nobismori
1445 3215 1532 3255 secus
1545 3227 1643 3262 atque
1653 3218 1688 3253 in
1698 3213 1834 3263 persona
1844 3217 1950 3251 nostra

132 3262 238 3316 passus
249 3263 303 3298 est.
312 3265 450 3312 proinde
460 3266 620 3313 quicquid
629 3269 664 3305 in
675 3266 808 3313 Christo
820 3264 898 3305 fides
908 3267 1027 3314 reperit
1037 3288 1048 3307 ‚
1060 3267 1129 3303 eius
1139 3278 1201 3305 nos
1212 3265 1289 3304 facit
1299 3276 1484 3313 compotes.
1504 3267 1623 3310 Quum
1641 3259 1951 3346 ²g⁶mf³lfl²ffi⁰ni³

594 3319 597 3325 “
1701 3334 1708 3344 ι
1746 3324 1794 3346 111.
