2268 3705
298 102 356 141 172
902 77 997 127 ΙΝ
1053 64 1611 125 ΕΡΙΒΤΟΕΑΜι

370 160 393 198 8
452 154 591 214 Qmfi
599 149 686 209 lesus
698 150 848 208 requiem
860 145 1138 205 illispraestitiffet‚
1148 156 1219 183 non
1229 141 1272 182 de
1284 141 1354 182 alis
1363 141 1556 194 loqueretur
1556 137 1629 196 post
1635 138 1712 179 illos
1723 138 1811 179 dies.

373 227 396 261 9
455 220 541 270 Ergo
555 212 765 266 relinquitur
769 203 1023 262 fibbaehistnus
1026 199 1148 259 populo
1163 201 1244 238 Dei.

381 285 419 309 ro
476 276 581 318 Nym
591 271 650 324 qui
659 262 851 322 ingreditur
860 264 898 301 in
911 262 1063 315 requiem
1074 258 1160 301 eius,
1170 256 1339 309 requieuit
1348 253 1388 301 ά·
1403 250 1468 309 ipfie
1479 247 1521 290 ab
1531 247 1846 306 operibus-propriis,
1859 247 2151 307 quemadmodum

323 326 344 367 ἃ
360 327 431 384 sim
441 333 552 366 Deus.

373 401 444 434 lam
455 397 571 433 locum
581 394 679 430 illum
693 402 795 440 quem
805 390 966 423 uitauerat
976 397 1014 419 ex
1023 381 1166 421 Dauide,
1178 391 1335 415 exornare
1346 381 1478 427 incipit.
1492 380 1652 414 haetenus
1663 391 1739 414 eum
1751 376 1905 414 tractauit
1923 377 2102 413 secundum
2112 376 2157 411 li·

326 458 444 485 teram,
454 446 694 492 vtloquuntur,
706 443 773 475 hoc
785 438 829 472 est
839 439 874 470 in
886 437 1036 482 genuino
1049 430 1151 466 sensu:
1158 439 1252 480 nunc
1261 439 1373 463 autem
1384 427 1586 475 expoliendo
1596 425 1791 476 amplificat,
1804 427 1945 475 ideoque
1958 426 2074 461 alludit
2085 438 2159 460 ma-

327 499 378 545 gis
388 496 427 530 ad
438 493 534 529 verba
551 491 690 526 Dauidis
705 489 808 534 quam
818 488 1059 531 interpretetur.
1085 478 1257 527 Eiusmodi
1267 477 1454 518 &mg-:pysana
1463 477 1507 510 est
1517 478 1604 524 apud
1616 475 1768 512 Paulum,
1780 476 1819 509 ad
1830 477 1932 510 Rom.
1948 478 2055 524 capite
2066 485 2112 509 ιο.
2123 487 2155 509 a.

327 547 361 584 6,
372 548 407 579 in
419 541 590 578 tractando
603 537 702 573 Molis
713 534 919 570 testimonio,
932 531 984 566 Ne
995 528 1186 572 dicas,Qs
1197 527 1347 559 ascendet
1360 537 1395 558 in
1409 525 1532 559 coeluin
1545 532 1554 558 Ξ
1567 524 1639 559 Nec
1653 524 1728 559 verb
1738 523 1912 558 absurdum
1925 524 2020 561 est,vt
2033 523 2072 557 ad
2081 536 2160 572 μς-

328 591 452 629 sentem
464 589 555 625 vsum
568 584 842 621 accommodetur
854 582 1023 628 Scriptura
1034 601 1044 615 ,
1070 575 1330 611 similitudinum
1345 579 1395 614 (vt
1408 574 1595 614 indicam)
1615 572 1787 608 coloribus
1807 571 1967 606 illustrare
1977 572 2069 619 quod
2088 572 2160 606 illic

329 639 511 689 simplicius
521 638 654 670 dicitur.
674 633 777 668 Porro
788 630 917 665 summa
927 639 1084 662 omnium
1095 624 1160 658 huc
1171 623 1254 656 redit
1279 644 1290 659 ‚
1301 623 1339 655 ad
1352 634 1413 656 nos
1424 634 1562 668 quoque
1575 624 1738 670 pertinere
1749 621 1840 667 quod
1849 621 1888 655 de
1900 623 2089 668 priuatione
2106 633 2162 655 re-

330 691 451 737 quietis
464 685 525 721 suae
538 687 684 718 minatur
694 683 786 716 Deus
797 681 832 713 in
841 676 982 712 Psalmo:
993 673 1087 709 sicuti
1098 683 1160 707 nos
1170 671 1208 704 ad
1219 671 1387 717 quandam
1423 673 1573 716 requiem
1583 672 1685 705 hodie
1697 682 1740 717 qu
1747 681 1835 715 oque
1847 670 1978 703 inuitat.
1997 670 2163 717 Praecipua

330 738 431 772 huius
443 735 510 769 loci
519 730 697 767 difficultas
707 730 787 770 hinc
801 724 1068 775 prouenit,quod
1078 720 1242 756 violenter
1252 732 1270 753 a
1282 719 1396 753 multis
1406 729 1700 766 torquetur:quum
1714 716 1898 766 Apostolus
1907 716 1994 751 nihil
2003 717 2094 752 aliud
2105 731 2163 752 ve·

331 786 371 821 lit
382 785 483 832 quam
496 783 645 829 requiem
656 775 938 824 nobi5quandam
948 771 1114 806 alletendo
1123 794 1134 810 ,
1163 770 1233 802 eius
1242 768 1399 802 deiiderio
1411 780 1472 801 nos
1483 778 1610 804 acuere,
1623 772 1656 801 δι
1669 766 1765 801 simul
1776 775 1867 800 metu
1879 777 2026 814 pungere
2034 790 2044 805 ,
2054 779 2097 801 ne
2107 777 2164 814 per

331 831 599 868 incredulitatem
612 829 652 864 ab
663 840 699 862 ea
708 825 956 875 prohibeamur.
986 823 1114 855 Interea
1124 828 1236 853 tamen
1247 816 1349 863 longe
1360 815 1464 864 pluris
1479 815 1538 850 eise
1549 818 1697 862 requiem
1709 815 1799 849 istam
1811 814 1909 849 docet
1926 837 1938 852 ,
1948 818 1985 850 in
1997 817 2062 863 qui
2072 826 2165 851 nunc

333 878 493 930 ingressus
504 878 603 914 nobis
615 875 819 925 patet,qu‘am
831 871 929 906 fuerit
938 881 1029 904 terrae
1037 869 1210 902 chanaan.
1226 862 1278 899 sed
1291 876 1464 899 veniamus
1475 865 1514 898 ad
1535 862 1672 913 singula.

380 941 396 976 3
445 931 461 962 1
463 925 638 976 ngr-edimur
643 924 800 974 postquam
809 918 1018 962 credidimus)
1067 918 1317 962 Argumentum
1328 914 1371 946 est
1384 914 1401 946 a
1412 915 1598 948 contrariis.
1611 912 1689 948 Sol-a
1698 912 1915 948 incredulitas
1924 924 2023 949 arcet.
2039 926 2119 961 ergo
2127 911 2168 947 fr-
2220 931 2224 934 -

331 979 373 1014 de
386 988 475 1027 patet
486 974 656 1024 ingrelsus.
674 969 911 1019 Repetendum
923 969 1016 1001 enim
1028 965 1192 999 memoria
1203 962 1294 1008 quod
1304 964 1370 995 iam
1383 960 1533 1008 exposuit
1542 987 1554 1001 ,
1576 963 1690 997 Deum
1701 962 1881 997 incredulis
1891 964 2011 997 irarum
2023 986 2034 1000 ‚
2054 959 2170 997 iurass'e

335 1041 408 1064 non
421 1025 491 1061 fore
503 1026 594 1059 illius
604 1022 689 1057 boni
698 1018 1025 1066 compotes.lntrant
1035 1024 1117 1059 ergo
1128 1023 1214 1057 quos
1225 1022 1295 1044 non
1307 1010 1445 1057 impedit
1456 1009 1673 1045 incredulitas
1685 1036 1695 1051 ‚
1713 1009 1734 1044 si
1746 1011 1850 1045 inodo
1863 1012 1954 1046 Deus
1964 1013 2095 1046 inuitet.
2117 1009 2173 1047 sed

335 1078 372 1112 in
384 1078 492 1123 prima
504 1070 641 1121 persona
651 1068 838 1115 loquendo,
852 1066 972 1100 maiori
989 1074 1046 1096 eos
1055 1059 1231 1094 dulcedine
1247 1058 1350 1092 allicit
1363 1080 1372 1095 ,
1383 1057 1423 1091 ab
1435 1057 1552 1092 alienis
1567 1057 1654 1106 ipsos
1663 1058 1824 1108 separans.
1875 1059 2016 1106 Tamefi
2020 1057 2170 1110 operibus.

335 1127 380 1160 Vt
390 1122 524 1158 definiat
539 1118 645 1168 qualis
656 1117 693 1152 lit
705 1118 815 1151 nostra
825 1114 970 1161 requies,
978 1119 1112 1145 reuocat
1123 1120 1188 1142 nos
1196 1108 1236 1140 ad
1248 1108 1280 1140 id
1292 1106 1382 1153 quod
1394 1105 1491 1140 refert
1501 1107 1612 1141 Moles
1621 1131 1631 1145 ‚
1644 1109 1754 1142 Deum
1768 1109 1876 1143 statim
1885 1110 1904 1142 a
1917 1111 2086 1144 creatione
2097 1112 2173 1144 msi-

337 1174 372 1208 di
384 1167 579 1218 requievisse
592 1168 633 1202 ab
643 1164 801 1214 operibus
812 1160 875 1197 suis
889 1175 897 1196 ε
922 1165 955 1196 &
966 1160 1100 1211 tandem
1111 1155 1283 1207 concludit
1293 1157 1378 1189 hanc
1399 1154 1457 1188 elle
1469 1166 1578 1198 veram
1591 1153 1739 1191 fidelium
1752 1161 1901 1204 requiem
1929 1170 2001 1204 quae
2011 1157 2173 1194 omnibus

336 1220 452 1257 seculis
464 1220 558 1253 durat
569 1215 591 1251 si
601 1218 675 1251 Deo
685 1214 745 1249 sint
758 1210 962 1247 conformes.
974 1210 1013 1242 Et
1026 1205 1100 1241 lane
1111 1217 1145 1239 vt
1157 1206 1223 1254 lraec
1234 1209 1362 1238 manna
1375 1203 1418 1237 est
1431 1204 1581 1238 hominis
1602 1199 1755 1238 foeliciras
1772 1206 1848 1239 Deo
1859 1203 1918 1241 suo
1929 1206 2108 1241 adhaerere:
2125 1208 2174 1241 ixa

337 1269 478 1305 vlrimus
490 1265 565 1301 finis
577 1263 636 1300 ess'e
646 1262 755 1299 debet,
769 1261 840 1308 quo
851 1257 989 1294 consilia
998 1256 1115 1291 omnia
1127 1258 1161 1288 ὃ(
1171 1253 1320 1303 ael-,iones
1335 1250 1524 1286 referantur.
1536 1254 1611 1287 Hoc
1623 1253 1740 1300 probat
1750 1276 1761 1290 ‚
1773 1255 1851 1300 quia
1858 1255 1950 1289 Deus
1973 1256 2032 1300 qui
2041 1256 2175 1303 requie-

338 1317 419 1354 uiise
429 1318 562 1354 dicitur,
571 1314 678 1361 longo
693 1312 764 1360 post
774 1320 926 1357 tempore
937 1303 1114 1342 incredulis
1126 1303 1276 1349 requiem
1286 1305 1375 1335 luam
1387 1312 1494 1347 negat.
1510 1301 1602 1347 quod
1615 1302 1727 1336 trustra
1739 1301 1868 1343 faceret,
1880 1301 1939 1337 nisi
1951 1302 2105 1351 exemplo
2112 1302 2174 1339 suo

341 1365 453 1402 fideles
464 1363 563 1399 vellet
574 1360 751 1410 quiescere.
761 1359 839 1393 ldeo
864 1358 945 1391 dicit
958 1381 969 1396 ‚
977 1352 1198 1398 reliquumficri
1206 1361 1242 1384 vt
1253 1349 1606 1397 quidammgredmntur.
1656 1350 1745 1386 Nam
1758 1349 1779 1386 si
1791 1364 1862 1385 non
1875 1354 2009 1389 intrare,
2018 1364 2118 1400 pena
2127 1350 2175 1388 est

342 1413 596 1450 incredulitatis,
606 1422 640 1445 vt
652 1413 718 1445 iam
730 1409 859 1442 dietum
870 1406 914 1439 est
924 1427 933 1442 ,
958 1400 1167 1438 credentibus
1178 1396 1335 1447 ingressus
1348 1408 1446 1446 patet.
1469 1399 1529 1432 Sed
1541 1397 1641 1447 paulo
1652 1398 1725 1448 plus
1745 1398 1844 1435 habet
1855 1398 2060 1435 difficultatis
2080 1401 2175 1449 quod

340 1463 474 1499 subiicit
484 1459 649 1496 continui>
660 1459 743 1506 post,
754 1455 856 1490 alium
870 1452 968 1488 nobis
980 1452 1069 1485 diem
1080 1450 1283 1483 hodiernum
1295 1448 1390 1481 statui
1402 1448 1437 1480 in
1448 1446 1671 1494 l‘salnio,quia
1686 1449 1811 1496 priores
1824 1447 1943 1483 exclusi
1953 1446 2075 1484 fuerint
2085 1449 2175 1488 nihil

343 1515 434 1548 enim
444 1510 507 1545 tale
520 1511 700 1558 exprimere
712 1507 865 1540 videntur
875 1500 973 1537 verba
983 1499 1133 1534 Dauidis:
1143 1507 1276 1546 tanturn
1287 1498 1377 1530 enim
1390 1494 1455 1530 hoc
1467 1495 1597 1534 sonant,
1611 1498 1705 1542 quod
1716 1497 1809 1531 Deus
1821 1495 2051 1532 infidelitatem
2061 1507 2176 1546 popu*-

346 1561 370 1596 li
381 1560 469 1594 vltus
482 1557 531 1596 sit,
542 1570 617 1593 eum
629 1567 718 1591 terrae
729 1549 923 1604 possessione
934 1547 1130 1584 abdicando.
1144 1545 1345 1592 Respondeo
1357 1567 1366 1582 ,
1378 1544 1483 1578 valere
1495 1545 1781 1591 consequentiam:
1795 1545 1895 1580 nobis
1906 1543 2017 1580 offerri
2027 1549 2121 1594 quod
2134 1547 2178 1583 il-

344 1609 385 1645 lis
396 1608 544 1644 ablatum
555 1605 724 1652 est.quum
735 1603 916 1637 admoneat
927 1599 1067 1648 Spiritus
1081 1594 1223 1631 sanstus,
1233 1606 1304 1628 non
1315 1590 1373 1626 else
1384 1594 1667 1628 committendum
1679 1594 1788 1627 nostra
1798 1593 1852 1628 cul
1855 1607 1908 1643 pa,
1923 1606 1958 1629 vt
1970 1595 2088 1630 eodem
2101 1609 2176 1645 po:-

345 1670 396 1695 nae
405 1668 525 1706 genere
543 1654 757 1691 mulctemur.
781 1649 877 1697 Qd
885 1650 976 1684 enim
988 1653 998 1679 Ξ
1011 1644 1033 1680 si
1044 1643 1144 1679 nobis
1154 1642 1254 1677 hodie
1262 1640 1350 1676 nihil
1359 1644 1628 1689 promitteretur,
1642 1654 1683 1676 an
1694 1641 1809 1676 locum
1822 1643 1953 1677 haberet
1964 1642 2034 1678 haec
2055 1645 2179 1680 admo-‘-

346 1710 447 1744 nitio‚
458 1705 575 1739 Videte
585 1717 628 1739 ne
639 1701 736 1737 vobis
746 1699 835 1734 idem
846 1697 938 1745 quod
950 1693 1101 1730 Patribus
1110 1693 1309 1739 contingat?
1329 1691 1472 1733 Proinde
1487 1691 1604 1725 metitb
1617 1691 1697 1725 dicit
1730 1691 1915 1739 Apostolus
1924 1717 1935 1732 ,
1947 1694 2028 1738 quia
2043 1694 2180 1731 Parrum

347 1753 526 1792 infidelitas
536 1764 673 1787 vacuam
685 1754 720 1786 &
731 1745 890 1783 desertam
899 1741 1132 1794 posseffionem
1141 1739 1290 1788 reliquit,
1307 1737 1384 1774 filiis
1393 1743 1547 1775 renouari
1562 1736 1814 1790 promiifionem
1834 1764 1844 1781 ²
1856 1752 1889 1775 vt
1901 1740 2076 1779 obtineant
2085 1745 2180 1792 quod

349 1804 391 1840 ab
402 1803 468 1841 illis
478 1799 671 1850 neglectum
682 1797 756 1833 fuit.

386 1853 406 1888 8
457 1851 497 1886 N
498 1862 548 1884 am
550 1850 582 1897 fi
588 1849 666 1893 lesus
676 1848 833 1893 requiem.)
881 1842 966 1878 Non
976 1839 1050 1876 vult
1062 1852 1182 1888 negare
1196 1840 1278 1886 quin
1293 1850 1349 1887 per
1361 1841 1510 1885 requiem
1521 1840 1630 1874 Dauid
1642 1850 1760 1874 terram
1777 1840 1939 1875 Chanaan
1951 1840 2129 1889 intelligat,
2139 1843 2178 1877 in

350 1913 452 1949 quam
462 1895 556 1934 Iosue
567 1895 734 1946 populum
745 1894 886 1929 induxit:
898 1890 949 1926 sed
960 1892 1046 1925 hanc
1055 1887 1147 1924 fuisse
1156 1887 1308 1923 Vltimam
1319 1888 1468 1933 requiem
1482 1899 1591 1935 negat,
1605 1888 1644 1922 ad
1662 1901 1764 1935 quam
1775 1888 1916 1936 aspirant
1926 1887 2047 1924 fideles:
2058 1902 2123 1936 que
2134 1890 2178 1924 il-

350 1949 416 1985 lius
428 1950 528 1983 etiam
540 1946 639 1981 seculi
651 1942 802 1979 fidelibus
814 1940 989 1976 nobiscum
1002 1936 1065 1972 fuit
1075 1938 1279 1972 communis.
1293 1936 1431 1970 Certum
1442 1935 1485 1970 est
1497 1950 1599 1976 enim,
1611 1935 1708 1971 altius
1719 1950 1774 1972 eos
1788 1935 1955 1985 respexisse
1964 1940 2065 1984 quam
2077 1940 2118 1973 ad
2127 1949 2178 1973 ter

352 2010 423 2033 ram
435 1996 539 2031 illam.
551 1992 622 2028 imo
632 2004 716 2027 terra
725 1992 889 2027 Charra-an
901 2000 971 2022 non
980 1985 1114 2020 aliunde
1123 1986 1208 2019 tanti
1219 1983 1437 2019 aestimabatur
1447 2008 1458 2022 ‚
1478 1983 1537 2019 nisi
1549 1986 1641 2032 quod
1652 1984 1827 2033 spiritualis
1839 1986 2036 2020 haereditatis
2060 1988 2177 2035 imago

353 2057 464 2082 etatac
475 2041 675 2091 symbolum.
693 2042 780 2088 Ergo
792 2034 1021 2087 polseffionem
1031 2035 1140 2083 adepti
1152 2046 1224 2068 non
1234 2032 1418 2067 debuerunt
1429 2032 1592 2079 quiescere
1600 2056 1611 2070 ‚
1633 2032 1694 2068 acsi
1705 2033 1744 2067 ad
1755 2032 1917 2068 summam
1930 2046 2086 2069 votorum
2101 2047 2178 2083 per·

353 2105 497 2130 uentum
511 2091 606 2127 foret:
617 2089 668 2124 sed
678 2089 790 2138 potius
806 2085 955 2121 meditari
966 2083 1058 2131 quod
1086 2093 1152 2117 erat
1163 2083 1198 2117 in
1209 2093 1244 2116 ea
1254 2078 1431 2130 spirituale.
1449 2078 1644 2117 Poiseffione
1654 2079 1846 2116 fruebantur
1857 2081 1908 2116 illi
1921 2082 2045 2129 quibus
2066 2083 2179 2119 Dauid

352 2141 521 2179 Psalmum
534 2140 684 2175 dictauit:
696 2136 747 2172 sed
755 2133 1020 2172 admonebantur
1030 2132 1070 2166 de
1080 2130 1253 2180 quaerenda
1264 2128 1395 2165 meliori
1407 2131 1530 2176 requie.
1544 2130 1703 2165 Videmus
1714 2142 1748 2164 vt
1758 2141 1841 2166 terta
1851 2130 2011 2166 Chanaan
2021 2130 2118 2167 fuerit
2127 2144 2180 2166 te.

383 2195 464 2226 uies:
475 2189 528 2225 sed
536 2186 772 2224 vmbratilis,&
782 2183 867 2219 vltra
876 2194 978 2230 quarn
993 2178 1102 2215 fideles
1114 2178 1268 2228 progredi
1279 2180 1442 2227 oportuit.
1452 2179 1527 2212 l-loc
1538 2175 1629 2213 sensu
1641 2189 1737 2227 negat
1749 2178 1929 2227 Apostolus
1939 2183 2088 2226 requiem
2100 2178 2180 2215 fuis-

357 2204 573 2288 sepraestitam
593 2238 612 2271 a
622 2232 715 2271 losue
727 2235 822 2282 ‚quia
831 2230 930 2281 ipsius
939 2227 1091 2277 auspiciis
1102 2230 1176 2262 ideo
1187 2239 1305 2274 terrram
1316 2225 1508 2275 promilsam
1519 2225 1676 2274 ingrelsus
1688 2227 1730 2261 est
1742 2226 1887 2276 populus
1897 2249 1907 2264 ,
1919 2239 1953 2262 vt
1963 2231 1999 2262 in
2015 2227 2133 2264 caelum
2143 2242 2181 2264 a-

361 2289 500 2325 lacriore
510 2286 618 2322 studio
629 2283 854 2319 contenderet.
874 2282 986 2326 Atque
995 2279 1074 2313 hinc
1085 2275 1243 2324 colligere
1253 2286 1449 2324 promptum
1467 2276 1511 2311 est
1520 2274 1616 2322 quale
1628 2274 1663 2310 fit
1675 2278 1759 2310 inter
1773 2288 1793 2310 n
1799 2288 1835 2309 os
1846 2280 1879 2312 ὃς
1892 2274 1970 2310 illos
1986 2274 2177 2314 discrimen,

361 2338 570 2385 Nam'quum
582 2330 726 2379 vtrisque
736 2332 824 2378 idem
834 2327 952 2377 scopus
970 2324 1007 2361 sit
1018 2324 1179 2375 praefixus,
1189 2323 1256 2360 illis
1265 2321 1449 2358 additisunt
1466 2326 1591 2358 externi
1610 2326 1677 2371 typi
1691 2323 1811 2371 quibus
1820 2324 2055 2371 dirigerentur:
2080 2324 2180 2361 nobis

363 2399 434 2422 non
445 2387 538 2420 item.
550 2385 612 2418 n‘ec
621 2380 693 2417 sane
706 2392 791 2429 opus
803 2378 877 2414 fuit:
888 2388 995 2425 quum
1004 2387 1053 2411 tes
1061 2372 1129 2457 {psa
1140 2373 1228 2408 nuda
1237 2383 1382 2422 ponatur
1398 2383 1474 2406 ante
1486 2371 1616 2408 oculos.
1626 2373 1714 2407 Nam
1727 2370 1779 2405 etsi
1792 2374 1825 2406 in
1838 2373 1889 2421 ipe
1899 2372 2005 2409 adhue
2023 2372 2126 2421 posita
2136 2373 2183 2409 est

363 2433 446 2470 salus
455 2433 575 2470 nostra,
586 2442 698 2466 tamen
708 2429 799 2477 quod
812 2428 853 2462 ad
860 2427 1048 2461 doctrinam
1073 2424 1194 2471 pestat,
1207 2422 1308 2461 reniti,
1318 2433 1380 2456 nos
1390 2422 1425 2455 in
1435 2420 1552 2456 caelum
1561 2421 1727 2462 ducit,nec
1739 2421 1889 2456 Christus
1899 2434 2036 2457 manum
2050 2423 2125 2457 ideo
2135 2435 2183 2457 no

364 2483 416 2520 b'is
428 2482 582 2532 portigit,
592 2490 627 2514 vt
638 2491 700 2514 nos
713 2489 770 2527 per
782 2475 902 2525 figuras
909 2472 1134 2509 circunducat:
1146 2469 1197 2505 sed
1208 2481 1242 2504 vt
1252 2469 1269 2504 ὲ
1281 2469 1409 2504 mundo
1420 2468 1580 2505 abductos
1590 2471 1625 2504 in
1636 2468 1752 2504 caelum
1768 2472 1881 2515 erigat.
1906 2469 2011 2517 de
2021 2472 2097 2505 aute
2107 2483 2182 2505 vm-

362 2530 457 2569 bram
469 2526 779 2579 separat‘Apostolus
789 2526 807 2560 *a
817 2527 964 2560 veritate,
978 2523 1011 2556 id
1021 2520 1098 2556 facit
1110 2521 1190 2566 quia
1198 2517 1249 2553 illi
1259 2529 1338 2553 cum
1348 2517 1464 2553 Iudaeis
1474 2530 1540 2552 etat
1569 2520 1746 2565 negotium
1757 2521 1815 2563 qui
1829 2531 1862 2551 in
1874 2519 2014 2554 externis
2022 2517 2119 2553 rebus
2130 2521 2186 2553 ni-

364 2581 474 2616 mium
484 2576 660 2613 haerebant.
670 2573 869 2611 Concludit,
877 2570 1022 2618 relinqui
1034 2567 1165 2618 populo
1173 2568 1240 2603 Dei
1249 2565 1506 2603 sabbathismurn
1516 2589 1527 2605 ‚
1537 2565 1603 2602 hoc
1612 2567 1657 2600 est
1665 2563 1724 2600 effe
1732 2567 1898 2612 quandam
1908 2564 2110 2615 spiritualem
2133 2578 2185 2603 te·

363 2630 479 2677 quiem
490 2626 530 2661 ad
539 2638 640 2673 quam
649 2636 713 2660 nos
724 2623 876 2671 quotidie
886 2621 977 2655 Deus
987 2619 1121 2654 inuitat.
1949 2641 1956 2649 ,

414 2687 452 2712 ιο
503 2675 543 2709 N
545 2686 596 2706 am
605 2676 658 2719 qui
669 2671 847 2717 requiescit.)
894 2669 947 2703 Est
957 2666 1046 2702 illius
1057 2666 1207 2715 perpetui
1216 2662 1373 2699 sabbathi
1384 2661 1551 2704 definitio,
1560 2664 1594 2698 in
1606 2675 1676 2710 quo
1687 2659 1815 2696 summa
1823 2661 2002 2697 hominum
2013 2661 2186 2700 beatitudo

367 2722 527 2764 consistit,
537 2721 592 2756 vbi
602 2720 753 2769 quadam
765 2719 809 2754 est
820 2721 905 2753 inter
916 2715 992 2752 illos
1004 2719 1037 2750 ὃ(
1050 2716 1161 2750 Deum
1172 2711 1368 2749 similitudo,
1379 2724 1445 2759 qua
1453 2723 1532 2746 curn
1543 2711 1614 2760 ipso
1625 2710 1821 2747 cohaeteant.
1833 2712 2007 2759 chuid
2019 2713 2108 2747 enlm
2120 2726 2185 2748 vn-

367 2785 471 2822 quam
481 2771 520 2806 de
529 2769 661 2805 summo
670 2769 764 2803 bono
776 2765 982 2816 disputarunt
995 2759 1203 2810 Philosophi,
1213 2759 1393 2809 insipidum
1401 2772 1440 2796 ac
1449 2762 1666 2808 nugatorium
1677 2758 1751 2796 fuit,
1760 2761 1838 2805 quia
1849 2758 2022 2794 hominem
2035 2763 2069 2794 in
2080 2759 2184 2809 seipso

367 2820 572 2858 detinebant:
591 2830 696 2865 quum
706 2814 828 2851 necess'e
839 2814 876 2850 sit
886 2825 972 2848 extra
981 2825 1045 2848 nos
1058 2813 1144 2846 exire
1156 2821 1192 2845 vt
1202 2807 1409 2844 foelicitatem
1419 2811 1630 2858 reperiamus.
1651 2809 1827 2843 Summum
1841 2819 1920 2855 ergo
1930 2807 2080 2843 hominis
2091 2808 2185 2845 borni

367 2868 457 2908 nihil
466 2867 556 2904 aliud
566 2867 610 2902 est
619 2867 720 2914 quarn
729 2877 807 2900 cum
816 2865 892 2899 Deo
903 2861 1114 2897 coniunetio.
1124 2858 1164 2894 eb
1174 2859 1367 2907 peruenitur
1375 2869 1481 2904 quum
1491 2856 1530 2892 ad
1540 2858 1610 2892 eius
1620 2855 1785 2905 exemplar
1794 2853 1905 2889 sumus
1915 2856 2188 2906 compositiPor-

367 2919 408 2956 rb
418 2918 512 2953 istam
523 2913 818 2951 confirmationem
829 2909 1008 2959 Apostolus
1018 2911 1055 2945 in
1067 2921 1107 2943 eo
1117 2906 1209 2942 fitam
1219 2903 1279 2942 ess'e
1290 2907 1400 2943 docet,
1409 2903 1430 2939 si
1441 2904 1481 2940 ab
1492 2904 1649 2953 operibus
1660 2906 1777 2939 nostris
1789 2902 2003 2950 quiescamus.
2016 2906 2102 2940 vnde
2110 2917 2186 2941 tan·

370 2968 446 3002 dem
461 2966 617 3012 sequitur,
625 2963 801 2997 hominem
811 2959 840 2995 se
850 2957 1059 3006 abnegando,
1068 2955 1204 2991 beatum
1215 2953 1296 2990 fieri.
1324 2955 1418 3003 Qd
1429 2955 1521 2988 enim
1533 2951 1623 2987 aliud
1633 2953 1676 2987 est
1688 2951 1818 2986 cessatio
1828 2950 1868 2986 ab
1879 2951 2036 2999 operibus
2054 2954 2185 2993 nostris.

372 3016 475 3063 quam
487 3014 595 3049 earnis
606 3007 834 3047 mortificatio,
844 3008 926 3043 dum
936 3006 994 3042 sibi
1003 3006 1111 3041 homo
1120 3005 1290 3045 renuntiat
1300 3013 1335 3038 vt
1345 3005 1436 3037 viuat
1447 3003 1521 3037 Deo
1530 3008 1540 3035 Ξ
1550 3001 1640 3038 Nam
1651 2999 1730 3037 hinc
1740 2998 1865 3047 semper
1874 2999 2061 3036 faciendum
2073 3003 2118 3037 est
2128 3015 2185 3037 ex-

372 3064 518 3100 ordium,
527 3073 634 3110 quum
644 3060 683 3094 de
693 3056 805 3105 regula
814 3056 868 3105 pi&
877 3052 1054 3101 saane‘que
1063 3053 1200 3088 viuendi
1209 3054 1331 3099 agitur,
1343 3062 1378 3085 vt
1386 3050 1494 3084 hoino
1504 3047 1563 3084 fibi
1572 3048 1826 3096 quodammodo
1837 3050 2112 3087 mortuus,Deurn
2124 3060 2184 3099 pa-

372 3115 476 3148 tiatur
484 3113 607 3145 viuere:
617 3107 750 3143 ferietur
761 3105 805 3140 ob
815 3103 971 3153 operibus
982 3103 1137 3150 propriis,
1146 3112 1181 3136 vt
1191 3099 1305 3136 locum
1315 3101 1390 3136 Deo
1399 3100 1511 3148 agenti
1519 3097 1689 3133 concedat.
1697 3098 1798 3133 Fateti
1809 3099 1899 3132 enim
1912 3097 2036 3132 necesse
2045 3099 2184 3137 est‚tunc

374 3159 462 3198 redte
472 3160 609 3194 demum
620 3156 836 3192 constitutam
848 3149 908 3187 effe
919 3154 1020 3186 vitam
1032 3162 1138 3198 quum
1146 3151 1223 3184 Deo
1231 3147 1375 3184 subiecta
1386 3148 1440 3181 est.
1462 3147 1566 3193 Atqui
1575 3155 1708 3193 propter
1718 3147 1902 3192 ingenitam
1913 3149 2109 3194 prauitatem
2121 3147 2188 3183 hoe

375 3219 551 3255 nunquam
564 3204 613 3243 fit,
623 3206 729 3239 donec
740 3205 758 3238 a
776 3197 1086 3250 propriis-operibus
1097 3196 1190 3245 super
1201 3195 1358 3231 sedemus.
1376 3195 1449 3230 talis
1460 3197 1597 3242 inquam
1608 3195 1826 3242 repugnantia
1837 3194 1880 3227 est
1891 3195 1976 3229 inter
1991 3195 2054 3229 Dei
2065 3196 2187 3244 guber,

377 3260 551 3293 nationem
565 3258 598 3289 &
611 3253 740 3289 nostros
749 3248 895 3288 affeetu&
909 3259 944 3283 vt
955 3251 990 3282 in
1003 3245 1102 3282 nobis
1113 3257 1218 3293 agere,
1230 3244 1290 3280 nifi
1300 3243 1426 3281 otiosis,
1439 3253 1592 3290 nequeat.
1603 3243 1694 3288 Qa
1705 3241 1781 3275 verb
1791 3241 1891 3276 huius
1901 3245 2023 3289 quietis
2033 3242 2184 3292 comple·

375 3316 526 3342 mentum
538 3314 713 3349 nunquam
724 3310 810 3335 extat
819 3301 855 3333 in
864 3297 925 3332 hac
935 3299 1011 3333 vita,
1020 3293 1145 3341 semper
1155 3294 1194 3327 eb
1205 3293 1381 3328 nitendum
1391 3292 1503 3327 est.1ta
1514 3289 1625 3325 fideles
1635 3289 1931 3339 ingrediuntur,se‚d
1941 3290 2002 3326 hac
2012 3293 2184 3327 conditio·

325 3371 329 3373 Ἴ
340 3375 341 3378 =
375 3365 432 3405 τις,
441 3364 474 3389 vt
484 3351 649 3388 currendo
657 3347 777 3385 affidue
787 3344 977 3399 proficiant.
985 3342 1150 3381 Caeterurn
1167 3354 1239 3379 nori
1246 3340 1364 3379 dubito
1375 3342 1460 3389 quin
1468 3339 1508 3375 ad
1516 3337 1719 3377 Sabbathum
1731 3339 1810 3376 ‘data
1817 3349 1919 3387 opera
1928 3337 2072 3376 alluserit
2088 3342 2185 3388 Apo·

2023 3385 2140 3428 stolus.
2150 3399 2186 3425 vr
