2268 3705
507 109 620 161 AD
669 110 1363 166 CORINTHCAP·
1415 125 1471 169 X·
1896 139 1954 183 ¹87

95 188 192 224 status
202 186 259 222 :fic
268 182 500 235 promissiones
512 184 562 219 illi
574 186 654 219 datae
663 185 884 232 Euangelium
896 186 1134 222 adumbrarunt
1148 211 1160 224 ‚
1169 199 1204 222 vt
1220 188 1385 224 inclusum
1396 196 1607 231 continerent
1621 212 1627 230 ι
1639 198 1682 235 fic
1695 213 1810 238 eorum
1822 205 1933 242 Sacra-

96 246 209 271 menta
219 237 335 271 nostris
345 232 522 281 figurandis
535 231 768 271 seruiebannvt
778 245 889 269 tamen
900 247 962 282 pro
974 234 1035 270 illo
1045 248 1182 283 quoque
1190 247 1341 284 tempore
1351 251 1426 273 vera
1435 243 1643 280 Sacramenta
1654 247 1760 284 forent
1773 233 1937 298 prael'c11{js

93 282 258 318 efficaciae:
268 283 386 317 deinde
396 281 512 315 codem
523 283 650 328 Spiritu
660 280 736 317 fidei
747 281 923 317 nobiscum
934 284 1062 330 praediti
1070 282 1205 321 fuerunt
1217 289 1276 332 qui
1289 291 1323 319 ὃ(
1333 287 1486 324 doctrina
1499 294 1533 325 ὃ(
1544 291 1642 338 signis
1654 307 1732 331 tunc
1743 302 1804 333 rite
1821 302 1864 336 vli
1874 302 1929 338 sut.

93 332 194 368 Nihil
205 344 282 379 ergo
294 328 415 365 insanis
427 328 493 363 illis
502 327 722 378 suffragantur
732 330 800 364 haec
811 331 904 365 Pauli
915 331 1024 372 verba,
1036 345 1108 379 quae
1118 346 1189 368 non
1199 332 1385 381 significant
1398 349 1448 372 res
1458 339 1559 386 gestas
1570 339 1659 375 illius
1673 342 1770 379 seculi
1787 360 1830 382 ιτα
1839 330 1931 386 faust:

93 379 340 429 typos‚perinde
349 389 386 412 ac
399 376 422 412 fi
433 376 526 412 nulla
536 388 616 412 tunc
627 376 737 412 fuiss'et
746 381 874 417 veritas,
885 377 937 413 sed
946 381 1096 426 quaedam
1110 382 1219 416 inanis
1228 382 1339 417 scena:
1353 387 1560 433 quinpotius
1568 391 1862 436 (quemadmodum
1874 412 1928 433 cx-

94 427 288 477 posuimus)
307 424 498 473 simpliciter
516 426 637 460 docent
645 449 655 463 ‚
676 425 745 462 illic
760 437 918 475 tanquam
931 430 967 462 in
985 427 1106 463 tabulis
1126 430 1264 479 depicta
1273 429 1332 467 effe
1344 444 1415 478 quae
1435 435 1474 468 ad
1495 448 1556 470 nos
1575 437 1803 476 admonendos
1824 450 1924 490 pem,

92 487 203 512 neant.
255 478 374 524 Scripta
391 484 494 507 autem
504 474 578 517 siant
596 472 641 507 ad
648 473 735 513 nostri
744 475 988 510 admonitionem.
1022 477 1098 513 Hoc
1107 475 1287 513 secundum
1298 479 1485 517 membrum
1498 482 1673 532 superioris
1686 488 1728 521 est
1739 489 1926 528 declaratio.

93 523 307 559 israelitarum
327 525 418 557 enim
430 522 515 556 nihil
533 519 707 563 referebat,
721 522 773 557 sed
788 523 896 558 nostra
911 523 1042 560 tantum
1051 524 1120 559 haec
1131 529 1299 561 memoriae
1318 531 1476 564 mandari.
1509 534 1592 567 Non
1610 544 1722 569 tamen
1732 538 1807 571 inde
1818 538 1926 587 sequi-

93 584 146 607 tut
157 573 239 617 quin
251 583 358 619 poenae
368 570 432 605 illae
447 583 529 605 verae
550 570 672 621 fuerint
691 570 990 608 animaduersiones
1007 573 1097 610 Dei,
1116 586 1188 620 quae
1204 576 1244 609 ad
1260 575 1337 610 illos
1355 581 1567 627 corrigendos
1586 593 1665 616 tunc
1682 583 1827 623 valerent
1844 601 1852 621 ι
1873 587 1925 624 scd

89 620 373 667 quemadmodum
391 630 472 654 tunc
487 621 630 654 exercuit
650 622 704 653 lua
723 621 852 655 iudiciav
863 622 955 655 Deus
971 646 982 660 ,
1002 623 1048 654 ita
1071 621 1180 660 voluit
1195 633 1351 659 aeternam
1371 639 1488 662 eorum
1507 633 1704 665 memoriam
1724 645 1829 668 extare
1850 649 1924 683 quaz

88 681 152 703 nos
163 667 303 701 erudiret
313 693 323 702 .
377 668 471 714 Qd
490 669 581 702 enim
598 669 740 701 mortuis
759 667 918 715 prodeffet
935 669 1071 706 historia
1089 673 1105 702 ?
1125 672 1210 704 viuis
1228 683 1339 707 autem
1359 678 1533 721 quomodo
1552 678 1711 726 prodell'et
1721 703 1731 718 ‚
1754 681 1815 717 m'fi
1835 684 1922 718 2110-

88 729 164 751 rum
175 715 335 765 exemplis
342 717 506 752 admoniti
515 712 734 764 resipiscerent
745 723 754 748 ἓ
773 718 882 752 Sumit
890 728 1002 753 autem
1012 729 1073 764 pro
1083 717 1229 753 confessb
1240 722 1445 768 principium
1467 723 1549 759 illud
1560 727 1598 759 de
1609 737 1677 772 quo
1689 728 1785 764 debet
1794 743 1922 767 conue-

86 768 160 801 nire
171 766 255 798 inter
265 775 384 800 omnes
394 766 468 813 pios
477 787 486 801 ‚
499 762 598 799 Nihil
614 764 789 811 Scripturis
807 762 866 799 else
877 766 1048 814 proditum
1060 767 1150 812 quod
1160 780 1231 801 non
1240 766 1279 803 lit
1289 768 1368 802 vtile
1390 775 1541 818 cognitu.
1580 776 1596 805 I
1599 788 1618 807 n
1629 778 1919 825 qtiosftculorumfi-

85 825 151 847 nes.
166 811 233 845 τέλη
241 813 423 861 aliquando
431 812 504 846 sunt
518 812 675 858 mysteria:
686 824 759 858 quae
767 811 964 860 significatio
975 827 1046 848 non
1057 815 1142 849 male
1153 813 1290 860 fortassis
1301 817 1379 852 huic
1388 817 1467 853 loco
1478 822 1648 867 quadraret
1660 837 1666 857 :
1679 822 1795 877 sequor
1803 839 1918 865 tamen

85 873 250 909 receptam
261 861 537 907 le&ionem,quia
546 858 727 908 simplicior
738 860 792 894 est.
802 863 895 895 Dicit
905 873 984 909 ergo
993 866 1155 899 terminos
1166 867 1320 898 omnium
1334 877 1466 902 aetatum
1476 871 1511 902 in
1524 882 1585 903 nos
1596 872 1750 906 incidille:
1760 879 1836 920 quia
1846 877 1925 924 ple-.

85 910 207 944 nitudo
217 921 325 944 rerum
336 910 493 944 omnium
506 910 541 943 in
550 909 637 943 hanc
644 919 772 943 aetatem
783 912 1039 956 congruat,quia
1047 913 1112 945 iam
1123 910 1185 947 fint
1196 911 1373 948 nouiffima
1385 926 1451 949 tem
1457 919 1707 966 pora.Regnum
1718 926 1806 957 enim
1819 926 1921 959 Chri—

85 960 125 992 sti
137 962 321 1006 praecipuus
341 958 386 991 est
397 958 494 1003 Legis
504 955 727 1003 omniumque
739 957 977 1005 Prophetarum
989 957 1118 1008 scopus.
1136 962 1238 994 Porro
1248 960 1317 996 haec
1328 962 1421 997 Pauli
1439 962 1599 1000 sententia
1617 978 1693 1001 cum
1704 969 1831 1005 vulvari
1844 976 1920 1021 opi-

84 1008 190 1042 nione
201 1016 337 1055 pugnat.
351 1006 442 1053 quod
453 1006 544 1039 Deus
554 1007 612 1052 qui
622 1002 680 1039 sub
691 1006 801 1040 Veteri
811 1006 1007 1041 testamento
1019 1009 1156 1054 rigidior
1166 1007 1275 1045 fuerit,
1287 1014 1319 1044 δέ
1331 1011 1369 1045 ad
1381 1015 1549 1058 punienda
1559 1013 1676 1049 scelera
1687 999 1860 1066 proiiiptus
1872 1021 1921 1055 [ἕ-

83 1066 143 1103 per
155 1058 189 1088 &
201 1065 356 1091 armatus,
367 1065 459 1089 nunc
469 1052 645 1088 exorabilis
656 1052 716 1087 eise
725 1057 874 1103 coeperit,
885 1065 984 1102 atque
993 1056 1032 1088 ad
1043 1054 1287 1102 ignoscendum
1301 1058 1410 1093 multo
1417 1059 1558 1096 facilior.
1581 1066 1631 1098 Ac
1639 1068 1684 1100 ita
1699 1068 1784 1099 inter
1789 1080 1920 1114 pretan-

81 1113 137 1136 tur
149 1115 211 1138 nos
221 1100 280 1137 effe
291 1101 348 1136 sub
359 1102 446 1149 Lege
459 1104 581 1150 gratiae,
596 1104 673 1148 quia
683 1103 793 1136 Deum
804 1102 982 1138 habeamus
992 1103 1101 1138 multo
1111 1104 1362 1155 placabiliorem
1376 1110 1477 1153 quam
1499 1109 1676 1146 habuerint
1688 1125 1820 1149 veteres.
1835 1118 1920 1151 Pau-

79 1149 133 1186 lus
144 1163 254 1185 autem
266 1151 363 1198 quid?
372 1149 396 1184 fi
404 1149 445 1184 ab
455 1149 520 1184 illis
530 1151 621 1184 Deus
631 1162 745 1198 poenas
754 1153 872 1197 exegit,
883 1150 982 1186 nobis
994 1152 1103 1187 nihilo
1115 1155 1219 1200 magis
1230 1166 1350 1202 parcet.
1379 1156 1517 1193 Facessat
1526 1161 1628 1205 igitur
1637 1173 1725 1195 error
1735 1162 1919 1201 ille2Deum

79 1211 174 1235 nunc
183 1199 244 1234 effe
258 1196 474 1234 remiffiotem
483 1199 523 1232 ad
532 1199 705 1246 exigendas
716 1198 873 1233 scelerum
887 1212 1012 1249 poenas.
1025 1201 1206 1236 Fatendum
1217 1204 1364 1248 quidem,
1375 1205 1519 1241 aduentu
1531 1208 1654 1244 Christi
1665 1208 1868 1247 luculentius
1880 1218 1915 1248 &

79 1246 214 1282 vberius
224 1245 356 1282 effusam
367 1244 426 1281 effe
434 1248 500 1282 Dei
509 1246 696 1282 bonitatem
708 1249 743 1282 in
754 1246 918 1282 homines:
933 1245 984 1282 sed
994 1248 1151 1293 quidhoc
1161 1250 1200 1283 ad
1211 1249 1440 1286 sceleratorum
1454 1256 1767 1305 impunitatem,qui
1778 1263 1847 1295 eius
1860 1272 1918 1296 em

78 1298 127 1330 tia
136 1294 340 1331 abutuntur?
350 1297 464 1331 Vnum
475 1295 541 1330 hoc
550 1296 708 1331 duntaxat
717 1296 904 1329 notandum
916 1296 972 1332 est,
981 1297 1148 1332 diuersum
1157 1298 1257 1332 hodie
1268 1298 1327 1332 esse
1337 1303 1499 1346 puniendi
1510 1314 1623 1350 genus:
1638 1308 1717 1352 quia
1726 1306 1820 1342 licuti
1831 1290 1916 1347 οῑῗιῃ

77 1346 171 1379 Deus
181 1346 322 1379 externis
344 1343 638 1380 benedictionibus
648 1345 723 1391 pios
734 1345 838 1391 magis
848 1343 1105 1391 prosequebatur
1114 1367 1123 1381 ‚
1146 1358 1216 1390 quo
1226 1357 1400 1392 paternum
1412 1347 1508 1385 suum
1525 1364 1673 1387 amorem
1685 1353 1750 1391 illis
1763 1360 1916 1394 testatum

75 1392 208 1428 faceret:
217 1396 264 1428 ita
273 1392 503 1442 corporalibus
513 1394 714 1440 poenisiram
725 1389 815 1426 suani
830 1394 934 1439 magis
945 1391 1114 1439 prodebat.
1125 1405 1216 1428 nunc
1228 1395 1307 1427 vero
1329 1397 1365 1428 in
1376 1396 1437 1430 hac
1448 1397 1592 1444 pleniori
1603 1401 1804 1438 reuelatione
1814 1418 1916 1451 quam

78 1440 252 1479 habemus,
263 1454 372 1489 neque
381 1440 523 1476 visibiles
534 1453 648 1488 poenas
659 1451 727 1474 tam
738 1439 925 1487 frequenter
934 1439 1070 1488 infligit,
1081 1453 1190 1488 neque
1202 1444 1300 1476 etiam
1310 1443 1349 1478 de
1364 1443 1459 1479 malis
1471 1444 1571 1481 sumit
1583 1450 1627 1482 ita
1649 1449 1784 1486 subinde
1793 1465 1916 1503 corpo-

77 1488 160 1526 tales
171 1503 297 1539 poenas.
312 1502 378 1536 qua
387 1490 427 1524 de
437 1501 470 1524 re
479 1488 574 1537 plura
584 1490 620 1524 in
631 1487 742 1524 nostra
752 1489 964 1524 Institutione
973 1491 1124 1535 reperies.
1414 1518 1417 1520 a

127 1550 161 1572 12
210 1537 341 1572 Proinde
352 1541 405 1582 qui
408 1539 443 1580 [ἑ
448 1546 541 1586 putat
549 1537 652 1581 flare.)
703 1535 888 1571 Concludit
900 1549 937 1570 ex
948 1535 1169 1584 superioribus
1180 1539 1370 1586 Apostolus,
1379 1555 1450 1576 non
1462 1544 1505 1576 ita
1515 1542 1727 1591 gloriandum
1739 1545 1798 1581 effe
1808 1550 1915 1585 initiis

77 1587 198 1622 nostris
207 1598 264 1620 aut
273 1584 451 1634 progressu,
462 1596 496 1621 vt
505 1584 608 1620 securi
617 1596 818 1633 torpeamus.
829 1584 1066 1620 Gloriabantur
1075 1587 1166 1620 enim
1177 1587 1352 1622 Corinthii
1362 1588 1416 1624 sna
1427 1592 1635 1630 conditione,
1654 1605 1689 1628 vt
1701 1593 1761 1629 sua:
1771 1596 1916 1632 infirmi-

79 1637 156 1669 tatis
170 1634 281 1675 obliti,
291 1637 326 1668 in
339 1634 442 1668 multa
451 1633 576 1681 flagitia
584 1632 844 1680 prolaberentur.
862 1632 931 1668 haec
941 1645 1007 1667 erat
1018 1632 1167 1681 peruersa
1177 1634 1392 1675 confidentia,
1401 1638 1533 1685 qualem
1544 1639 1658 1687 paffim
1670 1643 1916 1690 reprehendunt

79 1685 118 1718 in
130 1682 260 1731 populo
270 1680 446 1716 israelitico
458 1680 640 1728 Prophetae.
651 1681 773 1715 Verum
784 1684 947 1728 quoniam
957 1682 1091 1729 Papistae
1101 1682 1193 1717 hunc
1203 1683 1317 1719 locum
1336 1687 1536 1733 detorquent
1546 1689 1584 1722 ad
1609 1689 1840 1729 stabiliendum
1850 1696 1916 1729 im-

76 1734 174 1780 pium
183 1731 277 1766 suum
287 1731 410 1778 dogma
417 1730 457 1764 de
467 1740 623 1777 perpetua
633 1727 708 1763 fidei
719 1728 931 1765 haesitatione:
943 1729 1154 1765 obsctuemus
1166 1732 1336 1782 duplicem
1349 1733 1408 1769 effe
1423 1734 1638 1773 securitatem.
1651 1751 1716 1774 vna
1726 1739 1771 1774 est
1783 1754 1854 1788 quae
1865 1754 1916 1776 re-

73 1779 205 1816 cumbit
214 1783 249 1814 in
259 1780 326 1813 Dei
336 1776 623 1827 promissionibus,
634 1791 675 1812 eo
686 1778 779 1824 quod
790 1778 900 1813 statuit
910 1780 965 1827 pia
974 1777 1179 1814 conscientia
1187 1781 1299 1815 Deum
1311 1795 1486 1829 nunquam
1497 1783 1557 1819 sibi
1566 1785 1809 1826 defuturum,&
1823 1792 1914 1825 inuia

73 1831 129 1863 &a
137 1825 342 1876 persuasione
354 1825 445 1865 freta,
456 1828 573 1870 Satane
584 1830 618 1860 &
628 1837 765 1874 peccato
775 1828 927 1862 audacter
939 1828 1146 1874 &intrepide
1157 1827 1291 1867 insultat
1302 1843 1310 1863 :
1323 1831 1433 1866 nihilo
1444 1843 1556 1867 tamen
1569 1836 1682 1869 minus
1692 1833 1754 1870 suae
1768 1836 1914 1877 infirmi*

72 1879 150 1911 tatis
161 1884 292 1911 memor
300 1899 311 1914 ,
321 1888 400 1920 cum
411 1878 533 1910 timore
547 1879 582 1910 &
593 1874 784 1910 humilitate
793 1877 902 1910 reiicit
910 1873 940 1909 se
953 1877 989 1910 in
1000 1876 1117 1910 Deum
1127 1900 1137 1913 ‚
1150 1879 1185 1911 &
1195 1875 1225 1910 se
1240 1875 1291 1912 illi
1300 1878 1442 1914 studiose
1455 1884 1491 1915 8<
1502 1879 1628 1917 solicite
1639 1886 1861 1921 commendat.
1873 1898 1913 1921 e--

70 1922 215 1960 iusmodi
224 1923 376 1959 securitas
386 1921 495 1960 saneta
505 1924 625 1960 estmec
639 1921 776 1971 separari
785 1925 892 1972 potest
901 1925 920 1958 a
931 1922 1004 1958 fide:
1015 1926 1299 1970 quemadmodum
1312 1940 1349 1961 ex
1361 1928 1475 1964 multis
1486 1932 1659 1978 Scriptura:
1669 1931 1752 1967 locis
1762 1946 1862 1980 paret,
1874 1948 1913 1971 ae

71 1973 248 2021 praesertim
258 1971 602 2021 Rom.cap.8.f.33.alia
614 1972 659 2011 est
669 1985 741 2018 quae
751 1985 789 2006 ex
801 1971 951 2008 socordia
967 1975 1166 2013 mitandum
1181 1973 1338 2010 homines
1349 1976 1456 2011 inflati
1464 1979 1561 2013 donis
1571 1978 1786 2025 presentibus,
1798 1986 1911 2028 perin—

71 2023 112 2056 de
122 2021 183 2056 acsi
194 2033 284 2056 extra
293 2021 351 2055 teli
361 2024 486 2057 iactum
497 2018 607 2060 essent,
617 2013 704 2054 iiihil
713 2033 841 2059 curant,
852 2019 904 2056 sed
913 2020 1126 2068 acquiescunt
1137 2024 1172 2055 in
1183 2016 1238 2058 sua
1247 2025 1453 2061 conditione:
1474 2039 1544 2073 quo
1554 2026 1592 2060 fit
1603 2039 1639 2062 vt
1651 2029 1809 2065 omnibus
1820 2033 1911 2065 Sata-

69 2083 122 2107 nae
132 2069 376 2105 incursionibus
387 2069 448 2104 sint
460 2068 607 2118 expositi.
618 2070 663 2103 Ea
673 2068 717 2103 est
727 2066 879 2104 securitas
890 2071 909 2105 a
918 2082 983 2117 qua
993 2080 1126 2104 reuocat
1135 2069 1256 2107 Paulus
1266 2072 1476 2111 Corinthios,
1483 2077 1562 2120 quia
1571 2076 1724 2112 cernebat
1733 2091 1789 2112 eos
1798 2077 1910 2126 place-

69 2130 105 2154 re
115 2117 174 2152 fibi
183 2117 279 2153 stulta
289 2121 463 2166 opinione:
474 2131 545 2153 non
556 2128 667 2152 autem
677 2116 769 2152 iubet
780 2121 879 2153 anxio
892 2120 1009 2155 animo
1019 2117 1162 2153 haefitate
1171 2119 1210 2153 de
1221 2119 1396 2155 voluntate
1406 2123 1543 2162 Dei,aut
1553 2125 1714 2171 trepidare
1724 2124 1833 2161 salutis
1846 2127 1908 2162 sua:

69 2168 227 2204 incertos,
237 2167 520 2215 quemadmodum
530 2164 698 2203 somniant
706 2167 841 2214 Papiste.
852 2167 891 2202 In
903 2166 1256 2209 summa,merninerim
1262 2181 1297 2202 us
1307 2168 1362 2206 hic
1371 2169 1512 2205 Paulum
1525 2170 1622 2206 verba
1631 2171 1736 2210 facere
1747 2176 1833 2222 apud
1843 2176 1908 2210 ho-

70 2217 179 2250 mines
190 2228 290 2265 praua
297 2218 404 2250 carnis
415 2214 533 2250 fiducia
543 2214 656 2249 elatos:
667 2218 703 2249 &
714 2227 785 2250 eam
797 2214 1077 2251 infirmitudinem
1087 2219 1275 2263 reprimere.
1289 2229 1360 2263 quae
1370 2220 1408 2252 'in
1418 2218 1704 2261 hominibus,n0n
1716 2224 1751 2256 in
1761 2223 1907 2263 Deo,fs1-v

70 2263 144 2298 data
152 2275 229 2298 etat.
240 2265 420 2311 Postquam
430 2266 521 2298 enim
533 2262 732 2299 soliditatem
743 2263 795 2298 vel
807 2262 1054 2299 firmamentum
1066 2262 1142 2299 fidei
1151 2267 1186 2298 in
1196 2260 1441 2301 Coloisenfibus
1453 2267 1601 2303 laudauit
1612 2296 1622 2309 ‚
1641 2269 1733 2306 iubet
1743 2271 1905 2308 radicibus
1923 2272 2052 2315 Col-²745»

69 2314 106 2347 in
116 2311 250 2346 Christo
260 2314 341 2348 aeris
352 2324 484 2347 manete
494 2311 632 2348 stabiles,
642 2311 900 2358 atqueaedificari
910 2311 1170 2359 confirmarique
1183 2315 1218 2347 in
1230 2311 1303 2347 fide.

124 2392 159 2428 13
218 2383 380 2420 Tentatio
390 2393 457 2417 vos
466 2393 537 2418 non
548 2374 773 2432 apprehendit
788 2377 855 2434 nist
862 2375 1030 2418 humana.
1043 2375 1174 2418 Jidclis
1183 2387 1297 2417 autem
1308 2385 1405 2418 Deus
1413 2409 1423 2425 ‚
1449 2383 1512 2434 qui
1520 2381 1687 2436 nonfinet
1692 2396 1759 2424 vos·
1776 2388 1905 2427 tentari

60 2431 167 2490 fhpri
175 2432 278 2489 quim
283 2435 433 2489 potestis:
431 2433 502 2487 sed
505 2433 602 2473 dabit
610 2433 686 2474 vnit
694 2447 767 2472 cum
778 2437 967 2474 tentatione
977 2437 1082 2473 etiam
1091 2434 1594 2494 exitumffltposst'tisfiaestmere.
1896 2442 1900 2447 ’

124 2506 172 2541 14
223 2488 758 2546 Qapropterdileli‘imeifitgite
767 2487 808 2529 ab
817 2489 1020 2531 idololatria.

128 2561 160 2596 15
218 2553 252 2585 T
253 2561 408 2602 anquam
409 2544 634 2602 prudentibus
643 2545 776 2598 loquor:
786 2546 935 2587 iudicate
943 2545 1003 2601 ipsi
1010 2544 1104 2602 quod
1108 2547 1193 2588 dico.

126 2610 169 2643 16
225 2603 332 2643 C'alix
342 2601 588 2642 benedimoms
595 2606 647 2641 cui
653 2597 893 2648 benedicimus,
901 2597 1015 2641 no'nne
1024 2605 1280 2644 commnuicatio
1289 2603 1338 2657 est
1333 2601 1519 2660 fhnguinis
1530 2604 1673 2655 christi?
1677 2612 1783 2662 panis
1791 2623 1899 2665 quem

58 2656 388 2716 frangimus‚no‘nne
395 2660 651 2698 communicatio
661 2654 856 2714 cstcorporir
864 2657 992 2710 christi
1006 2663 1023 2698 ἓ

123 2729 166 2767 17
216 2718 404 2771 'Qoniam
412 2725 735 2769 vnisspamnvnum
746 2726 858 2779 sorptff
867 2713 968 2753 multi
965 2713 1098 2767 fiamus:
1106 2730 1224 2754 omnes
1236 2721 1330 2756 enim
1338 2717 1382 2756 de
1389 2732 1463 2757 vno
1465 2730 1558 2774 pane
1560 2721 1814 2776 participamus.
1828 2739 1833 2754 ’-

124 2780 164 2812 18
179 2814 183 2821 ‚
219 2772 342 2813 Videte
350 2769 642 2824 Ifi‘aelfi’ctmdum
651 2781 912 2809 carnem.nonne
921 2773 979 2824 qui
985 2769 1345 2819 edunthoffias‚altari
1351 2778 1599 2815 communicant
1608 2780 1627 2814 ἓ

117 2855 147 2888 13
178 2846 332 2880 “Tentatio
340 2858 395 2880 voi
402 2857 462 2878 non
471 2841 690 2893 apprehendit.)
739 2842 808 2877 Alii
817 2841 907 2878 sensu
917 2841 975 2878 suo
984 2844 1143 2880 fruantur:
1150 2858 1212 2892 ego
1221 2846 1287 2881 hoc
1299 2848 1337 2881 ad
1349 2860 1464 2882 eorum
1476 2846 1739 2885 consolationem
1750 2851 1892 2900 positum

72 2891 133 2928 effe
142 2894 265 2934 iudico,
275 2907 317 2928 ne
325 2894 445 2928 auditis
455 2905 526 2944 quae
536 2892 695 2929 haetenus
704 2891 817 2927 retulit
829 2904 897 2926 tam
909 2892 1082 2927 horrendis
1093 2896 1140 2936 ire
1150 2895 1214 2930 Dei
1225 2894 1384 2942 exemplis
1393 2919 1403 2933 ‚
1421 2909 1545 2943 pauore
1557 2898 1684 2943 consuli
1707 2900 1892 2936 deficerent-¹

71 2941 214 2976 Proinde
221 2953 256 2975 vt
268 2939 322 2979 sua
336 2942 522 2976 exhortatio
532 2939 622 2974 vtilis
632 2938 849 2982 foret‚adiecit
859 2939 919 2974 esse
928 2939 1144 2988 resipiscentie
1154 2941 1279 2977 locum:
1295 2943 1356 2977 acsi
1369 2945 1502 2986 diceret,
1512 2945 1596 2980 Non
1606 2948 1650 2980 est
1660 2949 1752 2993 quod
1761 2953 1892 2986 animos

72 2985 416 3037 despondeatiszneque
426 2991 516 3023 enim
526 2987 621 3023 volui
630 2986 865 3036 desperationis
876 2990 1010 3024 materia
1018 2990 1114 3023 vobis
1122 2988 1245 3033 afferre:
1256 3004 1364 3040 neque
1374 2993 1451 3029 verb
1460 2993 1550 3028 aliud
1559 2993 1653 3029 vobis
1664 2997 1780 3031 accidit
1790 2999 1891 3043 quam

73 3037 167 3083 quod
179 3037 373 3077 hominibus
385 3037 476 3072 solet.
488 3038 556 3072 Alii
566 3040 670 3085 magis
680 3048 800 3085 putant
810 3035 979 3084 obiurgari
987 3036 1122 3072 illorum
1135 3040 1411 3087 ignauiam‚quod
1419 3041 1536 3076 leuiter
1544 3045 1661 3076 tentati
1670 3043 1893 3079 deficerent&

73 3083 160 3119 cett&
171 3086 354 3121 Humanum
363 3086 606 3135 promoderato
615 3087 782 3120 interdum
791 3087 1042 3133 accipitur.ergo
1052 3086 1230 3121 secundum
1243 3101 1299 3122 eos
1309 3087 1416 3123 sensus
1428 3089 1524 3127 foret,
1539 3088 1628 3124 Itane
1636 3091 1745 3124 decuit
1754 3092 1892 3132 modicas

72 3134 250 3169 tentationi
259 3133 491 3170 succumbere?
516 3134 577 3168 Sed
585 3133 788 3180 quiamelii‘is
798 3134 1117 3176 contextuscoheret
1126 3133 1149 3168 ss
1159 3134 1425 3172 consolationem
1436 3136 1496 3171 effe
1505 3138 1740 3178 dicamus,ide0
1750 3138 1816 3174 huc
1825 3153 1889 3187 po·

71 3183 140 3216 tius
149 3180 290 3216 inclino.
337 3182 458 3217 Fidelis
469 3193 571 3216 autem
580 3185 680 3216 Deus.
706 3183 810 3217 Sicuti
821 3181 914 3216 bono
923 3184 1040 3217 animo
1052 3180 1112 3217 eise
1122 3180 1209 3218 iussit
1218 3196 1380 3230 quantum
1391 3186 1430 3219 ad
1438 3188 1630 3232 preteritum
1642 3197 1821 3232 tempus,vt
1832 3201 1889 3225 cos

71 3229 112 3265 ad
122 3231 353 3279 poenitentiam
365 3233 573 3266 excitarenita
582 3232 681 3265 etiam
693 3233 728 3265 in
739 3231 906 3279 posterum
917 3241 1002 3264 certa
1013 3228 1066 3278 spe
1077 3243 1134 3266 eos
1144 3231 1333 3270 consolatur
1342 3256 1351 3270 ‚
1366 3236 1443 3279 quia
1453 3234 1542 3266 Deus
1553 3246 1621 3267 non
1632 3232 1775 3279 pulsatus
1784 3234 1821 3269 fit
1832 3249 1888 3270 eos

69 3279 190 3313 tentari
201 3275 284 3312 vltra
293 3275 387 3313 viresi
405 3279 499 3314 Iubet
508 3291 618 3314 autem
631 3293 688 3314 eos
700 3282 735 3313 in
745 3280 936 3313 Dominum
947 3276 1119 3325 respicere:
1135 3282 1213 3326 quia
1222 3283 1361 3315 tentatio
1372 3307 1380 3318 ‚
1393 3278 1575 3326 quamlibet
1586 3279 1623 3314 fit
1637 3283 1768 3328 exigua,
1779 3281 1889 3318 statim

70 3338 133 3361 nos
145 3324 502 3373 opprimet,a&iimque
512 3330 572 3361 erit
581 3328 620 3361 de
629 3327 768 3368 nobis2si.
777 3328 920 3375 propriis
930 3327 1056 3362 viribus
1067 3330 1222 3364 nitamur.
1235 3328 1375 3362 Fidelem
1384 3329 1573 3361 Dominum
1586 3340 1692 3366 vocat,
1705 3343 1773 3368 non
1783 3330 1890 3368 tatum

69 3376 148 3425 quia
156 3386 248 3411 verax
258 3373 295 3408 lit
306 3376 339 3408 in
351 3370 583 3421 promiffiszsed
596 3378 730 3423 perinde
741 3375 803 3417 acsi
813 3376 945 3413 diceret,
956 3376 1128 3412 Dominus
1139 3375 1185 3411 est
1194 3388 1300 3411 certus
1320 3375 1426 3411 custos
1438 3374 1572 3410 suorum
1581 3402 1590 3416 ‚
1609 3374 1666 3410 sub
1683 3381 1777 3413 cuius
1786 3380 1887 3417 tutela

1605 3436 1638 3469 q.
1677 3437 1735 3470 iiij.
