2268 3705
488 120 594 166 AD
642 115 1056 163 H-EBRAEOS
1107 112 1264 161 CAP-
1312 113 1460 157 1111-
1824 124 1888 165 575.

44 187 177 234 duobus
187 193 344 229 membris
354 188 585 238 disputationis
597 201 696 236 quam
709 190 836 222 tractat.
873 185 1033 234 Apposite
1042 195 1153 219 autem
1166 182 1384 217 sacerdotium
1396 182 1569 216 connectit
1581 193 1658 216 cum
1670 182 1882 231 Apostolatu,

48 258 155 293 quum
176 241 433 277 admonetliunc
446 237 613 284 Vtriusque
625 235 684 278 effe
697 235 796 270 finem
810 258 819 272 ‚
831 246 865 268 vt
876 236 1109 282 perueniamus
1119 233 1158 266 ad
1168 233 1291 265 Deum.
1309 229 1464 265 Illatione
1477 232 1599 267 vritur,
1621 233 1699 276 quia
1712 234 1801 278 prius
1812 233 1880 268 hoc

0 286 2 329 ,ἶ
42 297 150 334 seriam
173 301 270 338 caput
280 291 430 335 attigerat
440 310 450 324 ,
462 286 633 321 Chtiltum
645 284 705 318 effe
717 284 815 318 nobis
829 281 1048 317 Pontificem-2
1058 280 1109 315 sed
1119 283 1197 327 quia
1207 280 1386 313 Sacerdotii
1407 281 1455 312 vis
1470 290 1540 312 non
1560 281 1742 326 percipitur
1769 280 1829 315 nisi
1840 294 1879 316 cx

0 336 1 345 ¹
52 341 213 375 doctrina,
228 338 312 372 lianc
328 348 416 370 viam
432 336 526 369 sterni
539 335 690 380 oportuit
702 356 711 370 ‚
731 345 764 367 vr
775 334 907 366 animos
918 331 957 364 ad
967 330 1136 364 Christum
1148 328 1349 362 audiendum
1370 337 1573 374 praepararct.
1590 326 1694 361 Nunc
1708 328 1801 362 restat
1812 352 1822 366 ,
1844 341 1880 365 vt

51 391 112 435 qui
134 387 324 434 magistrum
342 396 419 418 euni
431 380 636 430 agnoscunt,
655 379 754 427 seque
765 379 889 414 dociles
898 377 947 412 illi
958 378 1104 426 praebent
1122 375 1301 424 discipulos
1311 402 1322 417 ,
1344 373 1468 409 discant
1479 386 1615 422 quoque
1626 387 1663 408 ex
1676 387 1732 409 ore
1747 379 1816 412 eius
1826 377 1880 412 vel

48 435 325 481 scholmquaenam
336 431 372 466 sit
383 431 505 466 vtilitas
516 430 686 464 sacerdotii
699 431 819 466 eius‚&
832 426 939 474 qualis
948 424 1022 460 vsus
1034 438 1071 460 ac
1083 424 1170 460 finis.
1184 424 1297 458 Primo
1309 425 1401 460 dicit,
1442 420 1610 458 Habentes
1623 424 1770 469 Ponnfic?
1780 426 1879 467 Iefifm

13 505 16 509 ·
44 485 162 519 «Filium
172 480 447 526 Dei,c0nfesszonem
454 490 620 512 teneamus.
658 474 946 515 Confeffio‘liic,vt
956 485 1126 521 antca‚pro
1138 472 1199 507 fide
1210 476 1337 519 capitur
1348 471 1583 516 metonymice.
1598 471 1688 516 Qa
1698 482 1808 505 autem
1829 472 1877 507 sa-

41 533 231 568 cerdotium
243 530 280 563 ad
292 528 498 563 sanciendam
509 528 696 560 dostrinam
707 526 813 560 valere
822 523 931 563 debet,
942 524 1021 557 hinc
1032 521 1163 568 colligit
1174 519 1353 568 Apostolus
1366 546 1376 560 ,
1402 533 1473 555 non
1485 517 1544 554 eisc
1555 531 1612 553 cur
1623 518 1807 553 haesitemus
1821 530 1879 555 aut

21 596 24 598 ·
40 579 246 615 'vacillemus
261 581 294 611 in
317 576 378 611 fide
389 575 563 623 Euangelii
574 587 675 621 quam
685 573 784 608 Filius
795 574 862 606 Dei
876 570 1112 619 comprobauit
1122 581 1159 603 ac
1171 567 1320 602 sanciuit.
1346 566 1508 614 Qisquis
1522 570 1613 601 enim
1624 578 1726 601 ratam
1738 581 1809 602 non
1820 568 1878 602 ha-

0 657 1 663 ,
45 629 103 665 bet
114 627 199 662 hanc
209 627 396 660 doctrinam
408 651 417 665 ‚
427 625 565 658 detrahit
576 623 659 657 Filio
669 624 783 660 Dci,ac
794 618 965 654 sacerdotis
976 620 1103 653 honore
1114 617 1222 665 ipsum
1236 615 1372 664 spoliat:
1390 615 1451 649 tale
1462 619 1601 661 inquam
1615 641 1625 656 ‚
1637 627 1674 651 ac
1683 626 1814 650 tanturn
1825 618 1879 663 pi-

0 673 1 700 ἶ
52 689 139 726 gnus
154 674 308 709 fiduciam
318 676 431 708 addere
442 671 539 706 nobis
549 671 657 708 debet,
666 683 699 704 vr
711 669 872 717 intrepide
883 668 1116 702 recumbamus
1127 679 1164 699 in
1175 663 1410 711 Euangelium.

98 735 127 769 13
179 723 297 768 Neque
308 726 388 755 emm
397 720 636 761 habettms‚&c.)
677 718 712 752 ln
726 722 865 752 nomine
876 716 949 750 Filii
961 717 1027 749 Dei
1038 715 1129 761 quod
1140 711 1250 761 posuit
1264 735 1274 749 ‚
1289 710 1393 746 subest
1412 724 1447 745 ea
1474 712 1621 746 maiestas
1633 724 1704 758 qua·
1714 724 1776 746 nos
1786 711 1826 745 :id
1835 713 1879 745 ti-

50 784 180 808 morem
193 775 225 805 &
237 769 432 817 obsequium
443 770 563 815 adigat.
574 767 699 801 Verum
709 765 729 800 si
741 764 825 799 nihil
836 768 871 798 in
884 764 1018 799 Christo
1029 763 1115 797 aliud
1125 760 1379 797 confideremus,
1391 759 1542 793 nondum
1556 771 1673 806 pacata:
1684 771 1780 794 erunt
1792 771 1877 794 con-

46 822 198 856 scientiae.
210 823 283 866 quis
294 822 385 853 enim
397 830 466 853 non
477 815 667 851 reformidet
678 813 748 848 Filii
763 815 826 847 Dei
835 811 1050 859 conspectum
1062 835 1072 848 ,
1081 808 1253 858 praesertim
1266 821 1370 857 quum
1383 815 1577 857 reputamus
1599 807 1704 854 qualis
1714 807 1753 841 sit
1764 809 1874 842 nostra

49 870 213 904 conditio,
225 866 384 914 nobisque
395 869 428 900 in
439 876 584 899 mentem
596 865 735 898 veniunt
745 873 877 909 peccata
888 861 1013 896 nostr-i?
1030 859 1158 893 Deinde
1172 858 1283 892 ludaeis
1296 855 1384 890 aliud
1394 857 1520 891 obsta're
1531 867 1670 903 poterat,
1686 858 1764 902 quia
1773 858 1875 890 Leui-

48 922 118 953 tico
129 915 310 950 [ieci-dotto
321 911 605 949 aisueuerantzi'llic
615 911 792 946 cernebant
805 911 979 944 hominem
994 907 1132 942 mortale
1145 919 1249 940 vnum
1266 909 1303 939 ei<
1313 905 1386 939 aliis
1397 904 1540 939 eletstum
1566 906 1626 949 qui
1637 905 1873 938 sanctuarium

45 964 300 1013 ingrediebatur,
311 977 344 998 vr
355 961 407 998 sua
416 963 646 1009 deprecatione
654 958 882 993 reconciliaret
891 957 1001 991 fratres
1014 954 1088 991 suos
1097 957 1182 989 Deo.
1197 956 1273 988 Hoc
1284 966 1442 1000 magnum
1456 953 1511 990 est,
1523 964 1629 999 quum
1641 953 1802 985 mediator
1814 954 1874 998 qui

45 1014 172 1063 placate
184 1022 258 1059 erga
269 1025 329 1046 nos
345 1013 454 1046 Deum
467 1010 672 1057 potest,viius
682 1008 726 1041 est
736 1020 772 1041 ex
786 1006 893 1041 nobis.
904 1007 983 1040 Haec
995 1003 1146 1044 illecebra
1156 1014 1282 1050 poterat
1293 1005 1418 1036 Iudaeos
1428 1001 1604 1047 illaqueare
1613 1025 1624 1040 ,
1643 1011 1676 1033 vt
1689 998 1870 1034 sacerdotio

45 1064 199 1098 Leuitico
221 1061 346 1108 semper
356 1057 455 1093 essent
466 1059 598 1094 aduini,
611 1055 669 1091 nisi
681 1067 868 1090 occurreret
877 1053 1068 1102 Apostolus,
1079 1064 1115 1086 ac
1126 1052 1308 1085 ostenderet
1320 1050 1437 1084 Filium
1450 1051 1513 1083 Dei
1526 1062 1596 1083 non
1615 1048 1717 1081 mode>
1730 1047 1871 1082 excelle-

26 1128 31 1138 =
45 1123 79 1146 re
89 1110 206 1158 gloria,
218 1107 267 1142 scd
279 1121 370 1154 sequa
382 1108 531 1142 bonitate
543 1109 576 1140 δε
589 1105 795 1152 indulgentia
805 1116 880 1151 erga
892 1115 952 1137 nos
963 1100 1022 1136 effe
1033 1101 1169 1148 praeditu
1176 1113 1219 1133 m.
1241 1102 1277 1134 ln
1290 1099 1355 1132 hoc
1368 1101 1470 1146 igitur
1485 1099 1593 1144 capite
1615 1095 1757 1130 versatur
1766 1108 1874 1142 quum

45 1157 236 1195 dit-inillam
245 1158 458 1190 exercitatum
471 1152 529 1189 else
541 1155 658 1188 nostris
672 1151 971 1187 infirmitatibus,vt
983 1150 1081 1185 nobis
1094 1147 1282 1183 condoleat.
1297 1149 1401 1194 Qod
1411 1148 1450 1180 ad
1462 1144 1638 1187 συμπάθειαν
1649 1146 1874 1192 pertinet,no-

41 1206 80 1244 lo
92 1205 244 1242 subtilius
268 1206 308 1239 de
319 1203 533 1252 eadisputarc.
554 1201 675 1236 friuola
687 1203 776 1235 enim
789 1213 859 1234 non
871 1199 979 1233 minus
998 1199 1099 1244 quam
1113 1195 1238 1231 curiosi
1248 1197 1290 1230 est
1302 1196 1358 1229 ista
1374 1195 1508 1241 quaestio
1519 1195 1632 1231 ‚Num
1645 1192 1812 1227 obnoxius
1832 1191 1871 1227 sit

43 1267 134 1292 nunc
145 1253 296 1289 Christus
310 1254 427 1287 nostris
442 1253 590 1286 miseriis.
623 1250 696 1284 Nec
707 1250 784 1284 veto
795 1247 975 1296 Apostolus
984 1247 1103 1280 talibus
1113 1247 1247 1292 argutiis
1258 1248 1292 1278 &
1304 1243 1417 1277 otiosis
1429 1240 1711 1291 speculationibus
1734 1240 1870 1288 fatigare

40 1317 108 1346 ‚nos
121 1301 237 1339 voluit:
253 1300 304 1336 scd
316 1302 445 1336 tantum
459 1303 588 1336 docere,
599 1312 668 1334 non
680 1296 797 1346 procul
807 1309 961 1343 quaerem.
976 1295 1055 1329 dum
1068 1292 1126 1328 effe
1138 1293 1366 1332 mediatorem,
1381 1304 1486 1338 quum
1499 1291 1598 1326 nobis
1608 1290 1758 1324 Christus
1782 1289 1872 1324 vlrro

41 1363 180 1388 manum
189 1354 420 1398 porrigatznou
433 1346 492 1383 effe
502 1346 630 1383 causam
643 1359 699 1381 cui·
710 1346 834 1381 Christi
844 1342 1008 1379 maiestate
1016 1342 1368 1386 absterreamiir,quum
1381 1339 1478 1373 nobis
1499 1338 1535 1373 sit
1549 1338 1656 1372 frater:
1669 1351 1740 1372 nou
1750 1336 1809 1371 csse
1822 1340 1868 1371 ti-

39 1399 213 1441 mendum,
226 1412 266 1433 ne
276 1398 364 1446 quasi
376 1397 541 1432 malorum
552 1408 663 1442 expers
675 1394 769 1429 nullo
780 1404 932 1440 tangatur
945 1392 1162 1426 humanitatis
1172 1387 1261 1423 sensu
1271 1389 1310 1422 ad
1322 1401 1422 1436 opem
1437 1387 1535 1421 nobis
1547 1385 1715 1420 ferendam
1730 1410 1740 1423 ‚
1760 1398 1869 1433 quum

0 1458 5 1461 ”
41 1446 250 1483 infirmitates
263 1448 386 1489 [rostras
396 1444 649 1494 susceperint-{uo
661 1441 735 1477 esser
744 1444 783 1476 ad
795 1439 1048 1476 succurrendum
1059 1437 1262 1487 propensior.
1272 1438 1360 1470 Tota
1371 1438 1473 1483 igitur
1485 1434 1638 1482 Apostoli
1653 1436 1761 1468 oratio
1775 1435 1816 1468 ad
1827 1433 1869 1468 fi-

0 1497 3 1504 ⁴
43 1497 96 1531 dei
107 1495 236 1530 statum
249 1493 413 1529 reserenda
424 1496 477 1528 cst:
491 1496 651 1541 quianon
664 1490 804 1539 disputat
815 1490 920 1537 qualis
932 1489 968 1524 fit
979 1491 1013 1522 in
1025 1486 1054 1522 se
1065 1487 1225 1524 Christus,
1238 1484 1290 1519 scd
1300 1484 1431 1531 qualem
1446 1482 1476 1518 se
1487 1482 1585 1518 nobis
1596 1483 1754 1519 ostendat.
1766 1484 1871 1517 Simi-

0 1549 9 1590 y'(
41 1544 221 1583 litudineni
234 1556 357 1578 naturae
368 1543 536 1590 intelligit:
550 1555 618 1588 quo
629 1539 789 1588 fignificat
810 1538 981 1575 Christum
993 1536 1088 1571 simul
1099 1548 1176 1570 cuin
1188 1547 1284 1569 carne
1293 1534 1403 1568 nostra
1415 1529 1550 1567 affectus
1561 1543 1697 1578 quoque
1709 1529 1866 1571 induisse,

6 1626 12 1634 ,
39 1606 76 1635 vr
87 1606 157 1626 non
173 1593 274 1626 modo
289 1590 317 1625 se
329 1604 445 1626 verum
460 1592 634 1625 hominem
645 1587 889 1636 comprobaret,
900 1585 951 1621 sed
962 1583 1031 1633 ipso
1044 1587 1272 1631 experimento
1290 1583 1329 1617 ad
1340 1581 1503 1616 iuuandos
1530 1579 1668 1614 miseros
1679 1579 1872 1613 erudiretur:

0 1638 115 1678 ‘Vrion
128 1644 206 1688 quia
216 1653 300 1688 opus
311 1640 430 1674 talibus
441 1640 638 1673 rudimentis
649 1637 798 1671 habuerit
812 1635 914 1670 Filius
925 1637 988 1669 Dei
1012 1634 1080 1667 :sed
1093 1634 1172 1678 quia
1184 1644 1247 1666 nos
1257 1630 1350 1665 aliter
1359 1630 1459 1677 quam
1471 1629 1511 1663 de
1521 1626 1622 1663 salute
1635 1625 1747 1662 nostra
1758 1639 1874 1661 curam

43 1694 139 1738 gerit,
153 1701 263 1723 mente
274 1688 516 1735 apprehendere
527 1701 597 1721 non
610 1685 790 1734 possumus.
829 1685 972 1731 Quoties
983 1694 1062 1728 ergo
1073 1680 1129 1715 sub
1147 1682 1254 1714 carnis
1265 1679 1380 1713 nostrae
1403 1676 1655 1711 infirmitatibus
1666 1674 1870 1713 laboramus,

43 1738 144 1773 nobis
156 1740 190 1771 in
202 1749 348 1771 mentem
360 1739 480 1774 veniat,
492 1734 616 1769 easdem
627 1734 820 1768 Filium‘Dei
831 1744 1002 1780 expertum
1015 1728 1084 1764 effe:
1096 1740 1133 1763 vt
1142 1740 1204 1762 nos
1221 1725 1276 1761 sua
1286 1729 1408 1760 virtute
1424 1728 1537 1773 erigat,
1549 1738 1591 1758 ne
1601 1723 1668 1758 illis
1678 1722 1871 1758 obruamur.

42 1787 106 1821 Sed
117 1788 217 1833 quaeri
227 1785 333 1833 potest
346 1786 425 1831 quid
435 1797 492 1831 per
501 1784 687 1828 infirmitates
699 1781 874 1828 intelligat:
898 1779 985 1814 varie
1000 1780 1091 1812 enim
1102 1778 1263 1823 accipitur
1274 1775 1340 1809 hoc
1354 1773 1646 1818 nomen-Qidarri
1658 1771 1761 1820 frigus
1775 1776 1808 1806 &
1819 1784 1874 1806 ca-

41 1834 164 1874 lorem,
175 1833 310 1872 famem,
322 1838 355 1867 &
367 1823 445 1866 alias
455 1834 605 1883 corporis
615 1829 826 1866 neceffitates:
839 1829 956 1863 deinde
966 1837 1213 1873 contemptum,
1226 1825 1377 1870 inopiam
1388 1845 1398 1859 ,
1412 1826 1444 1856 &
1457 1821 1585 1868 reliqua
1595 1823 1664 1855 eius
1676 1821 1805 1867 generis
1818 1822 1876 1855 in*

40 1882 212 1934 telligunt,
224 1881 316 1915 sicuti
326 1882 412 1928 apud
426 1880 562 1915 Paulum
576 1879 690 1914 multis
701 1879 796 1912 locis:
814 1890 851 1911 ac
863 1874 1037 1925 praesertim
1049 1886 1075 1908 2.
1088 1874 1127 1917 ad
1138 1871 1297 1907 Corinth.
1312 1882 1510 1919 cap.12.c.10.
1537 1871 1598 1904 Sed
1608 1881 1714 1903 verius
1727 1866 1875 1905 sentiunt

41 1933 102 1978 qui
111 1929 208 1964 limul
216 1942 293 1964 cum
305 1931 444 1963 externis
461 1942 522 1964 aeru
529 1931 616 1962 mnis
626 1926 916 1975 comprehendunt
930 1926 1038 1964 animi
1054 1920 1190 1957 affectus
1201 1943 1210 1958 ‚
1229 1919 1341 1967 quales
1352 1920 1426 1953 sunt
1438 1930 1544 1953 metus
1560 1941 1571 1955 ‚
1584 1918 1713 1952 tristitia
1722 1939 1732 1954 ‚
1753 1916 1874 1951 horror

40 1981 171 2015 mortis,
184 1982 214 2012 ὃ(
230 1977 362 2012 similes.
373 1980 411 2011 Et
422 1979 508 2012 certe
518 1976 632 2011 frustra
641 1976 769 2022 alioqui
780 1974 888 2008 addita
898 1971 971 2007 effer
983 1973 1156 2006 termeno,
1175 1968 1300 2013 Absque
1308 1979 1446 2016 peccato:
1457 1966 1518 2001 nisi
1530 1967 1570 2000 de
1580 1964 1753 2000 affectibus
1765 1963 1873 1999 sermo

41 2026 126 2065 effer,
135 2029 194 2073 qui
205 2025 332 2074 semper
343 2028 377 2060 in
389 2025 487 2061 nobis
497 2024 606 2062 vitiosi
618 2023 692 2062 sunt
701 2034 835 2072 propter
845 2033 966 2056 naturae
976 2020 1222 2068 prauitatem:in
1233 2016 1367 2050 Christo
1376 2027 1488 2049 autem
1502 2017 1537 2049 in
1549 2027 1618 2060 quo
1631 2013 1758 2048 summa
1769 2015 1872 2048 recri-
1919 2045 1926 2052 „

38 2077 121 2111 tudo
135 2082 168 2109 ὁ(
179 2073 325 2108 absoluta
335 2076 458 2121 puritas
468 2074 542 2114 fuit,
552 2076 720 2107 immunes
732 2071 865 2105 fuerunt
875 2070 915 2103 ab
928 2083 984 2103 om
991 2071 1023 2102 ni
1035 2070 1131 2101 vitio.
1142 2067 1318 2112 Paupertas
1329 2063 1415 2098 certe
1424 2087 1433 2101 ,
1449 2067 1483 2097 &
1495 2062 1627 2100 morbi,
1655 2066 1688 2096 δέ
1701 2074 1773 2106 quae
1784 2073 1872 2095 extra

40 2137 104 2163 nos
115 2123 240 2163 sunr‚iii
254 2133 424 2170 peccatum
438 2136 508 2157 non
519 2125 737 2169 imputantur.
748 2121 834 2166 Ergo
845 2131 949 2165 quum
961 2113 1257 2152 deinfirmitatibus
1267 2113 1416 2158 loquitur
1427 2124 1498 2158 quae
1510 2122 1646 2159 peccato
1659 2108 1732 2144 sunt
1743 2107 1871 2146 affines,

41 2172 184 2208 mininie
197 2171 337 2207 dubium
349 2171 393 2205 est
406 2174 489 2218 quin
500 2169 636 2205 affectus
645 2170 751 2204 animi
763 2166 919 2214 designet,
932 2165 1054 2212 quibus
1065 2163 1214 2198 obnoxia
1224 2162 1267 2195 est·
1278 2162 1459 2197 hominum
1473 2172 1607 2196 natura,
1623 2157 1722 2204 idque
1733 2169 1871 2205 propter

37 2220 268 2256 infirmitatem
282 2218 381 2254 suam.
408 2220 497 2256 Nam
511 2221 623 2266 potior
635 2221 670 2252 in
693 2230 732 2251 eo
745 2217 788 2250 est
807 2214 1016 2263 Angelorum
1040 2213 1192 2247 conditio
1204 2210 1303 2257 quam
1317 2210 1426 2243 nostra
1436 2231 1446 2245 ‚
1465 2207 1557 2254 quod
1568 2220 1638 2241 non
1649 2205 1784 2242 dolent,
1798 2219 1871 2240 non

39 2280 208 2306 metuunt,
218 2281 288 2302 non
297 2279 496 2314 torquentur
507 2269 603 2302 variis
615 2268 719 2304 curis,
739 2275 881 2299 mortem
892 2276 963 2298 non
975 2261 1166 2297 formidant.
1186 2259 1256 2292 Has
1266 2256 1475 2292 infirmitates
1491 2255 1577 2289 vltro
1595 2253 1747 2291 Christus
1765 2252 1870 2288 susce-

38 2320 100 2368 pit.
111 2324 145 2351 &c
157 2316 310 2362 cumillis
320 2328 441 2351 certare
451 2316 579 2350 voluit:
591 2328 661 2349 non
673 2313 775 2349 modo
785 2323 819 2346 vt
826 2313 865 2346 de
874 2311 939 2345 illis
950 2312 1124 2346 victoriam
1136 2307 1234 2342 nobis
1243 2309 1436 2353 acquireret,
1448 2303 1499 2338 sed
1511 2306 1610 2338 etiam
1621 2314 1655 2337 vt
1667 2302 1758 2337 certo
1768 2301 1825 2336 {im
1832 2314 1869 2337 us
1907 2315 1913 2323 ·

40 2364 176 2413 persuasi
188 2364 285 2399 illum
301 2364 398 2399 nobis
409 2364 512 2412 prope
524 2363 626 2398 adeffe
635 2364 767 2410 quoties
781 2360 853 2395 illas
864 2362 1061 2407 experimur.
1071 2360 1118 2392 Ita
1131 2369 1202 2391 non
1215 2354 1346 2389 effe-ntia
1355 2354 1484 2388 tantum
1496 2352 1602 2388 factus
1617 2352 1660 2385 est
1676 2352 1783 2385 homo
1792 2375 1802 2390 ,
1816 2350 1869 2387 sed

39 2417 86 2448 hu
93 2419 195 2450 mana?
210 2415 309 2448 etiam
325 2425 450 2448 natura:
461 2412 634 2460 qualitates
645 2414 679 2445 in
688 2410 718 2445 se
728 2411 861 2455 recepit.
876 2409 1062 2443 Rectrit‘stio
1074 2418 1186 2441 tamen
1196 2404 1337 2441 additur,
1351 2400 1484 2447 Absque
1496 2411 1642 2448 peccato:
1655 2402 1733 2445 quia
1743 2398 1870 2447 semper

41 2463 224 2497 tenendum
237 2463 280 2495 est
291 2462 356 2495 hoc
365 2459 539 2496 distim'en
549 2463 634 2495 inter
642 2457 777 2498 affectus
788 2458 911 2492 Christi
924 2460 956 2491 δε
969 2457 1108 2490 nostros:
1118 2453 1210 2500 quod
1221 2451 1270 2486 illi
1280 2452 1367 2501 recte
1394 2449 1520 2497 semper
1531 2448 1708 2495 compositi
1731 2446 1869 2482 fuerunt

37 2511 78 2546 ad
92 2521 200 2544 veram
215 2510 344 2544 iustitiae
354 2509 512 2560 regulam:
526 2510 627 2544 nostri
638 2520 748 2542 autem
763 2508 868 2553 quiex
879 2504 1013 2540 turbido
1023 2503 1117 2539 fonte
1127 2502 1403 2548 manant,lemper
1412 2498 1571 2545 resipiunt
1584 2498 1726 2544 originis
1738 2493 1799 2531 suae
1808 2509 1869 2530 na·
1914 2504 1923 2513 ·

39 2571 160 2595 turam,
173 2560 251 2604 quia
260 2557 445 2592 turbulenti
456 2558 528 2593 suut
540 2554 739 2594 &effraenes-

55 2624 66 2629 -ψ
84 2610 121 2640 16
172 2605 370 2641 Accedamus
381 2612 474 2655 igitur
483 2619 548 2640 cum
552 2604 766 2650 fid³1c1a‚&c.)
807 2601 1003 2639 Concludit,
1014 2598 1172 2635 accessum
1185 2597 1345 2633 omnibus
1357 2596 1395 2630 ad
1405 2598 1515 2630 Deum
1529 2595 1712 2642 patere‚qui
1724 2591 1800 2626 freti
1813 2603 1868 2627 me

37 2655 162 2690 diatore
173 2655 307 2689 Christo
319 2656 358 2689 ad
369 2668 444 2690 euin
457 2655 634 2690 accedunt:
647 2653 718 2687 imo
729 2653 878 2687 hortatur
890 2649 1010 2688 fideles,
1019 2661 1053 2682 vt
1064 2647 1094 2685 se
1105 2651 1139 2682 in
1151 2649 1214 2682 Dei
1224 2644 1441 2692 conspestum
1453 2641 1569 2679 offerre
1582 2641 1648 2676 fine
1657 2640 1722 2675 vlla
1731 2640 1866 2675 dubita·

37 2708 132 2739 tione
141 2705 292 2738 aude-int.
307 2710 415 2750 Atque
425 2705 480 2738 hic
490 2706 672 2751 praecipuus
685 2699 729 2736 est
746 2699 920 2749 spiritualis
933 2700 1092 2733 docti-inae
1102 2696 1241 2735 fructus,
1255 2706 1342 2729 certa
1353 2692 1534 2727 inuocandi
1544 2693 1609 2726 Dei
1622 2689 1752 2724 fiducia:
1765 2688 1864 2723 ficuti

38 2750 164 2788 rursum
177 2749 329 2786 'concidit
339 2765 374 2786 ac
389 2754 472 2799 perir
483 2763 552 2785 tota
565 2751 682 2797 religio
693 2762 798 2796 quum
808 2750 944 2795 eripitur
967 2746 1035 2781 liaec
1046 2745 1208 2780 certitudo
1220 2740 1443 2778 conscientiis.
1464 2741 1558 2774 Vnde
1568 2738 1728 2785 colligere
1748 2749 1866 2785 prom-

38 2812 134 2850 ptum
145 2801 199 2837 est,
212 2802 246 2835 in
257 2802 380 2848 Paparu
393 2802 571 2834 extineiam
584 2796 676 2832 fuisse
687 2797 862 2844 Euangelii
874 2794 1054 2832 luceinsvbi
1065 2792 1222 2828 iubentur
1234 2789 1342 2826 miseri
1352 2789 1509 2823 homines
1519 2786 1668 2822 dubitare
1678 2785 1793 2820 sintne
1803 2797 1865 2834 pro

40 2853 160 2898 pitium
174 2850 284 2883 Deum
296 2862 336 2883 an
348 2848 476 2883 insensu
483 2862 513 2881 m
525 2847 681 2882 habituri.
693 2847 890 2894 Praecipiunt
901 2844 1035 2890 quidem
1047 2853 1080 2877 vt
1091 2844 1181 2876 Deus
1199 2850 1371 2890 quaeratur:
1383 2837 1434 2872 sed
1445 2849 1554 2883 neque
1564 2839 1618 2871 via
1628 2835 1785 2870 osteditux
1796 2845 1864 2880 qua

38 2900 205 2947 perueniri
215 2898 254 2930 ad
265 2911 340 2932 eum
353 2895 462 2944 possit,
474 2901 507 2931 δε
521 2893 687 2930 obseratur
698 2897 796 2928 ianua
805 2906 870 2940 qua
880 2891 946 2926 sola
957 2891 1083 2938 ingredi
1096 2889 1225 2924 licebat.
1237 2887 1348 2922 Verbo
1358 2886 1500 2920 fatentur
1512 2884 1683 2919 Christum
1696 2883 1866 2917 mediato-

38 2960 119 2984 rem,
133 2944 184 2979 sed
195 2945 295 2993 reipsa
311 2945 479 2981 sacerdotii
492 2947 561 2979 eius
574 2947 731 2978 virtutem
743 2941 878 2976 abolent
889 2965 898 2979 ,
920 2939 1094 2988 ipsumque
1103 2939 1233 2973 honore
1242 2934 1395 2984 spoliant.
1431 2934 1521 2968 Nam
1533 2935 1577 2967 ita
1588 2931 1795 2966 statuendum
1808 2930 1865 2967 est,

39 2994 212 3030 Christum
224 2995 298 3028 vere
310 2995 524 3049 mediatorem
538 3006 607 3026 non
619 2989 778 3038 cognosci
788 2994 872 3036 quin
885 2992 1047 3023 eximatur
1057 2985 1254 3021 hominibus
1264 2983 1441 3020 dubitatio,
1453 2994 1494 3016 ari
1505 2982 1593 3015 adire
1603 2982 1642 3014 ad
1660 2979 1773 3013 Deum
1785 2976 1865 3012 ne‘c·

40 3058 83 3080 ne
92 3041 170 3090 ipsis
185 3041 292 3076 liceat.
305 3042 445 3091 Alioqui
458 3055 527 3077 non
539 3042 632 3075 staret
645 3041 712 3074 haec
722 3034 1144 3085 consequentia‚Habemus
1155 3031 1352 3068 Pontificem
1365 3034 1424 3078 qui
1439 3032 1478 3064 ad
1491 3042 1552 3064 nos
1566 3029 1733 3063 iuuandos
1742 3026 1867 3060 volun-

41 3094 144 3126 tarius
156 3090 216 3123 est:
239 3103 317 3137 ergo
330 3089 437 3124 secure
451 3095 484 3124 &
513 3092 593 3124 citra
606 3089 706 3122 vllam
726 3086 962 3121 haeiitationem
977 3084 1164 3118 adeundum
1189 3081 1288 3116 nobis
1301 3080 1361 3114 effe
1377 3080 1516 3114 thronum
1526 3080 1599 3111 Dei.
1648 3077 1690 3111 Et
1700 3074 1774 3110 sane
1785 3073 1808 3108 si
1821 3076 1869 3108 ita

41 3138 179 3189 persuasi
190 3135 336 3176 effvmus,
350 3137 521 3174 Christum
533 3137 620 3175 vltro
631 3136 728 3171 nobis
739 3148 878 3169 manum
889 3133 1095 3182 protendere,
1106 3134 1181 3178 quis
1191 3144 1262 3165 non
1274 3129 1407 3177 plenam
1435 3127 1577 3162 adeundi
1590 3123 1742 3159 fiduciam
1754 3125 1872 3156 conci-

41 3195 152 3240 peret?
205 3189 332 3220 Verum
345 3187 497 3234 estigitur
512 3187 603 3233 quod
613 3187 692 3223 dixi,
705 3184 828 3218 Christi
838 3182 1021 3217 sacerdotio
1032 3179 1120 3214 suam
1133 3180 1233 3214 adimi
1244 3180 1402 3212 virtutem
1419 3202 1429 3215 ,
1439 3175 1587 3222 quandiu
1597 3170 1744 3206 haefitant
1757 3171 1874 3205 homi-

41 3251 100 3274 nes
111 3240 146 3271 &
156 3236 246 3269 anxii
258 3233 377 3269 suntin
387 3236 568 3281 quaerendis
581 3232 816 3274 mediantibus
834 3229 943 3277 :quasi
954 3242 1038 3263 vrius
1049 3228 1105 3263 ille
1114 3241 1185 3262 non
1196 3225 1333 3261 sufficiat
1342 3248 1352 3263 ,
1374 3227 1468 3258 cuius
1481 3223 1668 3270 patrocinio
1677 3221 1875 3266 quicunque

42 3286 117 3323 vere
129 3281 254 3319 suffulti
265 3281 338 3317 sunt
348 3283 649 3329 (quemadmodum
661 3281 716 3316 hic
732 3279 910 3327 Apostolus
921 3279 1080 3327 praecipit)
1101 3276 1191 3311 certo
1203 3276 1411 3310 constituunt
1423 3271 1566 3309 exaudiri
1578 3267 1646 3303 suas
1656 3269 1872 3315 preces.Fun-

42 3335 237 3369 damentum
248 3331 348 3366 huius
359 3329 486 3366 fiduciae
497 3331 557 3372 est,
582 3331 674 3377 quod
684 3331 747 3364 Dei
758 3328 900 3363 thronus
919 3340 990 3362 non
1003 3327 1169 3360 maiestate
1180 3323 1268 3358 nuda
1280 3321 1457 3369 insignitur
1467 3331 1539 3365 quae
1549 3329 1612 3353 nos
1623 3314 1874 3365 obstupefaciatz

4 3415 6 3417 ,
42 3382 95 3420 sed
105 3392 242 3424 ornatur
253 3393 347 3416 nouo
359 3378 471 3418 titulo,
481 3392 601 3428 nempe
603 3381 719 3430 gratia,
734 3379 794 3426 qui
804 3374 929 3429 semper
940 3374 1040 3412 nobis
1053 3377 1090 3411 in
1103 3374 1302 3410 memoriam
1310 3371 1422 3406 venire
1432 3367 1527 3405 debet
1541 3368 1609 3413 qui'i
1616 3366 1682 3405 Dei
1691 3361 1872 3413 conspec‘ki‘i
