2268 3705
150 3118 326 3152 amaziae.

153 3235 345 3270 1.ne.r5.d.18.

349 94 389 130 ει
924 78 1657 136 IN‘EPIsT-PAVLi

347 158 552 197 familiariter
561 151 765 206 perspectam
774 153 826 192 res
844 159 921 193 uat?
946 159 1081 206 Semper
1091 160 1183 192 enim
1194 157 1334 191 tenenda
1344 156 1387 190 est
1398 155 1454 190 illa
1463 156 1633 191 distinctio
1641 179 1651 192 ,
1667 156 1753 199 Q
1763 166 1844 201 gens
1857 154 1901 190 est
1910 157 1977 190 tat'n
1988 152 2109 201 inclyta
2121 166 2132 195 '‚
2142 160 2177 192 vii

349 210 429 244 deos
441 205 499 241 fibi
508 210 816 255 appropinquantes
850 204 1036 244 abeat‚s1cut
1047 208 1137 240 Deus
1148 217 1224 240 tuus
1235 206 1333 239 hodie
1342 206 1381 238 ad
1391 215 1424 239 te
1433 204 1597 239 descendit
1607 207 1620 237 ?
1629 205 1716 250 Ergo
1728 215 1801 237 non
1813 202 1869 237 abs
1880 216 1913 237 re
1926 207 2081 250 quaeritur
2091 227 2102 242 ,
2121 217 2178 240 cur

349 269 422 292 non
434 256 532 303 Legis
543 255 730 290 doctrinam
739 267 805 302 qua
814 254 963 288 imbutus
976 265 1042 288 erat
1051 252 1291 299 lsraehsequura
1302 250 1333 286 fu
1339 255 1399 286 erit
1409 254 1572 299 cognitio.
1604 255 1722 285 Primus
1737 252 1783 283 M
1787 253 1847 294 ases
1856 250 1939 285 dicit.
1972 251 2092 285 Probat
2100 247 2179 287 Mo-

349 303 389 339 sss
400 305 606 343 testimonio,
616 305 649 338 Si
658 306 781 338 Gentes
791 304 884 337 Deus
895 303 1008 336 Iudaeis
1021 300 1177 349 praeferat,
1188 303 1223 334 in
1235 314 1274 334 eo
1285 300 1371 334 nihil
1381 298 1441 333 elle
1451 298 1587 334 absurdi.
1604 301 1714 333 Locus
1723 311 1761 332 ex
1771 298 1890 333 celebri
1901 299 1962 333 illo
1973 300 2116 335 Cantico
2126 302 2182 336 de-

353 352 504 401 sumptus
516 353 560 387 est
568 375 579 390 ‚
590 351 648 388 vbi
657 354 748 387 Deus
758 351 872 385 ludatis
890 348 1061 397 perfidiam
1070 348 1269 396 exprobrans
1283 373 1294 388 ,
1310 348 1396 382 hanc
1408 345 1437 381 se
1448 348 1630 382 vindictam
1650 346 1860 394 sumpturum
1869 348 2042 382 denuntiat
2053 371 2064 388 ,
2080 360 2115 383 vt
2126 362 2182 383 eos

351 402 391 436 ad
414 400 615 449 zelotypiam
626 410 788 448 prouocet
802 421 812 436 ‚
823 397 987 432 Gentibus
997 400 1033 431 in
1044 396 1150 438 foedus
1167 398 1324 444 receptis:
1345 398 1424 442 quia
1434 395 1634 429 desciuerant
1646 394 1705 443 ipsi
1715 395 1754 428 ad
1766 393 1901 434 fictitios
1915 396 2012 430 deos:
2034 398 2100 430 Vos
2110 419 2119 433 ‚
2129 400 2183 432 in·-

351 451 428 497 quit
438 471 448 487 ,
467 462 519 484 me
531 448 637 497 spreto
650 453 682 483 &
694 446 824 481 abiecto
834 472 845 487 ,
858 448 909 480 ius
920 458 1032 479 meum
1046 449 1080 479 &
1091 445 1256 479 honorem
1267 444 1309 478 ad
1318 443 1405 478 idola
1415 443 1636 478 transtulistis:
1657 456 1718 490 ego
1729 453 1764 476 vt
1774 443 1860 477 hanc
1871 445 2027 477 iniuriam
2035 442 2183 484 vlciscar,

350 496 494 533 viciffim
512 495 705 532 substituam
717 497 752 529 in
762 493 879 529 locum
898 492 1040 528 vestrum
1053 493 1179 528 Gentes
1189 519 1199 533 ‚
1212 497 1245 527 δε
1257 493 1348 538 quod
1357 492 1516 528 haetenus
1526 491 1621 526 vobis
1633 492 1725 528 dedi,
1745 489 1809 525 illis
1819 490 2042 526 transcribam.
2068 494 2106 526 Id
2124 507 2183 528 au-

352 557 422 582 tem
433 545 499 581 sine
508 544 627 594 populi
637 545 761 578 Iudaici
770 543 909 590 repudio
923 540 992 576 fieri
1002 554 1073 576 non
1085 544 1206 589 potuit.
1214 541 1304 575 Nam
1316 541 1392 574 inde
1401 539 1568 574 aemulatio
1578 542 1671 574 cuius
1682 541 1837 573 meminit
1847 537 1955 574 Moses
1979 562 1989 578 ,
2003 540 2093 586 qubd
2102 554 2184 588 gen-

351 606 421 630 tem
440 593 498 629 sibi
516 594 689 628 constituit
698 593 789 626 Deus
801 603 839 625 ex
852 603 922 625 non
933 601 1047 638 gente,
1070 593 1103 624 δε
1115 602 1246 624 nouum
1257 588 1424 636 populum
1442 589 1480 622 de
1491 587 1600 622 nihilo
1611 585 1739 622 suscitat
1757 609 1767 624 ‚
1789 589 1848 634 qui
1859 586 1973 622 locun-1
1983 589 2069 622 vnde
2085 591 2184 624 ludaei

351 642 481 678 fuerant
498 640 640 690 depulsi,
661 651 802 687 occupet
811 659 821 678 ‚
840 638 1125 686 quemadmodum
1143 636 1259 672 relicto
1271 649 1348 670 vero
1367 638 1441 671 Deo
1453 635 1503 670 illi
1520 634 1550 670 se
1561 636 1658 670 idolis
1678 636 1919 683 prostituerant.
1947 636 2051 682 de
2073 648 2184 673 autem

353 691 477 726 Christi
496 691 640 724 aduentu
650 701 721 723 non
732 687 915 722 defecerant
933 687 1081 721 Iudaeiad
1101 682 1232 720 crassam
1242 684 1334 719 illam
1356 689 1388 719 &
1403 696 1568 719 externam
1588 683 1831 726 idololatriam,
1853 683 1939 718 nihil
1962 686 2000 718 ad
2016 697 2072 718 eos
2088 698 2187 721 excu-
2241 726 2244 733 Δ

351 739 467 775 sandos
477 737 554 773 facit
567 751 575 772 ε
601 737 872 785 quandoquidem
892 732 955 769 suis
966 733 1134 783 figmentis
1151 732 1405 781 profanauerant
1414 744 1525 767 totum
1535 734 1600 767 Dei
1609 732 1756 767 cultum:
1770 733 1840 765 imo
1852 733 1984 766 tandem
1996 734 2107 767 Deum
2126 736 2189 768 Pa-

350 799 434 822 trem
446 789 481 821 in
494 784 629 821 Christo
639 788 814 833 vnigenito
825 782 912 818 Filio
921 782 980 818 fibi
991 782 1195 832 patefaciam
1203 781 1413 829 abnegarunt
1431 794 1438 815 ε
1461 781 1553 827 quod
1562 782 1605 815 est
1615 780 1771 815 Vltimum
1782 776 1960 828 impietatis
1971 793 2086 828 genus.
2111 782 2187 817 Ob-

350 834 440 871 serua
466 836 595 869 Gentem
606 834 737 877 stultam
749 837 787 873 ῤ’
799 846 857 866 non
870 842 995 881 gentem
1012 831 1100 865 idem
1111 829 1218 864 valere
1236 841 1244 864 ε
1266 833 1344 877 quia
1357 841 1444 864 extra
1463 829 1553 877 spem
1565 832 1641 863 vitae
1663 828 1793 863 caelestis
1804 827 1897 862 nulla
1914 829 2047 876 proprie
2063 830 2107 864 est
2122 830 2190 866 ho-

349 886 484 919 minum
503 881 645 918 essentia.
676 882 779 918 Porro
798 883 872 915 vitae
884 882 1021 915 initium
1033 883 1066 913 δ(
1078 881 1176 926 origo
1194 891 1232 913 ex
1241 878 1315 913 luce
1325 873 1399 912 fidei
1408 879 1461 912 est.
1488 882 1603 924 ltaque
1613 875 1789 924 spiritualis
1799 874 1931 911 effentia
1952 889 1989 911 ex
1999 891 2090 912 noua
2099 890 2191 914 crea—

350 934 447 967 tione
457 931 532 966 fluit
543 945 552 965 ι
562 944 632 978 quo
643 929 734 966 sensu
746 929 853 964 fideles
864 940 960 963 vocat
970 927 1089 962 Paulus
1098 929 1162 961 Dei
1175 939 1272 975 opus,
1284 940 1321 960 ex
1330 940 1400 973 quo
1411 927 1551 973 regeniti
1562 923 1594 959 su
1600 934 1636 959 nt
1647 927 1716 960 eius
1727 927 1849 972 Spiritu
1861 946 1871 962 ‚
1892 928 1925 959 &
1937 924 1977 958 ad
1986 927 2056 961 eius
2067 929 2188 975 imagi-

348 993 429 1016 nem
438 980 619 1015 reformati.
640 982 705 1014 iam
715 991 754 1013 ex
762 979 903 1014 nomine
921 976 1076 1012 Stultitiae
1086 975 1279 1023 colligimus
1289 975 1450 1022 quicquid
1459 972 1523 1008 line
1533 975 1597 1008 Dei
1605 973 1706 1009 verbo
1735 973 1865 1022 sapiunt
1874 973 2028 1008 homines
2037 997 2048 1013 ,
2062 988 2187 1011 meram

351 1027 412 1064 effe
425 1031 615 1063 vanitatem.

397 1089 439 1112 20
492 1076 609 1120 lesaias
623 1086 724 1111 autem
733 1073 837 1112 audet,
848 1076 886 1114 ό·
897 1072 996 1116 dicit.)
1045 1075 1222 1121 Qoniam
1232 1072 1297 1107 hoc
1309 1074 1505 1107 vaticinium
1516 1070 1690 1120 aliquanto
1700 1070 1820 1106 clarius
1831 1070 1955 1118 est,qub
1968 1073 2128 1105 maiorem
2139 1083 2188 1106 at·
2236 1067 2249 1109 ,’

349 1128 538 1161 tentionem
550 1124 820 1172 excitet,plenum
830 1121 951 1158 fiducia
961 1121 1020 1157 effe
1030 1121 1179 1170 pra-fatur
1190 1134 1198 1155 :
1208 1120 1269 1155 acsi
1279 1121 1412 1158 diceret,
1422 1121 1504 1155 Non
1516 1119 1653 1167 figurate
1664 1119 1885 1168 nec-perplexe
1894 1119 2092 1167 Prophetam
2112 1119 2191 1156 fuis-

348 1172 380 1209 se
391 1174 585 1221 loquutum‚
599 1171 650 1207 sed
661 1174 768 1220 planis
780 1176 814 1206 &
832 1169 1011 1219 perspicuis
1021 1170 1129 1205 verbis
1138 1171 1301 1204 Gentium
1314 1170 1527 1203 vocationem
1541 1165 1708 1202 afferuiffe.
1735 1171 1820 1216 Qae
1829 1179 1939 1203 autem
1960 1171 2073 1216 paucis
2084 1169 2191 1205 verbis
2245 1195 2247 1198 ι

349 1221 549 1270 interpositis
560 1220 614 1259 hic
635 1218 794 1268 separauit
807 1218 926 1253 Paulus
936 1240 946 1257 ‚
958 1232 1025 1253 vno
1034 1229 1194 1253 contextu
1203 1217 1290 1266 apud
1299 1218 1499 1264 Prophetam
1509 1214 1673 1251 habentur
1683 1219 1788 1264 capite
1803 1220 1851 1262 65.
1865 1229 1892 1251 a.
1904 1228 1928 1250 ιε
1955 1216 2011 1250 vbi
2021 1218 2191 1253 Dominus

348 1282 529 1305 venturum
542 1281 673 1317 tempus
684 1270 890 1315 pronuntiat:
901 1280 970 1314 quo
981 1269 1121 1314 gratiam
1133 1263 1222 1300 suam
1232 1276 1406 1300 conuertat
1419 1266 1458 1299 ad
1468 1264 1590 1299 Gentes
1604 1267 1638 1298 ὅ(
1650 1267 1814 1299 rationem
1825 1266 1932 1300 statim
1945 1263 2192 1312 fiibiungit‚rae-
2234 1271 2259 1302 ..ζ’

349 1320 443 1353 dium
454 1319 673 1363 contumacia:
681 1315 891 1362 Israelis,qua:
900 1318 1005 1350 nimia
1015 1314 1234 1349 diuturnitate
1242 1312 1327 1349 faeta
1338 1312 1395 1348 sibi
1405 1312 1480 1348 effer
1491 1307 1721 1347 intolerabilis.
1731 1312 1784 1348 Sic
1793 1325 1872 1361 ergo
1888 1313 2052 1360 loquitur,
2066 1316 2138 1359 Q
2150 1315 2215 1350 dm.
2230 1302 2259 1345 ἶ·

349 1380 403 1403 me
414 1377 509 1401 antea
519 1376 588 1401 non
601 1363 866 1412 interrogabant,
889 1376 926 1398 ac
935 1376 1062 1398 nomen
1076 1375 1188 1397 meum
1210 1361 1435 1410 negligebant,
1449 1374 1540 1396 nunc
1551 1357 1746 1407 quaefierunt
1758 1362 1835 1409 m’q
1844 1364 2058 1410 (praeteritum
2068 1374 2130 1410 pro
2139 1362 2193 1398 fu-
2248 1378 2261 1401 ,⁴

349 1427 428 1450 turo
439 1415 478 1449 ad
488 1414 710 1452 denotandam
720 1414 871 1446 vaticinii
882 1412 1130 1455 certitudinem)
1141 1413 1199 1458 qui
1210 1424 1343 1445 menon
1354 1409 1541 1458 quaerebant
1553 1435 1563 1447 ‚
1575 1421 1689 1457 praeter
1698 1407 1789 1457 spem
1800 1413 1965 1446 &votum
1976 1412 2190 1446 inuenerunt.

348 1465 424 1499 Scio
435 1464 453 1497 a
462 1460 658 1510 quibusdam
668 1460 832 1496 Rabbinis
847 1462 991 1508 peruerti
1001 1471 1112 1494 totum
1125 1458 1214 1493 h'unc
1224 1457 1414 1497 locum,acs1
1428 1461 1636 1507 promitteret
1645 1458 1738 1492 Deus
1747 1457 1914 1494 facturum
1926 1456 1956 1492 se
1965 1469 2000 1492 vt
2010 1460 2028 1493 a
2038 1456 2093 1493 sua
2104 1459 2194 1495 defe-

351 1514 466 1548 &ione
476 1508 659 1558 resipiscant
670 1510 780 1545 ludaei.
808 1509 869 1542 Sed
880 1508 966 1543 nihil
976 1508 1094 1543 clarius
1107 1508 1151 1542 est
1161 1509 1262 1554 quam
1272 1508 1311 1541 de
1320 1508 1518 1554 alienigenis
1529 1505 1641 1541 haberi
1653 1506 1840 1541 sermonem
1851 1529 1862 1545 ‚
1882 1508 1961 1554 quia
1970 1519 2050 1541 mox
2060 1509 2096 1541 in
2109 1520 2196 1547 conv·
2237 1518 2240 1522 '

348 1556 599 1606 textuJsequitur
610 1584 621 1600 ,
633 1560 731 1595 Dixi,
758 1569 832 1592 ecce
842 1554 954 1592 adsum
965 1556 1094 1606 populo
1104 1558 1139 1590 in
1151 1569 1219 1603 quo
1241 1568 1368 1594 nomen
1379 1568 1491 1601 meum
1502 1568 1572 1589 non
1583 1555 1628 1589 est
1644 1557 1852 1590 inuocatum.
1882 1555 1980 1589 Haud
1991 1554 2089 1590 dubie
2111 1569 2192 1606 ergo
2238 1563 2242 1566 '

348 1607 500 1644 futurum
510 1608 684 1642 denuntiat
693 1605 878 1654 Propheta,
899 1615 935 1640 v't
949 1618 1040 1639 noua
1049 1605 1231 1652 adoptione
1245 1606 1446 1652 recipiantur
1457 1606 1492 1638 in
1503 1605 1568 1638 Dei
1580 1601 1742 1636 familiam
1764 1605 1823 1650 qui
1835 1605 1926 1651 prius
1935 1602 2036 1638 alieni
2055 1602 2194 1642 fuerant.
2239 1636 2242 1640 ,

347 1655 410 1692 Illa
420 1657 463 1691 est
477 1668 556 1704 ergo
568 1656 732 1690 Gentium
743 1656 888 1692 vocatio,
897 1656 932 1694 in
942 1666 1007 1701 qua
1017 1664 1128 1687 tamen
1139 1651 1299 1701 generalis
1309 1664 1406 1700 typus
1419 1651 1524 1686 elucet
1534 1652 1723 1686 vocationis
1735 1663 1893 1686 omnium
1909 1650 2067 1687 fidelium.
2082 1654 2114 1688 Si
2141 1655 2196 1689 ui·-

348 1705 425 1740 dem
434 1717 536 1739 nemo
547 1704 591 1739 est
600 1705 659 1751 qui
670 1704 862 1738 Dominum
876 1704 1071 1750 praeueniat:
1088 1699 1141 1736 sed
1153 1714 1271 1735 omnes
1283 1700 1349 1735 sine
1361 1700 1712 1748 excepti'one,gratuita
1722 1701 1791 1734 eius
1802 1698 2002 1737 clementia,
2027 1700 2044 1735 ὲ
2052 1666 2195 1749 Ρι-οὲῃῃ-

347 1750 476 1788 diffima
490 1754 606 1788 mortis
618 1750 725 1798 abyffo
738 1753 914 1800 eripimur:
926 1749 984 1786 vbi
992 1749 1085 1785 nulla
1095 1752 1164 1784 eius
1175 1750 1328 1798 cognitio
1339 1773 1349 1787 ‚
1369 1748 1505 1784 nullum
1514 1747 1648 1783 colendi
1659 1750 1728 1782 eius
1737 1745 1883 1782 studium
1895 1771 1905 1786 ‚
1922 1747 2036 1783 nullus
2047 1751 2192 1799 denique

347 1803 496 1837 veritatis
507 1803 576 1836 eius
589 1798 707 1836 sensus.
743 1808 745 1810 '
916 1804 919 1808 '
1483 1825 1485 1827 -

398 1861 430 1884 21
479 1853 532 1884 De
542 1849 641 1894 Istae!
648 1860 760 1887 auum,
774 1853 855 1895 &c.)
905 1847 1087 1884 Subiicitur
1097 1845 1197 1883 causae
1207 1847 1359 1885 redditio,
1379 1859 1436 1883 cur
1446 1847 1539 1883 Deus
1549 1847 1589 1881 ad
1600 1849 1723 1882 Gentes
1732 1844 1887 1880 transeat:
1902 1848 1981 1892 quia
1990 1844 2111 1880 scilicet
2121 1858 2195 1894 gra-

351 1900 434 1934 tiam
445 1897 536 1933 suam
544 1899 632 1932 videt
641 1900 727 1933 inter
737 1899 862 1934 ludaeos
873 1895 932 1932 effe
943 1896 1099 1932 ludibrio.
1120 1897 1181 1931 Sed
1190 1909 1258 1943 quo
1271 1895 1388 1931 mel-ius
1399 1895 1589 1943 intelligant
1599 1895 1750 1932 lectores,
1768 1892 1913 1928 secundo
1924 1894 2076 1929 membro
2085 1899 2195 1930 notari

351 1946 472 1996 populi
482 1945 862 1984 excaecationem‚diserte
875 1946 1032 1981 admonet
1039 1944 1160 1980 Paulus
1172 1944 1279 1980 electo
1289 1944 1419 1992 populo
1430 1943 1602 1991 exprobari
1612 1942 1701 1978 suam
1711 1942 1886 1978 malitiam.
1904 1943 1959 1977 Ad
1968 1942 2067 1977 verbu
2073 1955 2106 1976 m
2116 1946 2193 1989 quie

354 1997 432 2030 dem
442 1995 495 2029 est.
507 1997 600 2030 Dicit
609 1996 650 2029 ad
661 1988 766 2029 lsrael:
776 1993 826 2030 sed
837 1993 978 2044 phrasim
989 1993 1186 2029 Hebraicam
1199 1995 1348 2027 imitatus
1358 1993 1401 2026 est
1411 1991 1623 2039 Paulus:quia
1632 1985 1652 2021 ¹⁷
1670 1989 1749 2039 saepe
1759 2003 1819 2039 pro
1833 1997 1864 2031 ῐυ
1875 1994 2015 2038 capitur.
2028 1992 2125 2025 Dicit
2134 2004 2193 2026 au—

354 2055 424 2078 tem
437 2041 465 2078 se
476 2043 514 2077 ad
528 2040 675 2077 Israelem
687 2056 805 2078 manus
820 2043 1012 2092 expandere,
1023 2055 1124 2089 quem
1136 2046 1170 2076 &
1180 2040 1281 2076 verbo
1297 2039 1418 2087 assidue
1428 2041 1468 2075 ad
1480 2038 1510 2074 se
1520 2039 1731 2075 inuitabat-6(
1742 2042 1838 2074 omni
1849 2041 2063 2086 benignitatis
2075 2052 2194 2087 genere

355 2091 486 2127 allicere
501 2104 570 2125 non
582 2089 728 2125 cessabat.
739 2093 801 2127 His
813 2094 904 2126 enim
916 2090 1046 2125 duobus
1057 2091 1164 2125 modis
1179 2092 1282 2125 vtitur
1290 2090 1329 2123 ad
1342 2089 1497 2123 homines
1508 2089 1696 2125 vocandos:
1707 2088 1978 2134 quandoquidem
1991 2087 2032 2122 fic
2043 2087 2193 2122 beneuo-

357 2139 496 2175 lentiam
506 2137 572 2174 illis
584 2137 674 2174 suam
683 2140 895 2175 demonstrat.
903 2139 1069 2187 Praecipue
1081 2149 1194 2173 tamen
1203 2139 1240 2172 de
1250 2148 1448 2184 contemptu
1459 2137 1618 2173 doctrinae
1627 2137 1826 2182 conquestus
1837 2137 1892 2173 est,
1902 2138 1960 2182 qui
1972 2149 2012 2170 eo
2023 2138 2127 2183 magis
2136 2137 2194 2170 de·
2229 2127 2242 2135 ”

357 2187 513 2224 testabilis
524 2187 579 2228 est,
591 2200 659 2234 quo
670 2187 828 2236 infignins
836 2199 1006 2236 paternam
1017 2184 1264 2221 solicitudinem
1277 2188 1377 2220 exerit
1388 2185 1491 2222 Deus,
1503 2185 1604 2220 verbo
1615 2185 1653 2218 ad
1664 2183 1692 2219 se
1704 2185 1860 2219 homines
1871 2185 2090 2218 inuitans.1Ac
2102 2183 2193 2219 valde

358 2236 546 2285 emphatica
556 2233 713 2282 loquutio
722 2237 816 2275 est‚eu
823 2249 856 2270 m
869 2248 986 2270 manus
998 2235 1190 2283 expandere:
1201 2237 1279 2282 quia
1287 2233 1424 2269 salutem
1435 2234 1578 2268 nostram
1590 2246 1646 2281 per
1659 2232 1750 2266 verbi
1762 2230 1809 2266 sui
1821 2232 1988 2266 ministros
1999 2243 2192 2280 procurans,

357 2298 430 2320 non
442 2282 532 2319 secus
542 2296 658 2318 manus
670 2285 767 2320 nobis
780 2284 1038 2333 porrigit‚quam
1049 2282 1071 2318 si
1083 2285 1175 2318 Pater
1184 2283 1305 2317 filium
1315 2284 1443 2329 gremio
1452 2280 1572 2315 blande
1583 2283 1729 2329 excipere
1741 2279 2017 2327 paratus,brachia
2026 2284 2127 2314 etiam
2137 2293 2193 2315 ex-

357 2333 515 2368 tenderet.
553 2330 704 2415 ngtidie
714 2344 825 2368 autem
835 2334 915 2367 dicit
932 2346 940 2366 z
951 2346 993 2367 ne
1004 2334 1058 2366 cui
1070 2334 1193 2366 mirum
1203 2332 1350 2365 videatur
1358 2354 1368 2368 ‚
1379 2329 1402 2364 si
1412 2329 1607 2377 defatigatus
1619 2329 1654 2363 fit
1665 2329 1729 2364 illis
1738 2327 1976 2363 benefaciendo
1988 2351 1997 2365 ‚
2008 2341 2114 2375 quum
2125 2327 2193 2377 ipsa
2239 2323 2246 2365 ,ζ

358 2378 540 2417 affiduitate
552 2384 587 2414 ni
615 2379 636 2414 il
652 2380 834 2428 proficeret.
851 2380 972 2416 Eadem
985 2381 1030 2415 est
1039 2379 1142 2427 figura
1151 2393 1217 2426 que
1227 2378 1364 2414 habetur
1373 2379 1460 2426 apud
1468 2380 1639 2412 leremiam
1650 2380 1836 2425 7.cap.13,&
1848 2375 2015 2420 11.b.7:vbi
2024 2379 2070 2411 ait
2079 2375 2110 2411 se
2120 2390 2191 2412 ma-

359 2443 402 2465 ne
411 2426 573 2464 surrexiil'e
584 2439 618 2462 vt
628 2427 705 2463 illos
714 2430 915 2464 admoneret.
938 2428 1041 2463 Porro
1050 2427 1181 2463 duobus
1189 2425 1362 2475 aptiffimis
1374 2426 1570 2461 nominibus
1581 2425 1755 2460 infidelitas
1766 2422 1960 2472 designatur.
1973 2425 2107 2472 Siquid&
2117 2438 2192 2473 pat-

359 2479 517 2525 ticipium
526 2475 693 2510 drasam
707 2489 830 2512 vertere
839 2477 919 2512 libet
928 2475 1137 2512 Praefractam
1148 2487 1203 2511 aut
1213 2474 1379 2510 rebellem.
1389 2487 1497 2521 neque
1507 2476 1596 2508 tame
1604 2474 1724 2508 Erasmi
1736 2478 1771 2509 &
1781 2475 1908 2507 Veteris
1917 2475 2104 2521 interpretis
2114 2473 2192 2508 tris-

358 2524 441 2561 latio
452 2524 580 2573 prorsus
589 2522 749 2574 displicet,
760 2538 859 2572 quam
871 2526 910 2559 ad
920 2527 1104 2573 marginem
1121 2522 1270 2572 apposui.
1313 2524 1374 2558 Sed
1385 2535 1490 2570 quum
1499 2522 1662 2570 Propheta
1674 2523 1864 2570 peruicaciae
1875 2521 2040 2568 populum
2052 2521 2190 2560 accuset,
2238 2535 2244 2553 s

358 2574 477 2609 deinde
486 2573 579 2608 addat
590 2575 700 2608 Errare
712 2586 769 2621 per
779 2576 845 2608 vias
857 2587 926 2608 non
935 2572 1040 2608 bonas
1051 2599 1060 2613 ‚
1073 2586 1143 2607 non
1152 2571 1270 2607 dubito
1282 2574 1365 2618 quin
1376 2573 1507 2605 Graecus
1517 2573 1676 2618 interpres
1696 2569 1898 2609 Hebraicum
1915 2578 1992 2605 *mn
2009 2571 2192 2617 exprimere

359 2620 506 2656 voluerit
518 2620 643 2656 duabus
653 2622 803 2659 vocibus,
812 2621 979 2669 populum
990 2622 1245 2668 immorigerum
1253 2632 1310 2654 aut
1319 2618 1475 2654 rebellem
1487 2619 1631 2666 primum
1642 2617 1899 2653 vocanszdeindc
1908 2618 2192 2653 contradicentem

358 2671 438 2718 quia
448 2671 483 2704 in
493 2681 533 2703 eo
545 2666 574 2703 se
586 2670 733 2717 prodidit
742 2672 954 2705 contumacia
963 2693 974 2707 ,
993 2669 1084 2715 quod
1093 2667 1239 2718 populus
1251 2669 1419 2703 indomito
1432 2665 1512 2702 fastu
1525 2671 1559 2703 ὃ(
1577 2666 1794 2702 amarulentia
1803 2663 1927 2700 sanctas
1949 2665 2191 2714 Prophetarum

358 2719 565 2754 monitiones
575 2717 734 2754 obstinate
746 2716 875 2766 respuit.

1164 2814 1295 2848 CAP.
1344 2814 1421 2848 XI.

357 2889 527 2992 Duo
534 2890 753 2946 igitunNum
761 2884 882 2929 abiecit
888 2894 985 2927 Deus
989 2885 1148 2944 populum
1151 2883 1258 2939 ficum
1269 2888 1286 2923 ?
1304 2884 1409 2941 Absit.
1421 2888 1560 2928 Etenim
1571 2899 1627 2942 ego
1638 2886 1788 2939 Israelita
1787 2885 1881 2940 fiam,
1893 2900 2068 2942 exgenere
2080 2884 2190 2926 Abra-

472 2942 624 2991 hae,tribu
633 2946 828 2984 Beniamin.

414 3014 435 3040 2
492 3007 582 3050 Nqn
591 2998 714 3040 abiecit
729 2997 1090 3056 Deuspopulumfiaum
1100 3012 1201 3053 quem
1203 3002 1435 3053 precognouit.
1455 3004 1512 3038 An
1518 2995 1651 3050 nescitis
1658 3000 1696 3036 in
1711 2997 1788 3038 Elia
1797 2998 1886 3052 quid
1893 3001 2059 3053 Scriptura
2068 2996 2161 3037 dicat
2169 2999 2192 3038 ,θ’

359 3056 523 3113 quomodo
530 3056 671 3112 appellet
682 3063 795 3094 Deum
803 3053 965 3109 aduersus
974 3055 1216 3110 lfi‘ael,dicens‚

419 3128 435 3165 3
496 3109 842 3166 Domine‚1’rophetas
851 3122 926 3150 tuos
935 3112 1136 3156 occiderunt,
1148 3110 1188 3156 ό·
1198 3110 1321 3151 altaria
1331 3119 1391 3149 tua
1402 3109 1635 3157 dirummg&
1645 3124 1700 3166 ego
1711 3106 2034 3163 relibJusfitmfhlus,
2046 3110 2086 3158 ῤ’
2098 3124 2188 3166 ψω-

361 3180 606 3209 runtammam
616 3181 738 3207 meam.

419 3240 446 3274 4
499 3225 566 3264 Sed
571 3223 659 3278 quid
664 3221 748 3262 dicit
755 3225 786 3262 ei
797 3222 997 3262 oraculum?
1009 3219 1188 3278 Reseruaui
1196 3219 1284 3261 mihi
1291 3221 1351 3282 ipsi
1350 3221 1479 3278 septem
1489 3220 1602 3261 millia
1608 3223 1838 3275 ‘virorumque'
1845 3219 2190 3278 nonflexeruntgenu

363 3281 434 3320 ima
455 3283 506 3320 im'
515 3280 609 3319 Baal.

420 3296 455 3385 ,lg
497 3340 551 3376 Sic
561 3348 635 3392 ergo
648 3335 689 3384 ά·
699 3332 759 3376 hoc
768 3346 925 3394 tempore,
934 3331 1276 3391 reliquiaeficnndum
1284 3333 1482 3377 clemonem
1485 3335 1599 3390 gratia
1599 3328 1785 3387 supersunt.

2037 3386 2193 3439 sQa
