2268 3705
578 109 694 155 AD
743 108 1142 156 GALATAS
1214 112 1390 158 CAP·
1441 116 1498 160 V·
1896 136 1954 169 ‚339-

121 181 368 218 vmansuetudini
382 175 592 232 Apostolicae.
604 191 683 212 nam
693 187 729 212 vt
739 176 820 212 salui
830 177 892 213 sint
903 180 1226 227 omnesoptandum
1236 179 1367 215 estmon
1379 194 1459 228 ergo
1471 193 1505 216 vt
1523 183 1659 230 quisqui
1670 198 1783 234 pereat.
1804 190 1961 238 Respoffi

123 232 234 270 deond
246 241 361 265 verum
372 227 432 262 esse
441 227 524 261 dum
537 225 693 261 homines
708 223 922 274 respicimus:
933 240 1011 261 nam
1022 231 1180 263 omnium
1191 226 1273 263 salus
1281 228 1348 263 fine
1357 233 1551 277 exceptione
1561 234 1660 267 nobis
1672 248 1689 267 a
1698 237 1772 270 Deo
1782 249 1958 276 commen-

122 280 225 314 datur:
231 277 514 326 quemadmodum
530 286 590 322 pro
599 276 742 322 peccatis
752 276 857 312 ton'ns
867 277 984 310 mundi
995 275 1100 324 passus
1111 276 1155 311 est
1165 275 1382 312 Christus:led
1393 277 1430 312 fit
1440 281 1606 315 interdum
1617 293 1652 314 vt
1661 285 1722 328 piae
1732 297 1856 320 mentes
1869 301 1956 323 extro.

119 328 297 363 hominurn
309 322 607 360 considerationem
625 321 820 375 efferaqgur:
841 323 922 357 dum
932 322 1054 367 scilicet
1065 327 1237 360 intuentur
1254 327 1319 360 Dei
1337 326 1479 373 gloriam
1492 330 1526 361 &-
1538 328 1661 363 Christi
1671 342 1822 376 regnum.
1861 335 1952 371 Nam

120 386 246 422 quanto
258 373 459 422 praestantior
469 372 516 406 est
523 372 587 405 Dei
599 370 704 419 glo&
716 371 897 406 hominum
910 370 1118 409 salutessanto
1128 375 1163 408 in
1173 373 1220 408 sui
1231 384 1380 408 amorem
1391 387 1428 409 ac
1439 375 1580 410 studium
1592 376 1691 412 altius
1702 390 1811 425 rapere
1819 395 1881 417 nos
1894 385 1948 418 de-

120 424 192 458 bet:
205 426 250 457 ita
260 420 297 455 lit
309 432 343 455 vt
355 423 390 456 in
400 420 542 468 gloriam
553 419 621 454 Dei
631 419 901 468 promouendam
912 422 1034 454 intenti
1044 419 1153 456 fideles
1165 447 1174 460 ,
1184 423 1300 467 mundi
1314 426 1346 456 Sc
1358 423 1540 459 hominum
1550 425 1949 476 obliuiscanturzidcoque

118 472 360 508 mahometum
373 469 537 503 mundum
547 468 796 514 interite‚qu{rn
807 467 960 502 decedere
970 467 1094 515 aliquid
1105 468 1218 516 glori-x
1228 471 1302 504 Dei.
1316 472 1377 505 Sed
1388 475 1639 508 meminerimus
1652 486 1769 510 votum
1781 478 1855 511 inde
1866 478 1948 514 illud

119 517 355 565 manare-,quod
364 515 464 551 auersi
475 517 494 551 a
505 517 710 562 cogitatione
722 515 917 553 hominum,
927 514 1025 550 defixi
1036 515 1109 551 sunt
1122 521 1158 552 in
1167 515 1274 551 solum
1286 520 1408 553 Deum.
1442 522 1489 557 Ita
1499 521 1698 557 crudelitatis
1718 524 1866 559 damnari
1877 541 1947 563 non

117 565 325 616 potest‚quas1
337 576 463 614 pugnet
474 577 550 600 cum
561 564 846 612 charitatezdeinde
854 562 877 598 fi
886 577 963 599 curn
976 577 1046 599 vno
1054 565 1193 601 homine
1205 565 1255 600 vel
1265 569 1378 613 paucis
1387 580 1619 615 comparamus
1630 570 1946 619 Ecclesiam:quanto

119 615 296 650 interuallo
306 614 372 649 haec
384 606 661 661 praeponderahit?
679 611 832 648 Crudelis
843 614 934 647 enim
945 613 1176 651 misericordia,
1190 627 1262 660 qua:
1272 614 1448 650 hominem
1459 630 1565 652 vnum
1576 621 1640 653 toti
1653 619 1799 658 Ecclesiae
1809 622 1946 669 praefert:

117 664 215 699 video
227 662 267 698 ab
276 675 340 698 vna
350 672 440 710 parte
450 673 585 708 gregem
600 661 744 695 Domini
762 663 821 707 qui
828 660 1032 709 periclitatur
1043 675 1051 695 :
1062 662 1159 697 video
1171 664 1325 709 eregione
1336 662 1455 710 lupum
1465 687 1476 702 ,
1497 667 1619 702 Satanae
1631 666 1791 703 instine‘tu
1800 669 1947 717 'grallari-

119 724 188 747 tem
199 725 207 746 ι
218 724 259 747 an
270 723 340 746 non
350 710 496 745 Eccleliae
512 720 589 744 cura
608 707 650 743 fic
662 707 831 742 absorbere
850 719 956 744 totam
976 722 1083 744 meam
1093 712 1334 758 cogitationem
1347 710 1444 746 debet
1453 735 1463 749 ‚
1475 724 1510 746 vr
1519 717 1587 748 eius
1602 713 1735 751 salutem
1757 716 1829 765 lupi
1844 722 1945 756 exitio

118 760 237 796 redimi
257 761 410 807 cupiam?
427 757 547 804 Neque
557 768 668 792 tamen
678 756 744 791 hoc
755 757 860 791 modo
868 770 1061 805 quenquam
1072 757 1173 793 velim
1182 759 1347 806 perditum
1359 773 1367 793 z
1382 757 1434 794 sed
1451 761 1597 797 Ecclesiae
1610 776 1703 798 amor
1715 768 1748 799 Sc
1767 765 1946 804 solicitudo

120 823 174 845 me
184 810 268 857 rapit
277 806 368 854 quafi
377 809 412 841 in
421 804 564 846 ecstasin,
572 817 608 851 ’μ
617 804 703 840 nihil
713 804 802 839 aliud
813 817 935 840 curem.
956 807 1072 841 Nemo
1082 809 1183 854 igitur
1191 819 1287 842 verus
1299 810 1360 842 erit
1380 807 1526 844 Ecclefiae
1544 809 1653 847 Pastor
1665 834 1675 848 ,
1687 815 1747 859 qui
1762 827 1834 849 non
1845 814 1945 854 simili

120 858 194 900 zdo
202 856 320 892 ardeat.
329 854 394 890 Vbi
405 853 566 893 transtuli,
583 854 650 902 Q
658 866 714 888 vos
723 852 909 891 conturbant,
919 853 1057 889 verbum
1069 857 1182 890 Graecfi
1192 881 1202 895 ‚
1213 857 1265 889 De
1275 857 1374 903 gradu
1387 857 1441 892 vel
1449 857 1488 892 de
1500 858 1582 894 statu
1591 859 1764 898 dimouere
1771 861 1944 909 significat:

120 904 346 954 amplificandi
355 902 436 940 veto
446 900 539 938 causa
550 900 767 953 interposuit,
778 903 884 937 Etiam
893 925 904 940 ‚
913 905 1050 952 cupiens
1063 916 1136 939 non
1147 903 1252 939 solum
1263 917 1319 940 eos
1333 904 1410 941 loco
1423 907 1520 940 deiici
1529 933 1540 947 ,
1553 905 1605 941 sed
1615 906 1743 955 prorsus
1753 909 1897 947 abscindi
1908 917 1946 950 δε

120 953 264 990 resecati.

176 1049 206 1086 13
263 1041 333 1074 Vos
341 1038 486 1076 enimin
495 1032 688 1075 libertatem
696 1038 812 1075 vocati
826 1032 1050 1090 estufiatres:
1065 1029 1206 1075 tamum
1215 1049 1260 1076 ne
1268 1033 1465 1080 libertatem
1475 1041 1514 1079 in
1524 1037 1723 1096 occasionem
1732 1037 1820 1082 detis
1831 1046 1944 1083 carm}

109 1089 582 1149 sedpercharitatemse‘ruite
591 1089 690 1131 vobis
700 1095 862 1131 inuicem.

175 1163 217 1200 14
272 1153 381 1198 Ἄρηι
388 1158 459 1187 tota
477 1154 558 1189 Lex
574 1152 616 1189 in
625 1161 698 1189 vno
710 1145 819 1187 verbo
836 1147 1039 1202 completur,
1056 1159 1214 1204 nempe)
1226 1148 1286 1189 hoc
1296 1178 1308 1195 ‚
1323 1151 1461 1205 Diliges
1467 1155 1669 1207 proximum
1676 1153 1864 1209 'tuumse'rut
1872 1164 1943 1197 te)

119 1223 134 1250 ι
169 1221 237 1246 um·

127 1204 209 1315 Ρζῐς
272 1260 385 1317 de
390 1261 425 1316 fi
434 1260 522 1302 alius
531 1261 642 1301 alium
649 1261 796 1318 victsstm
803 1258 966 1300 mordetu-
980 1258 1020 1308 ἀ·
1029 1258 1203 1302 deuoratu
1220 1290 1233 1308 ,
1246 1263 1406 1304 videto)
1416 1277 1462 1302 ne
1471 1264 1617 1318 vicisst'm
1632 1265 1722 1306 alius
1731 1265 1775 1307 ab
1789 1268 1860 1310 atio
1866 1279 1946 1305 con.

135 1333 316 1362 umamtm.

9 1422 12 1427 Ι
110 1318 149 1376 s
170 1383 210 1415 16
263 1379 350 1416 Dico
359 1377 616 1430 autem‚.50iritu
625 1370 813 1413 ambulate.-
826 1371 866 1419 ά
877 1366 1173 1428 concupsstentiam
1187 1373 1299 1414 carmi
1310 1375 1575 1428 nonperficieta‘r.

0 1435 18 1481 ξ
172 1446 214 1483 17
271 1437 378 1481 Ἄρνη
386 1445 462 1469 caro
469 1428 662 1486 concupiscit
671 1427 830 1484 aduersus·
839 1433 1002 1483 Spiritum
1013 1445 1020 1466 :
1033 1432 1172 1483 Spiritus
1180 1442 1298 1471 autem
1307 1430 1468 1485 aduetsiu
1478 1445 1628 1472 carnem.
1646 1431 1710 1473 haec
1720 1436 1840 1478 mmuh
1852 1438 1948 1478 inter·

109 1485 151 1543 fi
159 1487 407 1543 aduersantur:
423 1497 471 1526 vt
479 1501 549 1526 non
557 1499 766 1541 quacunque
775 1485 1099 1531 volt1eritzsss,eadem
1107 1484 1256 1537 ficiam.

175 1545 214 1583 18
278 1539 423 1600 defi
428 1548 555 1599 Spiritu
565 1542 744 1588 ducimini,
753 1556 824 1583 non
835 1539 979 1598 esthfieb
990 1549 1136 1599 Legw.

167 1641 199 1678 13
245 1633 313 1666 Vos
321 1631 564 1671 inlibereatem.)
579 1629 686 1664 Nunc
695 1629 853 1666 admonet
860 1628 1003 1678 qualiter
1011 1628 1162 1665 libertate
1172 1628 1210 1665 fit
1219 1631 1391 1667 Vtendum.
1412 1632 1590 1670 docuimus
1608 1637 1644 1670 in
1653 1636 1762 1684 priore
1773 1628 1812 1670 ad
1822 1636 1947 1672 Corin⁴

118 1679 311 1722 thios‚aliud
320 1678 380 1714 effe
388 1678 674 1716 libertatem,aliud
687 1677 786 1725 ipsius
796 1677 901 1713 vsum:
912 1690 989 1714 nam
998 1678 1129 1714 libertas
1140 1681 1175 1713 in
1185 1676 1387 1715 conscientia
1397 1682 1634 1730 est,Deurnque
1644 1683 1790 1731 respicit:
1804 1683 1877 1720 vsus
1890 1695 1949 1719 auv'

118 1740 188 1764 tem
198 1726 289 1764 estin
299 1726 394 1763 rebus
404 1728 595 1767 externis‚&
606 1728 785 1773 negotium
793 1726 892 1762 habet
902 1739 980 1762 cum
989 1727 1274 1765 hominibus,non
1283 1740 1362 1763 cum
1374 1726 1444 1764 solo
1453 1731 1539 1765 Deo.
1556 1732 1734 1779 Postquam
1745 1745 1824 1782 ergo
1833 1733 1948 1767 hortas·

118 1788 172 1813 tus
181 1775 364 1811 estGalatas
380 1790 422 1812 ne
432 1786 620 1823 paterentur
630 1778 812 1821 quicquam
823 1775 959 1811 delibari
968 1788 1006 1811 ex
1016 1773 1070 1811 sua
1079 1774 1241 1814 libertate,
1251 1789 1342 1812 nunc
1353 1776 1445 1812 iubet
1455 1800 1467 1817 ‚
1478 1781 1514 1818 in
1524 1777 1579 1816 vsu
1595 1781 1785 1817 moderatos
1796 1779 1867 1816 effe.
1879 1783 1948 1815 Re-

117 1823 233 1873 gulam
243 1823 344 1872 porto
355 1823 497 1873 legitimi
509 1822 582 1858 vsus
591 1822 822 1871 praescribit,ne
833 1827 868 1859 in
879 1834 1073 1873 praetextum
1083 1823 1134 1860 vel
1145 1823 1316 1859 occasione
1324 1825 1467 1863 licentiae
1477 1838 1632 1869 vertatur.
1642 1829 1764 1876 Neque
1775 1832 1866 1864 enim
1877 1841 1947 1863 car-

116 1875 154 1908 ni
163 1873 237 1907 data
245 1871 291 1907 est
300 1871 433 1907 libertas
442 1899 453 1915 ,
462 1885 534 1920 quae
543 1874 657 1920 potius
669 1869 727 1906 sub
738 1874 818 1919 iugo
828 1875 932 1908 teneri
942 1875 1074 1920 captiua
1085 1872 1190 1907 debet:
1200 1871 1251 1907 sed
1261 1871 1428 1920 spirituale
1438 1876 1481 1910 est
1492 1875 1734 1917 honum‚cuius
1744 1877 1873 1915 tantum
1885 1878 1947 1926 piae²

117 1933 246 1957 mentes
255 1919 330 1956 sunt
340 1933 483 1969 capaces.
539 1919 658 1968 Sedper
669 1920 872 1955 charitatem.
907 1922 1053 1968 Exponit
1063 1923 1228 1956 rationem
1247 1924 1465 1969 temperandae
1482 1923 1641 1961 libertatis
1653 1948 1663 1962 ‚
1675 1938 1716 1960 ne
1727 1928 1762 1959 in
1775 1925 1896 1972 vagum
1908 1931 1945 1960 δε

115 1967 328 2006 licentiofixm
338 1968 474 2005 abusum
485 1967 612 2004 diffluat
626 1981 766 2016 :nempe
777 1968 798 2003 si
809 1980 938 2016 tegatur
946 1971 963 2003 a
971 1968 1137 2003 charitate.
1171 1971 1427 2008 Meminerimus
1439 1970 1564 2019 semper
1574 1985 1665 2008 nunc
1679 1971 1785 2020 ipsum
1797 1978 1946 2015 traetare,

117 2031 190 2054 non
203 2019 378 2064 quomodo
390 2017 488 2053 simus
497 2018 573 2052 cora
581 2018 655 2051 Deo
666 2016 761 2051 liberi
770 2043 781 2057 ,
791 2016 841 2051 sed
854 2018 1030 2064 quomodo
1050 2016 1202 2069 vsurpare
1211 2016 1394 2052 libertatem
1407 2021 1552 2055 nostram
1562 2020 1659 2056 liceat
1669 2023 1753 2058 inter
1774 2022 1942 2060 homines:

117 2078 197 2102 nam
209 2063 411 2100 conscientia
419 2069 507 2101 recta
515 2078 586 2100 non
596 2065 741 2099 admittit
751 2065 854 2099 vllam
863 2063 1052 2100 seruitutem
1063 2078 1072 2099 ι
1083 2065 1135 2101 sed
1144 2064 1218 2099 vsus
1228 2069 1353 2100 externi
1362 2064 1499 2102 seruitus
1517 2067 1568 2103 vel
1577 2068 1772 2105 abstinentia
1781 2070 1868 2104 nihil
1881 2070 1941 2104 ha-

116 2115 172 2151 bet
205 2112 331 2148 eticuli.
356 2116 492 2149 Summa
503 2116 603 2161 igitur
615 2113 658 2147 est
667 2137 677 2151 ‚
689 2113 877 2148 sichatitate
886 2114 1064 2150 seruiamus
1075 2113 1329 2150 nobisinuicem
1338 2136 1348 2152 ‚
1371 2128 1432 2149 nos
1443 2115 1671 2154 aedificationis
1682 2120 1846 2152 rationem
1858 2117 1943 2152 scm‘-

116 2175 173 2212 pet
182 2127 353 2196 habituros
363 2175 372 2196 ι
382 2164 427 2196 ita
437 2160 535 2196 fietvt
545 2165 617 2196 no'n
626 2159 899 2200 lasciuiamus‚sed
909 2164 1011 2209 gratia
1019 2163 1084 2196 Dei
1093 2173 1223 2199 Vtamur
1235 2165 1270 2196 in
1281 2165 1350 2197 eius
1360 2163 1575 2201 honorenh&
1589 2162 1724 2200 salutem
1735 2168 1863 2214 proxim
1869 2171 1941 2201 orti.
1970 2182 1973 2184 “

162 2221 204 2256 14
243 2210 285 2244 N
285 2223 336 2244 am
345 2221 407 2244 eota
418 2214 518 2249 Lex.)
556 2209 786 2244 subaudienda
795 2211 838 2245 est
849 2213 946 2245 tacita
956 2209 1122 2245 antithesis
1133 2212 1218 2245 inter
1228 2210 1314 2246 hanc
1323 2211 1415 2245 Pauli
1428 2212 1692 2248 exhortationem
1705 2219 1738 2248 ὅ(
1750 2216 1940 2249 doctrinam

117 2256 467 2306 pseudoapostolorum
479 2270 576 2293 :nam
587 2270 691 2304 quum
702 2257 750 2292 illi
760 2256 835 2293 solis
843 2260 1049 2293 caeremoniis
1059 2257 1238 2293 insisterent
1247 2281 1258 2296 ‚
1269 2259 1387 2294 Paulus
1399 2259 1454 2294 hic
1465 2260 1572 2299 obiter
1584 2262 1770 2309 perstringit
1793 2275 1865 2309 quae
1875 2262 1939 2298 smt

117 2319 192 2340 vera
201 2306 465 2342 Christianorum
477 2304 588 2341 officia
600 2311 633 2341 δε
647 2309 808 2341 exercitia.
817 2307 894 2341 Huc
903 2309 1004 2354 igitur
1014 2303 1135 2354 spe-&at
1142 2305 1281 2355 praesens
1289 2308 1456 2348 charitatis
1465 2310 1763 2349 commendatio,vt
1773 2311 1938 2359 intelligat

117 2354 238 2389 Galatae
248 2357 449 2402 praecipuum
460 2354 653 2390 Christianae
663 2354 875 2402 perfedkionis
895 2366 993 2402 caput
1004 2357 1039 2390 in
1051 2368 1087 2389 ea
1098 2354 1195 2390 litum
1206 2353 1276 2390 effe.
1315 2357 1377 2391 Sed
1387 2358 1567 2394 videndum
1591 2359 1634 2394 est
1642 2370 1699 2393 cur
1711 2362 1827 2395 onmia
1837 2360 1935 2407 Legis

115 2413 277 2451 ptaecepta
287 2402 344 2437 sub
352 2402 508 2438 charitate
518 2403 796 2450 comprehendat:
813 2416 918 2449 quum
930 2405 996 2437 Lex
1006 2404 1131 2438 constet
1142 2402 1269 2438 duabus
1278 2404 1417 2445 tabulis,
1434 2418 1575 2455 quarum
1586 2409 1676 2453 prior
1685 2408 1781 2442 docet
1791 2407 1830 2441 de
1840 2410 1935 2443 cultu

114 2453 180 2486 Dei
193 2455 225 2486 &
239 2453 367 2498 pietatis
377 2449 514 2486 officiis:
526 2450 624 2486 altera
635 2463 757 2489 autem,
768 2452 809 2485 de
819 2452 993 2489 charitate:
1003 2464 1081 2486 nam
1095 2451 1270 2487 absurdum
1281 2453 1325 2487 est
1336 2466 1372 2489 ex
1383 2466 1474 2501 parte
1483 2460 1594 2491 totum
1606 2454 1719 2489 facere.
1730 2456 1878 2501 Qidam
1890 2460 1936 2491 ita

114 2497 379 2547 effugiunr,nihil
389 2499 477 2535 aliud
487 2502 584 2535 etiam
597 2502 632 2534 in
641 2502 750 2548 priore
760 2498 870 2533 tabula
879 2500 1076 2547 tradi‚quam
1086 2511 1121 2536 vt
1130 2502 1241 2536 Deum
1253 2499 1430 2548 diligamus
1440 2515 1476 2536 ex
1487 2513 1562 2537 toto
1573 2504 1681 2538 corde:
1695 2505 1806 2538 verum
1818 2503 1933 2540 diserte

75 2550 78 2553 “
113 2548 234 2583 Paulus
242 2549 396 2595 exprimit
403 2547 595 2582 charitatem
606 2560 681 2594 erga
692 2550 873 2596 proximos.
884 2548 1055 2594 quaerenda
1069 2550 1173 2598 igitur
1185 2548 1247 2583 alia
1259 2547 1530 2587 firmiorsolutio.
1568 2553 1679 2586 Fateor
1690 2555 1843 2600 pietatem
1857 2566 1933 2601 erga

114 2596 230 2631 Deum
242 2619 251 2633 ‚
262 2595 397 2630 fratrum
408 2596 558 2630 charitati
568 2598 722 2644 praestate:
734 2595 874 2642 ideoque
884 2598 1002 2643 prioris
1012 2594 1129 2632 tabulae
1139 2597 1404 2633 obseruationem
1422 2598 1524 2646 pluris
1534 2597 1604 2633 fieri
1616 2612 1727 2634 coram
1740 2602 1817 2639 Deo
1830 2603 1933 2647 quam

113 2643 270 2680 secundae.
284 2658 286 2660 ·
301 2645 361 2678 Sed
372 2646 473 2692 pietas
483 2656 531 2679 tes
541 2646 585 2679 est
595 2646 635 2679 ab
645 2645 827 2679 hominum
838 2642 930 2679 sensu
938 2642 1138 2684 abscondita.
1149 2644 1244 2683 ficuti
1253 2647 1343 2680 Deus
1354 2645 1419 2694 ipse
1429 2647 1473 2681 est
1489 2646 1673 2682 inuisibilis.
1685 2649 1724 2682 ad
1738 2661 1810 2688 eam
1820 2649 1934 2683 testifi-

113 2693 252 2728 candam
261 2695 402 2740 quanuis
413 2693 567 2728 institutae
576 2691 638 2727 sint
648 2695 850 2728 caetemoniae
857 2706 868 2728 z
879 2706 949 2728 non
960 2705 1072 2728 tamen
1081 2705 1169 2729 certa
1177 2692 1250 2729 sunt
1259 2706 1463 2741 argumenta.
1473 2708 1551 2730 nam
1563 2694 1643 2744 saepc
1665 2695 1700 2731 fit
1720 2707 1756 2732 vt
1773 2697 1859 2732 nulli
1869 2697 1931 2732 fint

115 2743 220 2788 magis
233 2742 352 2775 strenui
365 2745 397 2775 Sc
409 2740 525 2775 assidui
536 2743 769 2775 caeremoniari}
778 2741 922 2775 cultores
932 2765 943 2780 ,
959 2743 1060 2788 quam
1071 2741 1261 2789 hypocritae.
1280 2743 1373 2777 Deus
1384 2755 1463 2790 ergo
1473 2746 1735 2791 experimentum
1748 2746 1847 2780 nostri
1858 2758 1935 2792 erga

114 2787 144 2823 se
153 2787 285 2828 affectus
295 2801 408 2836 capere
418 2789 490 2825 vult
499 2801 536 2823 ex
545 2788 685 2824 fraterna
693 2788 850 2825 charitate
857 2812 867 2828 ‚
877 2801 979 2836 quam
990 2790 1110 2825 mutuo
1121 2789 1220 2826 nobis
1229 2792 1452 2825 commendat.
1487 2793 1565 2831 Haec
1575 2795 1661 2829 ratio
1671 2794 1714 2828 est
1725 2805 1782 2828 cur
1792 2793 1930 2829 charitas

113 2848 249 2871 vocetur
256 2839 354 2885 Legis
363 2835 523 2885 perfectio
533 2860 545 2874 ‚
555 2850 624 2872 non
641 2837 697 2872 hic
707 2837 835 2872 tantum
845 2861 855 2874 ,
866 2835 917 2871 sed
928 2840 1026 2872 etiam
1036 2839 1076 2874 ad
1085 2840 1233 2874 Roman.
1244 2839 1345 2884 13.cr8.
1357 2852 1427 2879 non
1438 2842 1516 2890 quia
1532 2840 1704 2876 antecellat
1714 2840 1841 2876 cultum
1853 2843 1929 2880 Dei,

116 2883 168 2919 scd
177 2887 254 2931 quia
267 2885 301 2919 sit
312 2889 380 2920 eius
390 2885 597 2933 approbatio.
610 2889 674 2920 lam
686 2886 752 2920 dixi
764 2887 874 2920 Deum
884 2883 943 2920 effe
954 2885 1166 2921 inuisibilem:
1178 2884 1208 2920 se
1217 2898 1326 2921 autem
1337 2886 1435 2922 nobis
1446 2887 1651 2936 repraesentat>
1662 2892 1697 2923 in
1709 2887 1860 2923 fratribus
1872 2911 1881 2925 2
1893 2893 1929 2931 &-

116 2935 151 2966 in
161 2931 295 2968 illorum
305 2933 443 2981 persona
452 2934 543 2980 quod
553 2932 611 2969 sibi
621 2933 758 2970 debetur
767 2936 877 2982 exigit.
904 2936 990 2982 Ergo
1000 2935 1139 2969 charitas
1150 2946 1225 2982 erga
1232 2934 1387 2972 homines
1398 2949 1469 2970 non
1478 2935 1538 2971 nisi
1548 2950 1585 2971 cx
1595 2932 1759 2971 timore&
1771 2949 1882 2971 amore
1893 2941 1930 2972 δε

115 2982 180 3015 Dei
191 2979 338 3016 nascitur.
348 2994 446 3028 quate
457 2995 528 3021 non
540 2984 660 3016 mirum
674 2982 694 3016 si
706 2982 839 3018 effectus
849 2994 906 3029 pet
916 2979 1284 3026 synecdochen,causam
1294 2985 1388 3021 cuius
1399 2982 1528 3032 signum
1539 2983 1656 3022 est‚sub
1666 2983 1696 3018 se
1707 2984 1931 3031 comprehen-

116 3029 180 3062 dat.
219 3029 388 3076 perperam
405 3030 485 3064 verb
502 3029 598 3065 faciet
617 3029 715 3078 siquis
723 3033 787 3066 Dei
806 3042 953 3064 amorem
974 3028 1095 3078 separet
1111 3030 1152 3065 ab
1168 3030 1349 3067 hominum
1365 3031 1556 3067 dilectione.
1607 3035 1930 3080 ‘Ditigesproxtmum-

115 3077 209 3110 Nam
219 3079 276 3121 qui
286 3076 341 3110 dili
345 3080 594 3124 get‚ynicuique
605 3081 655 3113 ius
666 3078 698 3113 su
705 3092 760 3114 um
769 3079 878 3112 reddet
888 3104 896 3116 ,
909 3081 1039 3113 nemini
1049 3081 1108 3112 erit
1118 3080 1260 3116 iniurius
1269 3091 1324 3114 aut
1337 3080 1472 3115 nocebit
1481 3104 1491 3118 ‚
1501 3079 1682 3116 benefaciet
1691 3081 1799 3126 quoad
1810 3083 1932 3128 poterit

117 3122 286 3158 omnibus.
297 3126 376 3170 quid
385 3136 495 3160 autem
505 3125 593 3160 aliud
603 3138 673 3161 tota
680 3126 790 3162 secuda
800 3125 910 3161 tabula
920 3129 1046 3173 agitur?
1056 3137 1154 3177 atque
1165 3127 1250 3168 hanc
1260 3139 1396 3174 quoque
1406 3131 1569 3162 rationem
1579 3125 1669 3161 affert
1678 3126 1798 3163 Paulus
1808 3129 1847 3162 ad
1861 3131 1936 3163 Ro-··

117 3184 246 3207 manos.
256 3188 261 3192 »
284 3172 385 3207 Porro
397 3172 453 3207 sub
472 3177 613 3209 nomine
632 3177 777 3210 Proximi
789 3174 1119 3226 comprehenduntur
1136 3175 1275 3212 vniuerfi
1285 3175 1450 3210 mortales.
1471 3178 1580 3222 iungit
1590 3177 1680 3209 enim
1702 3188 1762 3209 nos
1773 3188 1934 3211 commu-2

112 3223 165 3256 nis
176 3231 306 3254 natura:
318 3221 599 3266 quemadmodum
610 3224 767 3258 admonet
777 3221 900 3262 lenias,
910 3223 1053 3257 Carnem
1064 3234 1155 3258 tuam
1167 3237 1209 3260 ne
1221 3222 1409 3270 despexeris.
1458 3223 1634 3257 Praesertim
1645 3223 1723 3257 verb
1734 3226 1847 3272 imago
1855 3226 1932 3266 Dei,
1947 3230 2102 3269 lesmflbff.

113 3266 288 3303 vinculum
306 3270 557 3304 coniunctionis
567 3268 806 3307 sacrosanctum
823 3268 882 3304 effe
891 3269 996 3305 debet.
1023 3273 1134 3319 itaque
1147 3271 1202 3307 hic
1210 3274 1308 3305 amici
1322 3275 1354 3311 ὃς
1366 3272 1496 3304 inimici
1513 3269 1687 3304 discrimen
1704 3284 1776 3306 non
1795 3273 1854 3306 est:
1873 3287 1932 3308 ne—
2046 3271 2050 3274 ’

112 3330 178 3364 que
189 3318 280 3351 enim
301 3315 481 3350 hominum
493 3319 688 3364 improbitas
708 3323 759 3354 ius
777 3330 898 3355 naturae
915 3318 1021 3353 delere
1063 3320 1154 3362 otest.
1199 3318 1362 3361 particula
1372 3319 1457 3351 Sicut
1472 3319 1614 3366 teipsum,
1626 3318 1692 3354 hoc
1702 3319 1799 3359 valet,
1813 3333 1931 3366 quem-

16 3379 31 3390 .
111 3364 291 3404 admodum
310 3362 450 3412 quisque
467 3362 585 3402 affeetu
595 3370 700 3404 carnis
719 3365 900 3417 propensus
908 3364 962 3417 ‘est'
972 3367 1016 3404 ad
1045 3381 1062 3403 e
1078 3368 1260 3404 amandum
1276 3391 1287 3409 ‚
1299 3391 1302 3393 -
1314 3369 1358 3403 ita
1369 3364 1466 3409 nobis
1488 3367 1713 3448 commenssari
1727 3369 1828 3421 aDeo
1838 3382 1933 3417 amq.

1667 3438 1673 3447 ι
1723 3426 1754 3460 IJ.
