2268 3705
128 176 176 226 '14
231 171 392 213 Charitas
402 169 495 208 enim
507 168 632 222 Chrssi
640 169 840 221 constringit
845 179 911 206 nos
920 183 930 206 ε
949 166 1142 208 iudicantes
1150 169 1243 209 illud
1249 199 1260 216 ‚
1286 169 1508 225 qnbdfivnas
1513 181 1576 224 pro
1585 170 1743 214 omnibus
1751 179 1903 219 moi-tum

66 232 223 288 ficit,ergo
232 225 440 278 omnessunt
446 229 585 264 mortui.

128 300 158 338 15
215 293 262 334 Et
270 281 409 338 quidem
412 291 475 335 pro
487 278 642 321 omnibus
652 288 803 321 mortuus
813 277 861 332 est
871 295 880 318 :
891 284 938 316 vt
946 282 1010 334 qui
1019 280 1159 326 vinnm,
1169 279 1304 335 pqsthac
1313 296 1383 322 non
1392 280 1453 341 fibi
1461 284 1602 328 vinam,
1608 284 1716 336 fedei
1727 292 1788 340 qui
1788 300 1850 342 pro
1859 302 1898 328 o-

69 340 206 383 mm‘bm
214 349 363 378 mortuus
373 336 426 387 est,
435 336 476 383 ά
487 333 680 387 ῑεβιννεκὲῑ.

125 406 165 437 16
220 402 338 448 Itaque
344 391 545 446 nosposlhac
551 395 725 432 neminem
733 389 1078 444 nouimu'ificundum
1092 405 1237 433 carnem.
1268 395 1459 448 quinetiam
1464 390 1685 450 ssftcm't'dum
1697 409 1831 438 carnem
1840 416 1899 440 no«

65 457 180 494 aimus
189 448 448 503 christum‚iam
460 463 532 487 non
542 449 686 502 amplius
693 452 867 488 nouimus.-

124 523 167 559 17
222 505 370 546 Proinde
378 505 493 560 fiquis
514 507 553 544 in
573 502 704 558 Christo
715 519 809 546 noua
818 504 1025 561 fitrr‘eatura
1045 523 1057 552 5
1078 515 1196 545 vetera
1201 508 1458 559 praeterierunt:
1478 520 1585 550 ecce.)
1601 523 1696 565 ’κομι
1706 509 1808 563 facita
1818 502 1905 566 βηχὶ

64 565 192 606 omnia·

113 660 141 694 13
177 651 448 696 Siueinfiaenimus.)
495 649 573 684 Hoc
583 660 641 697 per
648 647 895 684 conceffionem
909 649 1038 685 dierum
1049 649 1103 685 est.
1119 651 1202 684 Sana
1211 650 1302 683 enim
1322 660 1388 682 erat
1399 649 1556 697 gloriatio
1564 652 1658 688 Pauli
1667 679 1676 692 ‚
1686 653 1736 690 vel
1748 654 1852 691 sobria
1866 660 1902 693 Sc

65 697 300 748 sapientissima
309 697 446 735 insania,
458 695 481 731 fi
491 699 535 730 ita
545 704 660 731 wocare
672 696 762 730 libet:
775 695 824 731 sed
835 700 913 744 quia
923 698 1038 733 multis
1048 698 1217 732 videbatur
1229 700 1372 744 ineptus,
1384 697 1534 745 loquitur
1544 713 1580 734 ex
1593 715 1709 738 eorum
1720 708 1896 752 opinione-g

64 751 146 784 Duo
157 759 267 782 autern
276 745 393 782 affer-it:
403 746 433 781 se
441 757 653 792 nequaquam
663 744 782 779 habere
793 749 956 780 rationem
968 745 1084 788 sui‚sed
1094 747 1160 782 hoc
1170 758 1273 780 vnum
1285 745 1404 780 habere
1415 747 1622 795 propositum
1635 773 1646 788 ‚
1658 763 1690 786 vt
1702 754 1778 788 Deo
1791 758 1824 787 ὃς
1839 756 1902 789 Ec-

65 795 166 832 clesia:
177 793 302 830 seruiat:
319 795 437 829 deinde
447 792 533 828 nihil
544 792 574 828 se
585 795 687 828 vereri
698 794 879 829 hominum
891 797 1191 842 opinionem‚quin
1201 805 1331 842 paratus
1341 793 1377 828 sit
1389 795 1520 835 insanus
1529 796 1789 847 haberi‚perinde
1800 808 1901 849 atque

67 845 174 883 sanus,
186 845 288 879 modi>
297 846 473 891 negotium
483 843 547 877 Dei
566 845 601 877 &
613 840 758 876 Ecclefiae
770 840 907 876 fideliter
917 854 1001 890 agat.
1020 842 1136 878 Sensus
1146 844 1189 880 cst
1199 845 1312 889 igitur,
1323 842 1427 889 Qiod
1439 857 1546 878 meam
1557 848 1781 894 integritatem
1802 855 1901 885 toties

65 892 357 943 praedico,perinde
366 892 399 926 id
407 891 563 925 homines
573 891 736 937 accipient
747 901 781 924 vt
792 889 916 924 volent:
927 904 997 925 non
1009 903 1120 927 tamen
1132 890 1218 925 facio
1231 890 1468 929 mea'causad'ed
1483 894 1593 927 Deum
1604 894 1733 930 tantum
1746 903 1777 932 ἃ
1791 899 1902 933 Eccle-

65 942 145 978 iiam
156 941 262 976 habeo
276 952 340 989 ptae
349 939 468 974 oculis.
479 939 610 973 Paratus
622 950 700 986 ergo
715 936 783 971 sum
796 949 900 973 tacere
913 942 945 973 ὅ(
957 938 1169 988 loq'ui,ptout
1178 941 1241 973 Dei
1254 942 1358 986 gloria
1370 944 1402 974 ὃ(
1416 940 1563 976 Ecclefiae
1574 943 1697 978 v‘tilitas
1708 946 1899 992 postulabit:

65 1004 103 1026 ac
113 989 252 1024 libenter
261 990 364 1036 patiar
376 999 411 1022 vt
421 1000 475 1022 me
489 986 641 1021 insanum
652 987 774 1020 iudicet
787 987 942 1026 mundus,
953 989 1055 1022 modo
1067 1001 1139 1023 non
1149 986 1308 1022 insaniam
1322 987 1472 1025 mihi,sed
1484 991 1571 1024 Deo.
1584 992 1718 1039 Dignus
1729 994 1822 1028 lo‘cus
1832 1008 1904 1029 non

64 1036 296 1074 obseruatione
306 1036 420 1074 modo,
431 1035 482 1070 sed
493 1033 611 1068 affidua
621 1037 721 1068 etiam
733 1036 959 1070 meditatione:
970 1035 1031 1071 nisi
1041 1039 1132 1071 enim
1143 1040 1189 1071 ita
1197 1036 1375 1084 compositi
1385 1040 1506 1072 animis
1517 1041 1649 1083 erimus,
1665 1044 1805 1076 minima
1815 1055 1903 1089 qux-

65 1099 131 1136 que
141 1083 341 1121 offendicula
349 1083 486 1119 subinde
496 1083 535 1117 ab
546 1082 660 1117 officio
671 1096 732 1116 nos
743 1082 916 1118 abducent.
1342 1123 1343 1128 ¹
1571 1112 1574 1116 ,
1668 1123 1670 1126 y

113 1146 156 1180 14
205 1133 350 1168 Charitas
358 1136 439 1166 enim
450 1130 579 1176 Christi.)
631 1131 770 1165 Nomen
791 1131 969 1169 Charitatis
982 1142 1050 1166 tam
1063 1131 1184 1180 paffiue
1197 1134 1297 1180 quam
1315 1133 1423 1169 aei-ine
1433 1135 1539 1182 potest
1550 1132 1666 1185 accipi.
1687 1137 1776 1174 malo
1787 1136 1903 1174 secun⁶

65 1183 158 1219 dum.
171 1180 242 1218 Nisi
253 1183 342 1216 enim
355 1179 527 1228 plusquam
541 1179 634 1214 ferrei
643 1178 754 1219 simus,
767 1177 871 1213 facere
884 1192 954 1215 non
963 1192 1149 1228 poterimus
1158 1185 1240 1228 quin
1250 1193 1340 1216 totos
1350 1196 1411 1216 nos
1423 1185 1647 1223 deuouearnus
1659 1187 1809 1227 Christo,
1821 1188 1902 1222 dum

65 1242 258 1280 reputamus
269 1240 396 1277 quanto
406 1241 519 1263 amore
529 1241 592 1262 nos
601 1225 820 1275 prosequutus
831 1227 886 1268 est,
896 1241 1001 1274 quum
1013 1241 1157 1264 mortem
1168 1243 1228 1278 pro
1239 1230 1337 1264 nobis
1351 1230 1458 1265 subiit.
1471 1233 1513 1266 Et
1521 1233 1639 1268 Paulus
1652 1228 1790 1281 seipsum
1802 1248 1905 1284 expo-

63 1283 118 1316 nit
126 1280 207 1314 dum
216 1274 449 1324 addinaeqsium
460 1274 520 1311 effe
529 1287 565 1310 vt
576 1278 626 1310 ilii
641 1277 802 1313 viuamus,
814 1274 911 1310 nobis
922 1279 1058 1311 mortui:
1070 1290 1148 1324 ergo
1159 1279 1440 1324 quemadmodum
1451 1283 1542 1327 prius
1551 1282 1673 1316 dixerat
1681 1284 1712 1318 se
1721 1286 1841 1318 timore
1852 1285 1905 1319 so-

4 1353 12 1368 ,-
63 1328 187 1365 licitati
195 1328 235 1362 ad
243 1324 407 1364 officium,
417 1328 590 1374 propterea
599 1323 690 1370 quod
699 1325 859 1358 reddenda
868 1327 928 1358 erit
937 1322 1035 1358 semel
1045 1329 1140 1359 ratio:
1152 1328 1196 1359 ita
1207 1339 1297 1360 nunc
1307 1327 1406 1374 ponit
1418 1328 1557 1365 alterum
1568 1330 1640 1364 stim
1646 1330 1847 1369 ulum‚illam
1860 1331 1903 1366 sci

63 1376 144 1415 lit-:et
153 1374 350 1411 immensam
360 1374 577 1409 dilectionem
590 1372 712 1407 Christi
723 1385 797 1420 erga
806 1385 878 1411 nos,
890 1374 983 1406 cuius
991 1370 1158 1421 specimen
1169 1374 1267 1418 nobis
1278 1374 1428 1409 exhibuit
1438 1373 1491 1409 sua
1503 1375 1619 1411 morte.
1643 1380 1753 1418 Huius
1763 1382 1903 1427 inquam

62 1427 190 1461 amotis
202 1425 331 1472 agnitio
344 1423 568 1470 constringere
577 1419 712 1456 affectus
723 1422 850 1455 nostros
860 1420 966 1458 debet,
976 1434 1017 1455 ne
1026 1422 1092 1457 alio
1106 1421 1271 1456 inclinent
1280 1425 1381 1469 quam
1391 1425 1430 1457 ad
1442 1437 1479 1457 eu
1485 1437 1516 1458 m
1528 1418 1773 1467 redamandum.
1796 1431 1903 1463 Meta-

67 1474 177 1523 phora
196 1474 240 1506 est
257 1474 291 1506 in
303 1471 404 1505 verbo
414 1467 630 1518 constringendi
645 1482 654 1503 :
675 1482 740 1515 qua
751 1479 886 1503 notatur
905 1467 975 1503 fieti
986 1482 1058 1504 non
1068 1470 1156 1518 poffe
1174 1473 1257 1517 quin
1268 1469 1418 1517 quisquis
1442 1471 1620 1507 mirificum
1642 1474 1737 1509 illum
1755 1489 1904 1513 amorem
1951 1518 1954 1521 ι

61 1534 167 1571 quem
182 1521 311 1556 testatus
320 1519 365 1554 est
382 1517 483 1553 nobis
494 1518 644 1553 Christus
656 1528 763 1552 morte
773 1515 828 1551 sua
837 1543 848 1558 ‚
875 1518 951 1552 vere
961 1520 1115 1567 expendit
1126 1531 1161 1554 ac
1172 1531 1318 1566 reputat,
1338 1519 1425 1566 quasi
1439 1523 1468 1554 ei
1478 1520 1649 1569 alligatus,
1672 1527 1704 1557 ὃς
1724 1523 1840 1558 arehffi
1847 1538 1904 1560 mo

65 1568 207 1606 vinculo
216 1569 412 1603 constrictus
420 1590 431 1606 ‚
451 1567 482 1601 se
493 1569 529 1602 in
541 1565 630 1600 illius
640 1563 835 1611 obsequium
847 1565 992 1600 addicat..
1032 1568 1067 1600 Si
1077 1578 1214 1616 vnuspro
1227 1566 1362 1600 omnibus
1372 1579 1512 1603 mortuus.
1563 1571 1743 1605 Notandus
1761 1572 1905 1620 diligen-

64 1630 116 1655 ter
133 1614 190 1653 hic
202 1615 277 1652 finis
286 1640 297 1655 ‚
314 1617 390 1650 ideo
401 1626 573 1650 mortuum
582 1625 645 1662 pro
661 1613 762 1648 nobis
775 1611 834 1648 effe
844 1614 1012 1649 Christum
1023 1639 1034 1655 ‚
1056 1615 1157 1664 vtipfi
1169 1615 1267 1650 nobis
1278 1618 1471 1652 moriamur.
1496 1617 1654 1653 Notanda
1663 1632 1760 1661 etiam
1779 1621 1908 1668 apost„

65 1669 118 1703 tio
128 1689 139 1705 ,
150 1667 242 1704 Mori
252 1663 351 1699 nobis
361 1688 372 1704 ,
383 1661 443 1699 effe
453 1662 588 1698 Christo
598 1664 730 1697 viuere:
749 1673 804 1696 aut
815 1661 839 1696 si
859 1663 939 1698 velis
948 1661 1080 1711 plenius
1092 1688 1104 1702 ‚
1117 1667 1305 1699 renuntiare
1315 1666 1412 1701 nobis
1423 1677 1456 1699 vt
1468 1666 1602 1700 Christo
1613 1663 1774 1703 viuarnusz
1784 1683 1864 1704 nam
1873 1671 1904 1704 i-

62 1716 128 1753 deo
137 1711 200 1749 nos
208 1714 346 1751 redemit
357 1712 520 1750 Christus,
531 1722 566 1746 vt
577 1723 640 1745 nos
650 1713 685 1745 in
696 1710 854 1758 potestate
872 1708 926 1746 sua
936 1710 1070 1746 haberet
1081 1713 1237 1760 tanquam
1247 1717 1424 1761 proprium
1435 1710 1604 1761 peculium
1616 1709 1624 1749 :'
1645 1713 1730 1751 vnde
1746 1717 1905 1765 sequitur„

61 1775 128 1800 nos
141 1759 284 1811 amplius
294 1773 365 1796 non
377 1756 436 1795 effe
447 1759 549 1795 nostri
559 1761 650 1794 iuris:
674 1758 799 1794 Similis
809 1758 903 1794 locus
913 1760 957 1794 est
965 1761 1203 1796 Romanorum
1222 1761 1274 1808 314'.
1284 1774 1310 1796 c.
1322 1772 1362 1808 15.
1390 1764 1594 1810 anuam
1607 1765 1674 1808 duo
1685 1764 1739 1809 hic
1750 1767 1904 1802 distinere

59 1810 248 1862 ponuntur:
265 1822 327 1845 nos
336 1812 371 1843 in
382 1808 516 1844 Christo
528 1819 679 1842 mortuos
691 1805 751 1842 effe
763 1832 774 1845 ‚
782 1819 817 1842 vt
827 1809 942 1845 omnis
950 1807 1090 1844 ambitio
1102 1813 1136 1845 &
1147 1810 1316 1845 eminendi
1326 1814 1516 1859 appetentia
1525 1811 1619 1846 ceffet
1628 1839 1639 1854 ,
1649 1826 1711 1850 nec
1722 1814 1901 1852 molestum

62 1859 103 1897 iit
112 1857 403 1894 exinanirizdeinde
415 1857 550 1892 Christo
559 1869 623 1892 nos
632 1855 748 1891 debere
760 1859 863 1891 vitam
876 1859 911 1892 &
923 1856 1141 1905 mortem,qui
1151 1871 1213 1893 nos
1223 1857 1281 1893 fibi
1293 1858 1423 1907 prorsus
1433 1860 1595 1894 deuinxit.

111 1910 152 1942 16
199 1909 218 1940 1
219 1918 312 1952 taque
321 1919 375 1940 nos
380 1905 505 1956 posthac
514 1907 664 1939 neminem
672 1907 832 1949 nouimus.)
890 1903 992 1940 Noffe
1003 1904 1056 1941 hic
1067 1909 1228 1955 accipitur
1235 1920 1296 1955 pro
1306 1908 1458 1942 Censere:
1469 1908 1556 1954 quafi
1568 1905 1776 1948 diceret,Nos
1786 1911 1902 1947 secun-

59 1956 144 1991 dum
155 1967 322 1991 externam
332 1953 458 1989 laruam
469 1967 539 1989 non
549 1953 748 1991 iudicamus,
758 1964 791 1987 vt
802 1954 856 1988 hic
866 1953 1023 1988 habeatur
1030 1953 1310 2002 praestantiffimus
1324 1959 1381 2002 qui
1392 1955 1466 1990 talis
1477 1969 1610 2004 apparet
1623 1961 1657 1992 in
1668 1956 1819 2006 speciem.
1831 1960 1900 1995 Sub

59 2007 161 2041 carnis
171 2007 312 2039 nomine
319 2015 359 2038 co
365 2002 573 2050 mprehendit
585 2013 732 2036 externas
741 2015 797 2036 om
803 2015 859 2036 nes
868 2003 1056 2049 dotes‚quas
1067 2003 1222 2037 homines
1232 2001 1339 2038 solent
1349 2007 1384 2038 in
1396 2007 1503 2051 pretio
1513 2005 1631 2040 habere
1643 2019 1651 2039 ε
1668 2010 1701 2040 &
1714 2002 1749 2040 in
1760 2007 1901 2046 summa,

54 2054 224 2101 *quicquid
233 2051 352 2099 absque
362 2053 612 2099 regeneratione
629 2049 877 2085 censetutlaude
887 2051 1039 2098 dignum.
1062 2064 1253 2099 quanquam
1266 2053 1305 2085 de
1316 2063 1452 2086 externo
1462 2052 1539 2087 fuco
1549 2055 1661 2100 (quem
1673 2059 1901 2102 apparentiam

61 2103 197 2145 vocant)
208 2101 341 2149 proprie
351 2099 511 2147 loquitur.
521 2100 564 2134 Et
576 2099 712 2146 quidem
724 2097 840 2132 alludit
850 2098 890 2132 ad
899 2110 1041 2133 mortem
1053 2101 1147 2134 cuius
1158 2102 1367 2134 meminerat:
1379 2099 1440 2134 acsi
1453 2101 1574 2134 diceret
1583 2126 1593 2139 ,
1609 2104 1897 2149 Qandoquidem

60 2162 181 2186 omnes
191 2149 340 2198 praesenti
351 2151 425 2182 vitae
437 2149 563 2182 mortui
572 2146 632 2182 esse
645 2146 814 2184 debemus,
824 2146 896 2181 imo
908 2146 994 2190 nihil
1006 2146 1064 2182 eise
1075 2150 1110 2182 in
1122 2147 1242 2182 nobis:
1262 2161 1364 2183 nemo
1377 2149 1499 2182 Christi
1511 2147 1618 2184 seruus
1636 2152 1842 2186 :estimandus
1854 2152 1899 2186 est

61 2200 83 2235 ὲ
92 2199 214 2233 carnali
226 2197 427 2232 excellentia.
478 2195 694 2247 Qinetiamfi
701 2197 838 2229 nouimus
847 2197 874 2229 C
877 2192 1007 2239 hristum.
1059 2193 1176 2230 Sensus
1187 2197 1231 2231 est
1239 2219 1250 2234 ‚
1261 2195 1391 2231 Etiamsi
1402 2197 1552 2231 Christus
1562 2199 1600 2231 ad
1611 2210 1743 2246 tempus
1756 2200 1897 2235 versatus

63 2248 208 2285 fueritin
219 2247 285 2281 hoc
297 2245 438 2283 mundo,
449 2248 484 2280 δε
493 2246 625 2292 agnitus
636 2242 832 2278 hominibus
848 2245 882 2277 in
895 2245 935 2278 iis
946 2256 1018 2290 quae
1028 2242 1174 2291 speritant
1184 2244 1223 2278 ad
1232 2246 1465 2279 conditionem
1476 2244 1638 2292 praesentis
1651 2242 1742 2281 vrtae':
1760 2261 1850 2287 nunc
1861 2262 1896 2283 a-

62 2296 112 2332 lio
123 2293 225 2330 inodo
235 2292 484 2343 cognoscendus
494 2294 548 2330 est,
565 2304 686 2340 nempe
697 2290 917 2338 spiritualiter,
927 2304 962 2325 vt
973 2292 1058 2326 nihil
1070 2293 1275 2332 mundanum
1287 2294 1325 2326 de
1335 2292 1404 2340 ipso
1415 2297 1612 2340 cogitemus.
1631 2296 1707 2330 Hoc
1718 2295 1796 2330 loco
1811 2295 1899 2331 abusi

64 2344 141 2382 sunt
151 2342 283 2378 fanatici
293 2343 439 2390 quidam,
452 2340 558 2389 qualis
569 2341 612 2375 est
621 2342 785 2376 seruetur»,
796 2350 830 2373 vt
840 2339 1018 2387 probarent
1027 2340 1208 2375 humanam
1219 2341 1342 2376 Christi
1353 2353 1502 2376 naturam
1514 2344 1532 2377 a
1541 2344 1728 2378 Diuinitate
1740 2357 1830 2379 nunc
1841 2344 1900 2379 ab-

62 2392 208 2440 sorptam
219 2390 287 2426 effe.
297 2391 361 2426 Sed
369 2402 531 2437 quantum
541 2388 665 2423 aberret
676 2388 740 2422 tale
750 2387 905 2422 delirium
919 2389 937 2422 a
948 2399 1058 2424 mente
1068 2389 1235 2437 Apostoli,
1245 2403 1316 2424 non
1328 2389 1371 2424 est
1380 2389 1515 2424 difficile
1530 2392 1794 2439 iudicare.neque
1805 2396 1897 2427 enim

66 2440 124 2477 hic
138 2440 177 2474 de
187 2442 336 2488 corporis
349 2438 523 2473 substantia
533 2437 693 2485 loquitur,
704 2435 754 2470 sed
763 2437 801 2470 de
811 2448 942 2471 externa
950 2434 1053 2484 specie
1065 2451 1072 2471 :
1086 2450 1192 2485 neque
1202 2438 1283 2472 dicit
1291 2451 1361 2472 non
1372 2437 1514 2486 amplius
1527 2439 1683 2486 cognosci
1693 2442 1711 2474 a
1722 2441 1818 2475 nobis
1828 2454 1899 2475 cat-

65 2490 190 2526 nemin
202 2489 347 2528 Christo,
358 2485 408 2522 sed
419 2487 497 2521 inde
509 2485 682 2521 Chtlstum
694 2483 815 2519 censeri
826 2495 933 2532 negat.
942 2485 1116 2521 Totavero
1127 2488 1293 2534 Scriptura
1303 2487 1432 2524 clamat,
1447 2500 1516 2521 non
1528 2492 1639 2523 minus
1648 2492 1711 2522 nuc
1721 2488 1900 2535 gloriosam

61 2541 167 2573 vitam
177 2536 348 2572 Christum
358 2534 509 2570 obtinere
519 2536 553 2569 in
565 2546 661 2569 carne
670 2534 892 2579 iiostra,quain
905 2535 939 2567 in
950 2546 986 2568 ea
994 2533 1091 2568 semel
1102 2532 1206 2583 passus
1219 2536 1272 2569 est:
1283 2536 1352 2569 imo
1365 2534 1492 2582 sublato
1502 2535 1567 2570 hoc
1577 2536 1794 2571 fundamento
1805 2564 1815 2578 ,
1827 2550 1897 2573 tota

64 2585 143 2623 fides
153 2586 264 2621 nostra
273 2586 407 2619 corruit:
416 2584 502 2618 vnde
513 2585 603 2617 enim
614 2581 682 2630 spes
692 2580 965 2619 immortalitatis,
975 2581 1035 2616 nisi
1047 2583 1139 2629 quod
1149 2585 1217 2618 eius
1226 2583 1391 2631 specimen
1402 2586 1467 2617 iam
1478 2586 1513 2617 in
1524 2585 1657 2619 Christo
1669 2585 1896 2620 habemusFSin

66 2637 136 2671 cuti
145 2637 235 2677 enim
246 2633 323 2668 inde
333 2633 477 2667 restituta
488 2630 585 2666 nobis
598 2632 730 2667 iustitia,
743 2630 834 2676 qubd
844 2631 880 2664 in
893 2641 1007 2665 natura
1018 2631 1128 2666 nostra
1140 2632 1289 2666 Christus
1300 2633 1424 2680 Legem
1436 2631 1620 2680 implendo,
1631 2633 1894 2669 inobedientiam

65 2683 144 2720 Adae
152 2681 311 2718 aboleuit:
324 2683 369 2715 ita
381 2683 478 2715 etiam
489 2680 565 2714 inde
579 2678 755 2725 vita‚quod
764 2689 887 2712 naturae
897 2679 1013 2713 nostrae
1024 2691 1164 2727 regnum
1176 2681 1240 2714 Dei
1252 2681 1269 2715 a
1282 2693 1350 2728 quo
1362 2679 1728 2728 exulabat,patefecit,&
1744 2696 1813 2717 eam
1825 2683 1896 2718 col-

69 2730 193 2766 locauit
204 2734 239 2766 in
249 2729 364 2765 caelesti
374 2727 562 2764 domicilio.
583 2729 669 2775 Ergo
680 2725 738 2761 nisi
749 2738 881 2760 carnem
892 2726 1019 2761 Christis
1028 2740 1117 2762 nunc
1129 2727 1352 2775 agnoscimus,
1368 2731 1451 2776 Perit
1461 2729 1559 2763 nobis
1569 2735 1645 2766 ‘tota
1658 2743 1758 2777 quam
1770 2733 1804 2765 in
1825 2730 1897 2780 ipso

69 2779 184 2814 habere
193 2792 255 2814 nos
264 2779 437 2814 conuenit,
448 2775 566 2810 fiducia
577 2779 610 2810 St
622 2774 818 2809 consolatio.
827 2774 950 2809 Vei-sim
961 2775 1136 2810 hominem
1150 2782 1182 2810 ὅ(
1195 2776 1327 2811 fratrem
1340 2777 1488 2812 nostrum
1499 2775 1708 2826 agnoscimus
1725 2779 1898 2814 Christum

69 2829 107 2861 in
117 2820 209 2862 carne
219 2825 355 2865 suanion
365 2824 545 2860 carnaliter:
556 2826 634 2871 quia
644 2821 777 2857 nonnisi
788 2825 823 2857 in
833 2821 1092 2858 confideratione
1103 2822 1320 2872 spiritualium
1333 2827 1403 2859 eius
1415 2825 1582 2860 donorum
1603 2826 1851 2873 acquiescimus.
1864 2831 1896 2861 l-

72 2873 126 2922 pse
137 2887 212 2923 ergo
223 2875 319 2912 nobis
331 2871 507 2922 spiritualis
517 2873 571 2910 est,
582 2885 651 2906 non
664 2875 742 2919 quia
751 2871 898 2919 deposito
908 2883 1046 2920 corpore
1057 2872 1233 2907 conuersus
1245 2873 1328 2908 sitin
1342 2872 1494 2920 spiritum
1506 2887 1514 2908 z
1531 2874 1581 2909 sed
1592 2878 1670 2922 quia
1679 2874 1752 2909 suos
1761 2888 1896 2922 regenti-⁷

69 2934 162 2958 retae
171 2923 328 2971 gubernet
337 2925 477 2970 Spiritus
494 2919 542 2955 sui
552 2922 684 2955 virtute.
1463 2938 1466 2941 Δ
1524 2958 1526 2960 ¹
1550 2950 1553 2952 ,
1581 2958 1584 2962 A
1735 2921 1738 2925 '

112 2982 149 3015 17
195 2969 325 3005 Proinde
326 2971 420 3016 fiqms
428 2973 460 3003 in
471 2967 605 3013 Christo.)
648 2969 824 3014 Qniam
835 2966 997 3004 defeeiiua
1007 2968 1050 3002 est
1062 2970 1180 3006 oratio,
1192 2970 1237 3002 ita
1247 2967 1416 3017 implenda
1427 2971 1483 3010 est,
1494 2973 1527 3006 Si
1539 2973 1613 3019 quis
1624 2975 1657 3006 in
1670 2972 1801 3007 Christo
1809 2995 1819 3008 ‚
1829 2971 1895 3005 hoc

74 3020 130 3055 est,
141 3021 176 3052 in
184 3030 285 3066 regno
295 3019 430 3058 Christi,
439 3017 492 3052 vel
503 3020 538 3052 in
548 3015 687 3051 Ecclesia
696 3017 810 3051 locum
822 3016 967 3062 aliquem
978 3015 1128 3050 obtinere
1138 3019 1241 3065 cupit:
1254 3016 1309 3051 ille
1319 3015 1357 3052 sit
1366 3031 1446 3053 noua
1454 3029 1606 3054 creatura.
1644 3015 1718 3055 Hoc
1730 3019 1827 3053 verbo
1839 3020 1896 3053 da-

74 3077 167 3102 mnat
179 3069 317 3112 quanuis
327 3066 552 3101 excellentiam
564 3078 635 3112 quat
646 3066 758 3112 magni
769 3063 835 3099 fieri
847 3063 928 3107 solet
936 3063 977 3098 ab
987 3064 1196 3102 hominibus,
1208 3064 1230 3099 fi
1240 3062 1318 3099 de'fit
1327 3070 1502 3102 renouatio
1513 3069 1630 3103 cordis,
1644 3068 1810 3102 Doctrina
1819 3069 1896 3112 qui-

73 3116 163 3153 dem,
179 3117 214 3148 &
225 3113 423 3161 eloquentia,
436 3118 470 3149 &
481 3113 614 3160 reliquae
625 3113 716 3147 dotes
728 3111 872 3160 pretiosae
882 3111 957 3146 sunt
966 3115 999 3146 ὃ(
1010 3111 1224 3151 honorandae,
1235 3112 1285 3150 sed
1295 3112 1350 3148 vbi
1360 3128 1431 3150 non
1441 3116 1524 3149 adest
1536 3118 1637 3150 timot
1646 3117 1788 3148 Domini
1801 3119 1833 3148 δέ
1845 3126 1896 3147 re-

74 3165 128 3199 &a
138 3160 353 3200 conscientia,
372 3174 583 3197 totusearum
595 3161 706 3195 honor
717 3158 888 3195 euanescit.
897 3161 1011 3194 Nemo
1023 3162 1124 3207 igitur
1133 3159 1294 3208 superbiat
1305 3161 1369 3196 vlla
1381 3163 1571 3197 excellentia
1583 3177 1590 3196 :
1610 3166 1770 3208 quoniam
1781 3165 1896 3209 praeci-

100 3223 141 3246 ua
151 3210 219 3244 laus
230 3209 492 3262 ChQianoruin
503 3211 547 3244 est
555 3207 602 3245 sui
617 3208 804 3256 abnegatio:
817 3221 925 3255 neque
936 3208 1013 3242 verb
1024 3208 1089 3243 hoc
1100 3210 1230 3244 tantum
1243 3211 1362 3244 dicitur
1373 3212 1412 3244 ad
1421 3209 1624 3245 refutandam
1638 3208 1895 3257 pseudoaposto-

74 3224 185 3294 forum
197 3259 386 3302 vanitatem,
395 3257 446 3292 sed
455 3261 554 3292 etiam
564 3258 603 3292 ad
612 3258 805 3304 corrigenda
815 3255 990 3291 ambitiosa
1000 3257 1260 3293 Corinthiorum
1271 3258 1526 3304 iudicia‚quibus
1535 3258 1638 3305 pluris
1652 3269 1741 3292 erant
1755 3270 1894 3293 externae

76 3306 172 3341 latuae
184 3307 285 3353 quam
296 3304 550 3353 vetaqfinceritas:
561 3304 686 3340 tametsi
697 3306 762 3340 hoc
782 3316 964 3340 commune
979 3305 1022 3339 est
1031 3307 1151 3340 vitium
1162 3305 1228 3340 fere
1248 3305 1406 3340 omnibus
1420 3306 1543 3340 seculis.
1558 3318 1690 3352 quotus
1701 3308 1790 3341 enim
1805 3305 1884 3353 quis
1880 3331 1896 3336 -

44 3358 60 3368 ‘
75 3367 140 3401 que
148 3355 192 3389 cst
202 3356 260 3402 qui
278 3366 350 3388 non
359 3353 569 3391 ostentationi
584 3353 691 3390 multo
701 3353 777 3402 plus
787 3352 927 3394 tribuat,
945 3354 1048 3402 quam
1059 3366 1141 3391 verae
1151 3353 1400 3393 sanctimoniae?
1420 3355 1509 3401 Ergo
1526 3354 1610 3390 hanc
1631 3355 1900 3391 admonitionem

1982 237 2112 354 Ν.

2089 1799 2236 1965 4„

2094 1982 2198 2088 ζ...
