2268 3705
360 92 1579 150 ADPHILIPPENSESCAP·111-
1864 124 1933 166 403

95 163 272 214 {egrotasset
283 164 537 213 Epaphroditus‚
545 174 581 199 vt
592 163 710 198 clarius
719 165 858 198 eniteret
868 165 937 199 Dei
946 164 1080 199 bonitas
1090 166 1125 199 in
1135 165 1261 200 reddita
1281 165 1428 204 sanitate.
1439 172 1499 205 Sed
1512 177 1635 210 mirum
1645 179 1707 220 cst,
1728 183 1756 215 A
1760 181 1856 229 posto
1860 185 1892 221 lu
1897 200 1932 223 m

95 225 312 263 prorogatum
336 212 562 260 Epaphrodito
571 214 647 246 vitae
667 223 798 260 tempus
810 213 967 260 deputare
976 216 1012 248 in
1022 215 1087 248 Dei
1097 213 1318 250 misericordia
1328 243 1338 257 ,
1357 230 1464 264 quum
1474 223 1550 255 anre
1561 225 1692 260 testatus
1702 227 1738 262 sit
1749 244 1890 269 mortem
1903 237 1932 271 se

97 274 277 311 preoptare.
292 263 330 296 Et
339 262 421 307 quid
433 259 552 294 melius
563 259 660 294 nobis
671 261 771 306 quam
783 273 820 294 ex
832 271 883 295 tot
891 262 984 309 infidi
992 265 1147 297 :erumnis
1156 261 1313 298 liberatos
1324 269 1463 313 migrare
1473 270 1508 302 in
1518 281 1658 316 regnum
1668 276 1746 310 Dei?
1789 286 1860 315 raeci
1889 284 1930 318 ιιὲ

96 311 176 345 veto
187 321 314 358 ereptos
325 320 361 341 ex
375 309 499 355 peccati
513 306 668 342 seruitute
676 330 688 346 ‚
705 310 741 342 in
751 321 816 356 qua
827 303 1022 361 sqvmi'seruin
1032 309 1093 344 esse
1102 309 1181 346 alibi
1191 311 1350 346 exclamat
1359 336 1370 350 ,
1396 315 1528 362 plenius
1539 318 1603 352 frui
1615 292 1913 375 libertatefspirisus

93 371 160 405 qua
170 358 385 392 adhaereamus
396 354 481 389 Filio
492 356 732 403 Dei.Longum
742 355 816 391 esset
827 363 1019 393 enumerare
1028 362 1144 393 omnia
1153 371 1219 406 quq
1230 359 1357 396 faciunt
1367 374 1402 396 vt
1411 375 1501 397 mors
1513 363 1664 403 fidelibus
1683 377 1795 419 potior
1807 375 1845 411 sit
1860 355 1928 415 virzi
1945 374 2036 407 λῆθ’-7
2048 367 2072 401 ἆ·
2086 378 2117 407 ²⁶.

97 411 133 441 ὄε
145 404 334 455 optabilior.
347 403 466 449 Quis
478 406 580 451 igitur
587 405 653 437 Dei
663 403 895 443 misericordia,
907 417 1016 455 quum
1027 406 1113 441 nihil
1126 410 1227 453 quam
1239 409 1366 444 miseria
1374 410 1500 446 nostras
1510 425 1670 464 prorogat
1679 425 1696 452 ?
1719 420 1915 472 Respondeo
2012 393 2074 487 ι

97 454 165 489 haec
175 455 288 488 omnia
298 464 368 486 non
379 449 506 486 efficere
515 454 599 499 quin
608 462 720 487 tamen
751 456 818 488 vita
827 453 894 488 haec
905 465 963 501 per
973 451 1002 487 se
1012 455 1177 492 aestimata,
1188 456 1378 503 praeclarum
1390 458 1427 493 sit
1436 461 1500 494 Dei
1511 463 1722 501 beneficium.
1749 451 1931 511 Praescrtini

93 505 152 548 qui
161 501 292 536 Christo
306 498 594 540 viuunt,foeliciter
604 499 660 534 hic
672 503 708 534 in
719 500 808 550 spem
827 501 959 536 caelestis
969 501 1083 549 gloriae
1093 514 1283 538 exercentur
1293 518 1303 536 .-
1313 504 1455 554 ideoque
1467 511 1506 544 iis
1517 512 1620 546 vitam
1630 512 1725 550 lucro
1739 516 1799 551 esse
1822 523 1926 566 paulo

92 550 167 584 ante
177 548 462 583 vidimus-Deinde
472 547 561 583 aliud
572 550 671 583 etiam
681 549 954 587 considerandum
965 551 1094 589 est,non
1106 549 1165 585 css'c
1175 563 1310 598 paruam
1321 554 1552 602 dignationem
1564 571 1669 609 quum
1679 562 1709 598 se
1717 545 1853 602 Deus,in
1864 583 1929 605 no*

91 597 141 632 bis
154 594 326 644 glorificat.
338 608 410 631 non
420 607 488 630 tarn
499 599 590 631 enim
604 595 760 645 respicere
770 601 870 632 vitam
881 596 985 646 ipsam
996 600 1271 647 conuenit‚quain
1283 603 1418 636 viuendi
1429 603 1541 640 finem.
1568 608 1632 642 Sed
1639 614 1734 646 etiam
1741 618 1801 647 mei
1814 637 1825 652 ,
1846 629 1882 650 vt
1890 630 1930 654 ne

88 645 249 689 mstztiam.
299 646 430 679 fatetur
440 644 560 680 Paulus
570 644 720 680 acerbam
731 644 789 680 fibi
799 645 945 681 futuram
957 645 1050 683 fuisse
1060 646 1276 696 Epaphroditi
1286 661 1442 686 mortem:
1457 658 1490 686 ὅ(
1503 656 1538 688 in
1551 669 1591 690 co
1602 655 1660 692 sibi
1670 664 1798 709 parcitt'i
1807 663 1899 701 fuisse
1909 669 1928 702 ὸ,

89 695 164 729 Deo
175 691 335 741 agnoscit,
345 692 437 740 quod
447 693 610 727 restitutus
624 691 686 727 fuit
698 691 758 728 suae
770 693 959 729 valetudini.
971 696 1058 742 Ergo
1067 708 1138 729 non
1149 697 1247 730 iactat
1257 697 1446 734 Stoicorum
1458 703 1706 754 aiwdffmnquafi
1718 708 1838 748 ferreus
1851 713 1909 750 effe
1912 727 1926 750 t

90 753 128 776 ac
143 743 306 776 immunis
314 740 354 778 ab
366 742 520 776 humanis
529 739 711 776 affectibus.
725 742 818 787 Qid
829 744 1033 791 igitur2dicct
1043 741 1278 791 quispiam‚vbi
1288 746 1331 780 est
1341 748 1469 783 inuicta
1481 749 1538 785 illa
1548 758 1747 801 magnitudo
1756 762 1875 796 animi>
1886 776 1925 799 v-

89 788 125 824 bi
137 788 288 824 indefessa
297 790 494 825 constantia?
505 788 704 838 Respondeo
716 813 726 828 ,
737 789 958 825 Christianam
969 793 1167 839 patientiam
1176 792 1323 840 procula
1333 801 1543 832 contumacia
1553 801 1784 853 philosophica
1796 789 1919 846 distare·

88 839 212 872 nedum
221 839 239 872 a
248 836 414 886 praefracta
423 836 479 871 illa
491 842 524 872 &
535 839 677 872 immani
687 839 807 872 duritia
819 840 1023 874 Stoicorum.
1033 840 1144 876 Cuius
1155 842 1245 874 enim
1258 844 1390 877 virtutis
1412 843 1487 879 esset
1496 869 1507 883 ‚
1519 851 1681 897 patienter
1690 851 1771 889 ferre
1781 834 1920 894 crucemb

87 885 110 921 fi
123 888 158 921 in
171 898 207 920 ca
219 884 332 920 nullus
343 883 456 920 iness'et
464 884 589 921 doloris
604 890 638 919 &
649 885 833 920 acerbitatis
844 884 952 922 sensus
965 891 981 920 ?
991 888 1089 925 Dum
1097 888 1176 922 verb
1187 887 1279 924 hunc
1289 889 1416 927 sensum
1426 895 1533 932 vincit
1544 897 1608 931 Dei
1620 899 1840 942 consoltio‚vt
1851 882 1926 944 ηοξ

87 945 322 982 repugnemus,
329 932 379 968 sed
390 936 503 983 potius
513 931 661 968 volentes
672 945 803 981 tergum
814 935 1016 984 praebeamus
1025 935 1228 972 ferulisztum
1239 937 1318 972 vero
1331 939 1526 978 sacrificium
1537 945 1733 982 obedientiae
1752 951 1923 991 offerimus

84 984 160 1018 Deo
171 992 355 1029 acceptum.
371 985 419 1016 lta
428 981 545 1016 Paulus
556 981 674 1016 fatetur
692 982 876 1019 molestiam
888 980 918 1018 se
928 985 1075 1031 aliquam
1099 981 1219 1021 sentire
1231 989 1265 1020 &
1276 986 1427 1023 dolorem
1438 1004 1477 1024 ex
1487 992 1630 1029 vinculis
1642 1008 1652 1027 .·
1666 994 1718 1031 sed
1729 1000 1842 1035 eadem
1863 1003 1924 1039 1112

85 1030 220 1065 vincula
228 1030 273 1064 ob
285 1030 453 1065 Christum
463 1029 603 1065 suauiter
613 1029 838 1065 nihilominus
848 1030 981 1067 ferebat.
1008 1034 1141 1067 Fatetur
1152 1033 1181 1067 se
1191 1037 1334 1082 grauiter
1346 1036 1490 1073 laturum
1500 1039 1592 1075 fuisse
1602 1044 1817 1092 Epaphroditi
1831 1063 1923 1085 mot-

87 1088 154 1113 tem
165 1092 173 1112 :
185 1076 237 1112 sed
247 1079 380 1113 tandem
390 1076 545 1114 affeekum
556 1076 651 1112 suum
663 1077 896 1128 composuisset
904 1080 944 1116 ad
954 1081 1018 1114 Dei
1029 1080 1250 1117 voluntatem.
1270 1085 1475 1133 Qanquam
1486 1090 1640 1125 nondum
1651 1092 1750 1140 plane
1760 1093 1865 1132 soluta
1876 1098 1921 1134 est

85 1137 157 1162 tota
166 1125 350 1162 difficultas:
361 1139 440 1161 nam
452 1130 485 1161 &
495 1137 577 1160 tunc
585 1127 766 1174 probamus
777 1128 922 1162 nostram
934 1128 1170 1170 obedientiam,
1183 1143 1289 1177 quum
1300 1133 1438 1168 vitiosos
1447 1137 1576 1172 nostros
1586 1137 1720 1176 affectus
1731 1141 1905 1182 fraenamus

85 1187 148 1210 nec
157 1176 304 1210 cedimus
313 1177 420 1210 carnis
436 1173 635 1210 infirmitati.
645 1177 725 1210 Duo
735 1178 847 1222 itaque
856 1174 930 1211 sunt
941 1178 1098 1212 notanda:
1109 1181 1256 1226 primum
1268 1179 1403 1217 affectus
1417 1196 1501 1229 quos
1514 1187 1604 1221 Deus
1614 1189 1715 1224 initio
1725 1203 1847 1229 naturae
1856 1170 1924 1229 nof-

85 1223 153 1258 strae
166 1223 286 1259 indidit
296 1247 308 1262 ‚
328 1235 385 1272 pet
397 1221 427 1258 se
438 1236 510 1257 nou
521 1222 580 1257 esse
601 1222 717 1259 malos:
729 1227 807 1270 quia
819 1236 890 1258 non
903 1227 1108 1272 proueniunt
1119 1239 1157 1260 ex
1169 1238 1291 1262 naturae
1305 1240 1466 1278 corruptae
1476 1235 1581 1275 vitio,
1598 1233 1652 1270 sed
1664 1238 1682 1272 a
1692 1237 1770 1274 Deo
1780 1244 1921 1279 authore

85 1271 308 1307 manant.talis
319 1273 362 1307 est
371 1271 465 1306 dolot
477 1273 536 1319 qui
550 1283 587 1305 ex
599 1283 706 1306 morte
724 1274 911 1307 amicorum
922 1275 1061 1322 capitur.
1084 1275 1218 1310 Deinde
1229 1277 1306 1310 alias
1322 1276 1415 1312 fuisse
1426 1280 1529 1315 Paulo
1541 1284 1731 1331 complures
1742 1288 1848 1324 causas
1858 1303 1917 1328 cur

83 1319 210 1368 lugeret
219 1331 363 1356 mortem
373 1320 668 1368 Epaphroditi‚nec
679 1333 729 1354 eas
741 1318 848 1355 solum
859 1319 1123 1358 excusabiles‚sed
1133 1321 1263 1369 prorsus
1273 1324 1550 1364 necessariasHoc
1562 1333 1673 1382 primo
1684 1332 1835 1371 fidelibus
1845 1351 1921 1387 pet-

84 1378 225 1418 petuum
233 1370 276 1404 est
285 1395 296 1410 ,
308 1369 400 1416 quod
412 1371 446 1401 in
459 1379 565 1402 morte
575 1367 721 1403 cuiusuis
742 1368 780 1402 de
791 1370 837 1402 ira
847 1370 912 1402 Dei
922 1367 1071 1403 aduersus
1082 1381 1255 1418 peccatum
1267 1374 1603 1414 commonefiunt.sed
1613 1381 1733 1419 Paulus
1745 1388 1850 1433 magis
1857 1389 1921 1423 Ec-

82 1416 185 1452 elefiae
194 1419 319 1453 iatstura
330 1415 538 1457 mouebatur,
551 1429 652 1464 quam
663 1416 815 1452 cernebat
825 1419 958 1464 optimo
974 1417 1103 1452 Pastore
1112 1418 1244 1453 destitui
1255 1421 1290 1455 in
1301 1431 1391 1455 tanta
1403 1422 1572 1460 bonorum
1583 1431 1757 1475 paucitate.
1768 1433 1921 1470 Eiusmo-=

81 1466 118 1500 di
130 1463 268 1501 affectus
277 1468 337 1513 qui
348 1464 492 1500 sublatos
501 1462 631 1513 prorsus
645 1468 678 1500 δε
696 1467 860 1500 extinctos
869 1464 1006 1502 volunt,
1021 1478 1092 1500 non
1102 1464 1211 1501 saxeos
1223 1468 1353 1502 tantum
1372 1469 1505 1521 fingunt
1517 1473 1671 1511 homines
1682 1500 1693 1514 ,
1714 1476 1766 1514 sed
1785 1479 1870 1518 feros
1884 1488 1921 1520 &

80 1513 301 1549 truculentos.
319 1513 484 1548 Caeterum
494 1516 530 1549 iu
538 1513 600 1548 hac
610 1524 732 1548 naturae
741 1512 917 1547 vitiositate
926 1513 1007 1548 adeo
1018 1516 1134 1548 omnia
1143 1513 1218 1549 sunt
1231 1517 1268 1550 in
1279 1516 1379 1552 nobis
1388 1520 1536 1570 peruersa
1553 1545 1564 1559 ‚
1577 1533 1613 1557 vt
1624 1536 1827 1574 quocunque
1843 1545 1920 1567 mo-

81 1572 223 1598 ueantur
234 1564 340 1597 animi
349 1562 450 1596 nostri
461 1587 471 1600 ,
481 1560 605 1610 semper
616 1561 756 1595 modum
766 1561 933 1596 excedant.
961 1563 1052 1596 Hinc
1063 1561 1100 1596 fit
1109 1574 1144 1596 vt
1154 1562 1240 1598 nihil
1249 1577 1305 1611 per
1317 1563 1347 1599 se
1358 1577 1426 1600 tam
1436 1566 1474 1602 sit
1486 1581 1609 1616 purum
1622 1583 1678 1609 aut
1687 1576 1815 1611 rectum
1827 1582 1919 1624 quod
1971 1595 1974 1597 Α

81 1623 155 1647 non
165 1608 292 1658 aliquid
303 1612 514 1657 contagionis
527 1608 643 1644 trahat.
675 1610 771 1656 Qin
780 1609 901 1644 Paulus
911 1611 958 1651 (vt
967 1610 1075 1644 homo
1087 1615 1164 1656 erat)
1174 1612 1363 1648 humanum
1373 1613 1501 1663 aliquid
1513 1617 1619 1668 passus
1628 1619 1726 1657 fuerit
1744 1625 1780 1658 in
1790 1622 1848 1660 suo
1858 1629 1921 1662 dou

81 1657 239 1698 lemnon
251 1672 291 1693 ne
317 1670 429 1693 mnam
441 1662 476 1692 &
487 1655 680 1693 infirmitate
689 1656 910 1696 labor-aban&
919 1657 1162 1696 tentationibus
1171 1663 1289 1708 agitati
1299 1666 1451 1711 oportuit
1461 1691 1471 1707 ‚
1483 1677 1518 1702 vt
1529 1669 1685 1705 certando
1697 1674 1731 1708 ὅ(
1743 1671 1918 1712 resistendo

80 1706 239 1743 vincendi
256 1672 388 1742 ha{eret
402 1707 583 1740 materiam.

131 1757 168 1791 28
217 1753 383 1801 studiosius
394 1754 579 1799 mzsttllum.)
604 1754 688 1790 Non
698 1757 818 1803 exiguo
829 1754 946 1791 solatio
957 1754 1007 1792 illi
1017 1768 1083 1791 etat
1093 1756 1314 1807 Epaphroditi
1348 1759 1587 1799 taesentiazadeb
1598 1776 1708 1801 tamen
1721 1768 1830 1819 Philip
1859 1785 1919 1810 en·
1986 1792 2002 1809 0

81 1802 166 1840 sitim
175 1802 310 1839 salutem
320 1800 506 1851 praeferebat
516 1802 577 1836 suae
586 1805 834 1842 commoditati,
846 1815 882 1838 vt
891 1805 978 1838 dicat
985 1803 1016 1838 se
1024 1804 1124 1838 laetari
1136 1807 1205 1839 eius
1215 1805 1300 1841 disce
1329 1820 1361 1845 u,
1379 1812 1457 1854 quia
1465 1812 1561 1847 tristis
1572 1825 1639 1848 erat
1653 1838 1663 1854 ,
1678 1813 1733 1850 sua
1746 1830 1825 1853 occa
1839 1833 1918 1857 ione

77 1851 211 1888 distrahi
222 1853 240 1886 ὲ,
249 1863 346 1899 grege
356 1849 406 1884 illi
417 1849 739 1898 commiil'o‚eisisque
750 1851 871 1887 officiis
880 1851 1065 1900 quamlibet
1075 1854 1229 1888 iucundis
1240 1855 1367 1891 inuitus
1383 1856 1551 1894 fruebatur
1560 1873 1639 1896 cum
1653 1876 1769 1900 eorum
1780 1869 1915 1906 iactura.

79 1901 156 1939 ideo
166 1899 356 1935 hilariorem
367 1897 397 1933 se
406 1897 477 1933 fore
489 1897 751 1948 Philippensium
759 1901 895 1950 gaudio.

127 1959 169 1990 29
219 1950 360 1997 excipite
371 1960 438 1981 eum
447 1959 513 1980 cum
524 1946 743 1995 omnigaudio.)
795 1949 910 1984 Omne
919 1951 1040 1999 accipit
1052 1962 1113 1998 pro
1125 1949 1248 1985 sincero
1260 1955 1294 1986 δι
1306 1950 1406 1988 effuso
1422 1980 1429 1987 .
1447 1954 1634 2006 Rursusque
1645 1972 1721 1995 eum
1740 1974 1917 2001 commen..

80 1998 134 2032 dat
145 1995 422 2044 Philippensibus.
442 1995 521 2029 adeo
532 2006 622 2030 totus
633 1998 668 2030 in
679 1996 746 2032 hoc
756 1997 799 2031 est
808 2023 819 2038 ,
846 2009 882 2031 vt
893 1997 1238 2045 plurimiaestimentur
1257 2003 1449 2048 quicunque
1460 2002 1490 2037 se
1499 2006 1642 2051 probant
1660 2007 1770 2044 bonos
1785 2015 1818 2046 &
1831 2012 1916 2051 fidos

78 2044 344 2092 Pastoresmeque
354 2046 443 2078 enim
452 2044 492 2078 de
502 2057 570 2078 vno
583 2045 710 2079 tanturn
722 2044 855 2092 agit‚scd
865 2046 956 2080 iubet
967 2048 1107 2080 cunctos
1116 2046 1194 2080 tales
1205 2049 1240 2082 in
1254 2051 1361 2095 pretio
1371 2049 1493 2085 haberi.
1503 2050 1578 2087 sunt
1588 2057 1678 2090 enim
1691 2062 1865 2105 matuarite
1873 2057 1915 2097 'ex

79 2095 145 2128 Dei
157 2091 311 2128 thesauris
323 2089 485 2141 pretiosae,
497 2096 531 2127 δε
545 2105 614 2139 quo
624 2095 760 2127 rariores
772 2092 859 2134 sunt,
873 2107 912 2127 eo
924 2096 1048 2127 maiore
1058 2095 1151 2141 digni
1163 2098 1280 2142 pretio.
1302 2096 1376 2131 Nec
1386 2097 1526 2133 dubium
1537 2103 1580 2136 est
1591 2105 1673 2149 quin
1684 2086 1914 2152 saepeoinvrati-

77 2143 229 2176 tudinem
242 2142 386 2176 nostram
399 2138 434 2175 ’ἃ
444 2138 620 2188 superbum
631 2139 976 2189 fastidium,priuand0
986 2154 1049 2176 nos
1059 2141 1158 2178 bonis
1178 2141 1374 2181 Pastotibus,
1385 2149 1502 2193 puniar
1513 2150 1702 2188 Deus‚dum
1715 2154 1804 2190 videt
1812 2136 1912 2192 ‘boti-

79 2202 152 2224 mos
169 2188 316 2237 quosque
325 2191 343 2223 a
352 2188 380 2223 se
390 2190 483 2222 datos
494 2188 558 2222 fere
583 2191 767 2223 contemni.
781 2191 854 2235 Q
866 2202 944 2236 ergo
956 2193 1121 2228 munitam
1133 2189 1193 2224 esse
1205 2191 1380 2227 Ecclesiam
1396 2206 1435 2228 cu
1439 2199 1489 2242 pit
1500 2196 1650 2232 aduersus
1663 2199 1821 2247 luporum
1832 2182 1911 2240 ihfi-

77 2238 145 2272 dias
159 2241 192 2272 ec
206 2237 364 2275 insultus,
389 2235 542 2284 exemplo
558 2235 751 2271 Paulicuret
760 2236 859 2271 bonis
878 2237 1064 2272 Pastoribus
1076 2237 1251 2274 stabilitam
1263 2241 1497 2278 authoritatem
1511 2258 1519 2278 ι
1541 2244 1622 2280 sicut
1633 2249 1811 2286 econuerso
1821 2253 1909 2290 nihil
1970 2254 1978 2287 i

79 2287 185 2332 magis
196 2283 344 2334 satagunt
355 2284 479 2319 diaboli
490 2297 625 2331 organa,
636 2285 737 2331 quarn
748 2284 839 2319 illam
852 2284 1105 2335 quibuscunque
1116 2285 1248 2333 possunt
1260 2290 1367 2323 modis
1377 2289 1574 2336 pessundare.
1852 2288 1854 2290 ’

124 2345 164 2378 30
213 2334 300 2382 Qu
306 2344 426 2384 propter
435 2344 506 2381 opus
517 2331 651 2377 christi.)
702 2334 756 2368 Ad
766 2332 858 2367 illam
870 2332 1098 2368 infirmitatem
1108 2333 1225 2373 refero,
1237 2348 1338 2382 quam
1348 2336 1406 2372 fibi
1416 2337 1537 2375 affidua
1547 2341 1715 2379 sedulitate
1736 2356 1908 2383 contraxe-

77 2392 136 2417 tat.
147 2381 304 2417 morbum
317 2395 394 2430 ergo
403 2381 624 2429 Epaphroditi
633 2383 719 2417 inter
731 2383 800 2415 eius
819 2384 954 2416 virtutes
964 2380 1070 2418 refert:
1079 2393 1114 2416 vt
1125 2383 1209 2418 certe
1221 2382 1344 2422 illustre
1352 2398 1418 2420 erat
1428 2386 1594 2435 specimen
1604 2390 1762 2428 feruentis
1774 2397 1842 2430 eius
1853 2410 1910 2432 zea-

78 2429 114 2466 li.
133 2432 298 2477 AEgrotare
311 2432 445 2478 quidem
456 2441 560 2464 Virtus
572 2442 643 2464 nou
654 2430 708 2467 est,
728 2428 780 2464 sed
793 2443 829 2463 ea
838 2430 882 2464 est
893 2433 1007 2469 virtus,
1016 2441 1052 2465 vt
1062 2430 1196 2467 Christo
1205 2430 1335 2471 seruias,
1347 2433 1408 2468 tibi
1418 2448 1489 2471 non
1501 2441 1809 2486 parcere-Sentiebat
1821 2445 1910 2496 Epa-

75 2478 253 2528 phroditus
261 2478 444 2514 valetudini
455 2477 516 2515 suae
526 2476 596 2513 fore
607 2477 794 2526 periculum
804 2476 828 2512 fi
837 2477 917 2512 vltra
928 2479 1066 2513 modum
1076 2477 1135 2513 fibi
1144 2479 1430 2517 instaretzmalebat
1439 2495 1551 2520 tamen
1564 2486 1786 2526 valetudinem
1798 2493 1908 2529 ncoli-

76 2539 151 2576 gere
163 2551 174 2564 ,
192 2528 294 2573 quam
306 2526 407 2561 deesse
427 2525 552 2560 officio.
579 2528 618 2560 Et
637 2539 707 2575 quo
718 2528 823 2573 magis
835 2526 901 2560 hoc
914 2525 1039 2565 fadtum
1050 2526 1315 2575 Philippensibus
1326 2533 1539 2568 commendet
1547 2558 1557 2574 ,
1579 2535 1659 2571 dicit
1673 2535 1765 2572 fuisse
1777 2521 1910 2589 ssspffle-

77 2587 230 2610 mentum
246 2575 391 2611 defectus
411 2573 579 2624 ipsorum:
627 2578 681 2608 uia
691 2573 812 2609 scilicet
824 2574 941 2622 procul
951 2574 1049 2609 dissiti
1058 2598 1068 2612 ‚
1086 2588 1157 2610 non
1166 2588 1321 2624 poterant
1333 2592 1468 2626 operam
1488 2580 1578 2616 suam
1590 2584 1693 2618 Paulo
1704 2586 1823 2622 Roma:
1842 2592 1910 2623 im-

75 2624 226 2671 pendere.
249 2626 335 2672 Ergo
357 2587 675 2670 Epaphroditustluc
691 2623 730 2656 de
739 2621 830 2657 causa
842 2621 972 2663 missus,
985 2625 1071 2658 viccs
1082 2635 1197 2658 eorum
1209 2625 1334 2660 obibat.
1357 2630 1465 2662 vocat
1475 2642 1559 2677 opus
1569 2632 1732 2672 Domini,
1751 2634 1908 2684 obsequia
2071 2657 2088 2674 e

75 2670 135 2706 fibi
147 2671 302 2710 exhibita,
318 2684 352 2706 vt
361 2674 445 2707 cette
457 2669 543 2706 nihil
554 2671 598 2704 est
609 2673 643 2704 in
653 2684 723 2720 quo
735 2670 854 2708 melius
866 2669 1026 2718 poffimus
1038 2683 1173 2720 operam
1183 2674 1258 2708 Deo
1272 2673 1497 2723 locare,quam
1508 2680 1587 2713 dum
1597 2678 1705 2716 seruos
1716 2684 1786 2719 eius
1795 2697 1857 2736 pro
1867 2688 1891 2720 E
1900 2705 1908 2710 e

76 2720 222 2768 uangelii
231 2723 365 2756 veritate
376 2720 560 2755 laborantes
574 2721 739 2755 iuuamus.

834 2815 980 2849 CAP.
1032 2819 1137 2850 111.

187 2900 435 2953 Vodreliquum
447 2897 492 2950 est
500 2927 511 2942 ‚
511 2887 641 2947 fratres
650 2899 731 2943 mei,
733 2895 879 2953 gaudete
892 2897 932 2936 in
939 2901 1091 2938 Domino
1102 2927 1114 2944 ,
1122 2898 1243 2937 eadem
1242 2895 1386 2951 scribere
1397 2899 1496 2943 vobis
1511 2931 1522 2950 ,
1530 2917 1586 2945 me
1600 2905 1739 2960 quidem
1750 2903 1901 2964 haudpj.

203 2954 373 3010 get‚vobis
384 2965 496 2992 autem
505 2962 618 2992 tutum
630 2952 680 3002 est.

135 3023 157 3046 2
212 3012 332 3050 Videte
339 3024 450 3055 canes,
460 3007 580 3047 vtdete
588 3008 699 3046 malos
720 3013 900 3065 operarios.-
916 3008 1034 3048 videte
1043 3009 1270 3065 concisionem.
1789 3057 1792 3059 Α

135 3077 154 3115 3
209 3074 290 3116 πρε
299 3070 391 3105 enim
393 3064 512 3116 fiamus
523 3062 920 3120 Circuncfio‚quispi7itu
927 3071 1040 3104 Deum
1049 3066 1200 3114 colimus,
1215 3067 1450 3124 &gloriamur
1457 3073 1496 3109 in
1507 3069 1642 3112 Chrift‘o
1650 3069 1723 3123 Iefio
1735 3099 1747 3117 ‚
1756 3085 1827 3111 mm
1838 3087 1900 3113 au-

76 3130 148 3159 tem
159 3123 197 3160 in
208 3136 305 3160 carne
315 3121 522 3169 confidimus.

134 3192 164 3227 4
227 3178 378 3232 Tametfi
383 3191 440 3232 ego
456 3181 560 3217 etiam
574 3178 613 3214 in
624 3188 722 3215 carne
719 3173 892 3228 fiduciam
901 3172 1016 3217 haheo.
1034 3179 1152 3232 Siquis
1160 3178 1250 3221 alim
1259 3179 1404 3229 videtur
1409 3181 1610 3233 confidere)
1618 3185 1657 3219 in
1667 3194 1803 3227 carne.)
1813 3213 1825 3230 ‚
1841 3199 1899 3240 ego

80 3238 192 3289 magis
206 3245 220 3266 :

133 3305 151 3343 5
208 3284 415 3340 circuncisus
425 3289 482 3330 die
491 3291 624 3337 oe't'auo,
640 3299 812 3347 exgenere
823 3295 841 3329 Ι
835 3283 930 3342 srael
929 3317 941 3338 ,
950 3286 1040 3330 tribu
1047 3294 1243 3336 Beniamin:
1255 3290 1412 3334 Hebraeus
1419 3306 1466 3332 ex
1475 3290 1633 3338 Hebraeis,
1644 3291 1831 3347 ficundum
1839 3301 1903 3348 Le=3

72 3359 152 3404 gem
165 3343 348 3398 Pharifims
359 3362 374 3385 .-

1602 3404 1638 3438 Ι..
1688 3407 1749 3452 iiij.
