2268 3705
632 83 746 135 AD
793 82 1379 138 ROM·CAP·XI·
1859 112 1898 152 9*

22 156 23 206 i
118 174 160 209 34
201 161 284 211 Q!
293 160 371 195 enim
380 161 516 206 cognouit
524 170 652 193 mentem
662 163 794 195 ‘Domini
802 163 828 205 ?)
879 160 947 196 Hic
957 163 1077 209 incipit
1087 161 1176 209 quafi
1200 165 1323 198 iniecta
1333 177 1434 199 manu
1449 164 1601 205 cohibere
1611 164 1707 209 homi
1711 182 1791 211 nuni
1803 179 1903 214 anda-

20 210 23 247 ι’
73 214 157 249 ciam
170 234 180 247 ‚
194 224 235 244 ne
244 206 391 244 aduersus
402 210 466 242 Dei
478 209 598 242 iudicia
609 207 874 244 obmurmurent.
899 212 933 243 Id
944 221 1053 244 autem
1067 210 1192 245 duabus
1203 212 1388 247 rationibus
1401 213 1487 248 facit.
1500 217 1590 252 Prior
1603 223 1662 258 est,
1682 225 1771 268 qubd
1782 239 1901 263 omneg

19 276 22 310 j
72 259 227 295 mortales
238 258 277 292 ad
285 259 349 291 Dei
362 256 680 304 ptaedestinationcm
700 260 838 304 proprio
848 256 938 292 sensu
951 257 1217 293 considerandam
1236 260 1365 307 prorsus
1377 266 1572 298 caeciitiunt:
1591 269 1628 300 de
1641 281 1671 302 re
1682 284 1790 307 autem
1804 278 1900 310 inco-

19 315 22 350 ξ
48 322 59 333 x
71 310 164 357 gnita
175 304 306 341 nonnisi
317 315 438 338 temere
447 316 484 338 ac
495 315 664 355 perperam
674 304 830 352 disputari
842 307 958 353 potest.
969 304 1092 343 Altera,
1101 308 1192 353 quod
1204 308 1296 342 nulla
1307 308 1366 343 eisc
1376 312 1483 357 potest
1495 313 1592 347 nobis
1604 316 1694 350 causa
1705 321 1742 351 dc
1753 323 1824 356 Deo
1836 329 1897 357 co..

71 354 375 403 qucrendi,quando
386 365 487 387 nemo
499 353 542 386 cst
555 352 748 387 mortalium
760 356 819 400 qui
830 356 949 389 iactare
960 366 1057 401 queat
1068 369 1144 389 eum
1156 355 1213 390 sibi
1225 353 1284 391 effe
1295 357 1478 394 debitorem
1494 373 1502 394 :
1521 366 1636 397 contra
1649 367 1724 398 vcr'o
1737 381 1852 404 omncs
1864 386 1898 405 e-

18 418 21 427 *
41 430 43 436 ⁴
71 407 121 439 ius
131 403 328 450 benignitati
340 399 414 436 sunt
424 400 576 434 obnoxii.
588 401 663 434 Hoc
676 403 785 448 itaque
796 401 935 436 claustro
952 406 1141 437 meminerit
1153 403 1374 452 vnusquisque
1386 418 1532 443 mentem
1544 408 1631 445 suam
1646 416 1816 450 continere
1827 441 1835 454 ‚
1855 433 1897 454 nc

17 466 20 470 ’
70 455 106 487 in
118 451 405 500 praedestinationis
417 449 671 495 inuestigatione
683 448 775 496 supra
792 451 856 483 Dei
867 450 999 484 oracula
1008 452 1183 486 euehatur:
1207 454 1286 487 dum
1297 455 1449 490 audimus
1460 457 1545 491 nihil
1567 458 1623 493 hic
1634 460 1810 497 discerncre
1822 466 1896 512 plus

17 495 19 499 ¹
68 501 242 536 hominem
255 496 459 545 polie,qiiam
470 509 592 530 caecuin
606 499 642 530 in
657 497 807 531 tenebris.
822 500 912 544 quod
923 511 1034 533 tamen
1045 503 1186 536 minime
1200 505 1341 548 pertinet
1353 503 1391 537 ad
1403 503 1662 542 labefactandam
1676 508 1751 544 fidei
1762 517 1896 548 certitu—

9 540 17 549 *
68 549 194 584 dinem,
207 559 278 593 quae
288 558 358 580 non
368 545 407 579 ab
418 545 558 580 humani
570 542 675 579 sensus
686 549 840 580 acumine
850 545 1055 585 nascitur,sed
1065 549 1082 581 ὲ
1094 546 1161 581 sola
1171 550 1310 596 Spiritus
1321 550 1638 590 illustrationeNaui
1652 561 1683 591 ὅ(
1701 558 1817 594 Paulus
1830 559 1895 608 ipse

67 595 158 632 alibi,
172 595 344 642 postquam
355 594 486 628 testatus
498 604 563 626 crat
574 596 688 627 onmia
701 596 764 628 Dei
776 596 925 640 mysteria
935 598 1061 642 ingenii
1071 597 1172 630 nostri
1184 608 1318 644 captum
1331 598 1433 647 longe
1442 603 1687 641 excedere,mox
1698 617 1809 642 tamen
1821 607 1895 643 sub-

65 645 137 679 iicit
149 642 257 677 fideles
270 653 378 676 tenere
394 653 539 676 mentem
557 643 701 676 Domini
714 656 721 675 z
733 646 811 688 quia
823 656 894 678 non
904 641 1052 691 spiritum
1064 644 1163 678 huius
1174 647 1291 679 mundi
1303 651 1487 694 acceperint
1496 676 1507 690 ‚
1518 649 1570 685 scd
1581 654 1598 686 a
1608 654 1685 688 Deo
1699 654 1756 688 fibi
1767 656 1893 692 datum:

65 703 121 741 per
130 704 231 738 quem
241 690 278 724 de
289 688 613 738 incomprehensibili
623 689 749 736 alioqui
760 693 828 724 eius
842 690 991 726 bonitate
1002 693 1191 728 edocentur.
1217 695 1303 741 Ergo
1315 706 1349 729 vt
1361 698 1500 731 minime
1514 701 1622 734 nostra
1633 700 1779 749 ipsorum
1790 703 1894 740 facul⁴

0 730 14 773 ';
65 751 130 775 tate
140 740 180 773 ad
190 739 411 787 percontanda
420 740 484 772 Dei
495 750 610 772 arcana
620 740 792 785 peruenire
802 736 988 786 possumus:
1003 743 1047 774 ita
1056 743 1196 789 Spiritus
1211 739 1313 777 saneti
1324 746 1426 790 gratia
1436 747 1471 779 in
1482 758 1601 781 certam
1613 762 1649 783 ac
1660 750 1823 797 liquidam
1835 768 1893 788 co-

12 780 13 785 *
64 800 138 822 rum
150 789 382 834 cognitionem
392 787 683 820 admittimur-lam
694 786 714 820 fi
726 799 924 834 praecuiitem
937 789 1098 835 Spiritum
1109 787 1200 836 sequi
1210 790 1413 837 oportetzvbi
1424 792 1480 826 ille
1491 808 1553 829 nos
1563 797 1718 839 destituit,
1736 800 1805 835 illic
1817 801 1894 836 refi-

12 833 13 839 ’
63 837 214 871 steiiduiii
225 835 279 873 est,
295 839 327 870 δέ
340 835 440 868 veluti
453 833 600 882 figendus
610 835 737 881 gradus:
750 834 848 881 liquis
859 834 932 882 plus
943 835 1118 883 agnoscere
1128 836 1258 873 affectet
1271 852 1371 886 quam
1385 839 1439 874 ille
1450 843 1602 878 reuelarit
1613 870 1622 884 ,
1636 848 1798 883 immenso
1808 849 1892 885 lucis

61 885 153 920 illius
165 882 325 918 inacceffae
334 882 462 930 fulgore
474 885 690 930 opprimetur.
723 884 884 917 Tenenda
897 884 974 918 vero
986 885 1144 932 est‚quam
1155 899 1261 934 nuper
1269 888 1376 928 attuli,
1387 890 1556 924 distinctio
1567 894 1651 927 inter
1661 907 1816 931 arcanum
1826 900 1891 932 Dei

62 931 238 967 confilium
251 935 283 965 ὃ(
295 930 502 965 voluntatem
515 934 549 965 in
562 932 728 978 Scriptura
737 930 942 978 patefactam.
961 934 1118 978 Qanuis
1130 937 1218 968 enim
1231 947 1300 969 tota
1309 938 1482 984 Scripturae
1491 940 1641 975 doctrina
1650 968 1660 982 ‚
1677 942 1825 979 hominis
1838 949 1892 981 jn-

61 982 200 1029 genium
211 979 383 1013 altitudine
394 978 446 1013 sua
458 978 666 1027 superetssnon
680 991 788 1013 tamen
799 980 838 1013 ad
848 993 918 1014 earn
931 981 1140 1028 praecluditiir
1148 981 1289 1018 acccisus
1302 983 1465 1023 fidelibus,
1478 990 1536 1033 qui
1547 1001 1731 1024 tenerentur
1741 997 1772 1026 ὃς
1786 992 1889 1030 sobrie

58 1030 222 1077 Spiritum
233 1026 412 1073 sequuntur
422 1029 540 1062 ducem
550 1050 560 1065 ‚
570 1024 623 1061 sed
632 1027 695 1061 alia
704 1029 748 1062 est
757 1031 866 1062 arcani
877 1028 1008 1063 contilii
1020 1033 1120 1070 ratio,
1141 1033 1235 1066 cuius
1246 1032 1452 1080 profunditas
1464 1040 1496 1069 ὅ(
1509 1036 1652 1073 altitudo
1663 1044 1891 1086 percontando

58 1077 177 1124 attingi
187 1079 314 1122 nequit.
548 1075 592 1098 λ’

97 1134 129 1170 35
166 1125 249 1172 Qs
255 1129 336 1170 prior
343 1121 430 1156 dedit
437 1124 476 1162 ei,
493 1124 570 1166 δίε.)
621 1123 732 1158 Altera
741 1127 904 1171 ratio‚qua
916 1125 983 1159 Dei
995 1127 1118 1161 iustitia
1133 1126 1328 1164 validiffime
1344 1131 1493 1166 aduersus
1503 1146 1619 1168 ornnes
1628 1136 1812 1182 impiorum
1824 1140 1891 1172 cri-⁴

55 1175 256 1208 minationes
266 1171 459 1207 defenditur.
486 1172 575 1206 Nam
587 1170 609 1206 fi
618 1185 720 1206 nemo
728 1171 825 1207 illum
837 1172 899 1211 suis
915 1176 1040 1208 meritis
1050 1174 1246 1211 obstrietum
1258 1177 1314 1212 sibi
1325 1179 1422 1213 habet
1431 1204 1440 1217 ‚
1463 1181 1574 1216 nullus
1585 1194 1662 1216 cum
1684 1197 1723 1217 eo
1734 1187 1888 1232 expostu-

55 1220 122 1257 lare
133 1224 202 1256 iure
212 1222 316 1268 potest
325 1244 336 1259 ‚
348 1219 439 1267 quod
449 1222 750 1255 remunerationem
762 1234 833 1255 non
842 1224 990 1269 accipiat.
1008 1224 1082 1268 Qi
1091 1226 1181 1258 enim
1194 1225 1341 1272 aliquem
1351 1229 1389 1262 ad
1399 1229 1483 1264 bene
1493 1229 1552 1263 libi
1571 1229 1759 1266 iaciendum
1770 1242 1890 1281 cogere!
1904 1255 1908 1256 ν

20 1274 27 1286 ·’
40 1296 42 1299 -
53 1268 138 1306 vult,
150 1281 226 1304 eum
236 1266 411 1304 suafofficia
421 1268 542 1314 quibus
552 1271 597 1303 ira
607 1269 645 1302 de
659 1263 730 1315 ipso
741 1271 878 1304 meritus
887 1268 924 1317 lit
932 1292 942 1307 ‚
960 1269 1104 1317 proferre
1115 1272 1238 1307 necess'e
1249 1273 1304 1307 est.
1333 1278 1398 1311 Hic
1409 1289 1487 1324 ergo
1500 1278 1592 1312 Pauli
1605 1279 1712 1313 verbis
1723 1283 1805 1314 inest
1817 1281 1890 1317 sen·

20 1344 24 1356 ς
52 1316 200 1356 sus,Non
211 1316 304 1353 aliter
314 1316 495 1352 insimulari
504 1318 671 1353 iniustitiae
705 1318 786 1351 otest
794 1319 897 1354 Deus,
911 1319 1012 1363 quam
1023 1317 1044 1351 si
1052 1319 1178 1353 dicatur
1190 1333 1259 1355 non
1269 1323 1399 1357 reddere
1409 1328 1531 1371 cuique
1540 1327 1632 1372 quod
1641 1326 1673 1360 su
1679 1341 1735 1361 um
1747 1330 1800 1362 est.
1819 1332 1890 1365 Co-

53 1367 112 1402 stat
121 1377 231 1401 autern
241 1368 414 1401 neminem
431 1368 500 1400 iure
509 1363 568 1400 suo
577 1365 618 1399 ab
628 1378 668 1399 eo
697 1366 966 1412 ‘audari‚quando
978 1369 1106 1401 nemini
1117 1368 1160 1401 est
1172 1367 1349 1404 obnoxius.
1360 1375 1434 1418 quis
1446 1376 1536 1406 enim
1547 1387 1631 1420 opus
1643 1375 1780 1422 aliquod
1792 1376 1824 1412 su
1830 1391 1848 1412 u
1854 1392 1889 1413 m

54 1417 173 1450 iactate
182 1415 371 1462 potest,quo
381 1416 450 1449 eius
461 1415 597 1461 gratiam
611 1413 647 1448 sit
657 1416 879 1461 promeritus?
890 1415 941 1448 Est
950 1425 1060 1448 autern
1072 1415 1232 1450 notabilis
1244 1417 1299 1451 hic
1310 1418 1490 1466 locus‚quo
1500 1422 1658 1456 docemur
1667 1437 1738 1458 non
1753 1425 1811 1459 eisc
1824 1440 1888 1460 κιο-

53 1464 121 1498 strae
130 1461 294 1498 facultatis
303 1485 313 1500 ‚
328 1464 442 1497 Deum
453 1462 571 1497 nostris
583 1460 763 1498 benefactis
773 1463 813 1496 ad
822 1461 1054 1496 conferendam
1066 1463 1164 1499 nobis
1182 1463 1319 1499 salutem
1338 1479 1539 1514 prouocare:
1564 1468 1615 1503 sed
1632 1466 1728 1505 illum
1746 1478 1887 1519 gratuita

50 1510 203 1547 bonitate
213 1511 426 1545 immerentes
436 1512 624 1557 praeuenire.
643 1523 712 1544 non
722 1512 812 1544 enim
826 1511 955 1545 tantum
972 1512 1053 1557 quid
1063 1511 1166 1547 facere
1176 1512 1300 1548 soleant
1310 1514 1466 1550 homines
1477 1540 1486 1554 ‚
1511 1516 1563 1551 sed
1577 1520 1655 1564 quid
1668 1524 1812 1556 omnino
1830 1536 1887 1557 va:

50 1558 142 1594 leant
152 1582 163 1597 ‚
179 1559 390 1593 demonstrat.
418 1557 554 1603 Qodsi
569 1557 674 1605 probe
696 1568 845 1592 excutere
856 1571 919 1593 nos
931 1560 1088 1594 volumus
1100 1587 1110 1601 ,
1134 1574 1205 1595 non
1219 1563 1320 1596 inodo
1332 1568 1532 1612 reperiemus
1552 1567 1662 1600 Deum
1675 1580 1887 1615 nequaquam

4 1641 5 1645 ,
48 1606 112 1643 esst:
122 1606 220 1642 nobis
230 1606 414 1642 debitorem
423 1629 433 1643 ‚
445 1605 496 1639 sed
506 1618 568 1640 nos
578 1606 618 1639 ad
628 1618 732 1640 vnum
743 1618 862 1640 omnes
871 1605 1031 1643 esseillius
1041 1610 1167 1643 iudicio
1177 1608 1363 1645 obnoxios:
1378 1626 1449 1648 non
1461 1614 1563 1648 modo
1575 1614 1702 1649 nullam
1713 1617 1753 1650 ab
1764 1631 1803 1651 eo
1813 1631 1886 1665 gra—

0 1682 2 1690 ,
20 1668 30 1677 '⁴
39 1655 132 1692 tiam
142 1657 340 1704 promeritos
353 1677 363 1692 ,
375 1652 426 1688 sed
439 1664 557 1688 :eterna
567 1664 674 1688 morte
683 1653 856 1701 plusquam
869 1655 990 1702 dignos
1000 1654 1070 1691 esse.
1092 1658 1165 1692 Nec
1177 1658 1253 1692 verb
1265 1660 1393 1694 tantum
1408 1674 1571 1710 corruptae
1582 1667 1616 1697 ὃς
1630 1663 1754 1702 vitiosae
1763 1676 1886 1701 naturae

0 1733 2 1741 ,
47 1703 196 1752 respeehi
206 1705 317 1737 Deum
327 1701 412 1736 nihil
423 1700 521 1737 nobis
531 1701 646 1736 debere
656 1701 776 1737 Paulus
789 1702 938 1750 colligit:
955 1701 1006 1738 sed
1016 1704 1039 1739 fi
1050 1708 1179 1753 integer
1189 1704 1263 1740 effer
1272 1707 1379 1743 homo
1389 1733 1399 1747 ,
1413 1722 1511 1758 negat
1521 1722 1633 1745 tamen
1645 1714 1825 1759 quicquam
1837 1714 1886 1748 af-

0 1768 2 1777 >
27 1791 29 1793 ,
46 1749 131 1788 ferre
139 1763 251 1786 coram
259 1753 336 1785 Deo
345 1748 445 1799 polse,
458 1763 526 1797 quo
537 1748 595 1785 fibi
604 1752 743 1798 gratiam
754 1750 923 1789 conciliet:
935 1755 1014 1798 quia
1023 1753 1220 1801 simulatque
1230 1754 1291 1789 effe
1302 1759 1422 1805 incipit
1432 1783 1443 1797 ‚
1469 1763 1533 1793 iam
1544 1758 1616 1807 ipso
1627 1763 1805 1797 creationis
1815 1768 1886 1798 iure

27 1807 33 1813 “
45 1803 94 1835 ita
103 1798 148 1835 est
157 1797 272 1848 opifici
282 1797 340 1834 suo
349 1799 510 1840 addictus,
520 1810 555 1833 vt
568 1798 654 1834 nihil
665 1802 840 1847 proprium
851 1798 978 1834 habeat.
994 1803 1118 1836 Frustra
1127 1815 1205 1850 ergo
1216 1805 1267 1838 ius
1277 1807 1306 1838 ei
1316 1804 1410 1840 suum
1426 1810 1553 1855 eripere
1563 1808 1778 1850 tentabimus,
1793 1824 1834 1845 ne
1843 1811 1886 1846 li-

45 1848 134 1887 bere,
148 1858 249 1897 prout
259 1845 363 1882 visum
374 1846 484 1885 fuerit,
500 1848 540 1881 de
549 1846 614 1882 suis
624 1846 793 1895 figmentis
805 1849 972 1886 statuat‚ac
983 1849 1006 1883 si
1018 1862 1134 1885 mutua
1144 1850 1219 1886 effer
1235 1858 1361 1901 accepti
1374 1860 1408 1899 §c
1421 1855 1549 1903 expenfi
1560 1859 1656 1890 ratio.

49 1920 51 1924 .
92 1900 133 1943 36
182 1897 339 1944 Qniam
348 1908 387 1930 ex
397 1897 448 1930 illo
460 1899 497 1935 ὠ·
500 1906 558 1945 per
565 1897 675 1941 illum.)
715 1895 941 1931 Confirmatio
963 1898 1006 1932 est
1014 1903 1174 1946 proximae
1184 1898 1361 1936 sententiat.
1382 1904 1530 1938 Multum
1543 1907 1633 1939 enim
1641 1904 1745 1940 abeffe
1754 1908 1883 1950 oste‘dit,

43 1955 81 1981 vt
91 1942 251 1995 poffimus
261 1944 330 1979 vllo
341 1946 478 1993 proprio
488 1944 582 1979 bono
592 1944 726 1992 gloriari
736 1942 885 1980 aduersus
895 1947 1019 1984 Deum,
1029 1960 1135 1994 quum
1149 1948 1208 1996 ipsi
1217 1949 1258 1982 ab
1269 1962 1309 1984 eo
1323 1955 1420 1985 limus
1432 1965 1470 1986 ex
1481 1952 1591 1987 nihilo
1600 1957 1750 1994 creatu&
1764 1959 1797 1989 in
1812 1956 1883 2005 ipso

44 2006 137 2029 nunc
145 1992 296 2028 consistat
305 1993 454 2028 nostrum
465 1990 534 2040 effe.
550 1994 626 2027 inde
637 2005 770 2040 aequum
781 1992 840 2028 effe
859 1993 991 2041 colligit
1004 2006 1038 2029 vt
1053 1998 1088 2030 in
1099 1999 1169 2030 eius
1179 1997 1321 2044 gloriam
1333 1999 1499 2047 dirigatur.
1525 2003 1637 2048 Qam
1650 2015 1739 2036 enim
1752 2000 1883 2052 prepo-

43 2042 166 2078 sterum
177 2039 250 2076 effer
259 2064 268 2079 ,
281 2054 361 2088 quas
371 2039 436 2089 ipse
449 2039 544 2075 finxit
555 2051 730 2083 creaturas,
742 2046 776 2076 &
788 2054 868 2089 quas
880 2042 1062 2081 conseruat,
1070 2043 1137 2079 alio
1148 2047 1248 2090 quarn
1264 2047 1303 2079 ad
1313 2046 1537 2082 illustrandam
1546 2061 1617 2083 eius
1629 2049 1770 2096 gloriam
1783 2053 1883 2087 refer-

43 2092 95 2125 ri?
104 2090 188 2125 Non
201 2101 253 2124 me
263 2090 348 2138 fugit
359 2089 555 2137 particulam
565 2089 600 2122 dc
608 2089 706 2128 αὐτδν,
717 2102 780 2139 pro
788 2091 815 2123 ἐν
828 2085 914 2133 αὐτῷ
922 2092 1089 2127 interdum
1099 2096 1216 2140 accipi,
1232 2091 1283 2127 sed
1292 2093 1434 2130 abufiiie.
1473 2099 1592 2143 Qun
1603 2110 1713 2132 autem
1727 2104 1881 2147 proprius

40 2137 244 2186 significatus
262 2141 365 2186 magis
378 2136 525 2186 praeseuti
540 2150 739 2186 argumento
752 2140 890 2186 quadret
907 2163 918 2177 ‚
940 2152 1017 2173 eum
1026 2143 1168 2175 retinere
1185 2140 1313 2189 praestat
1323 2144 1423 2189 quam
1435 2145 1472 2178 ad
1493 2148 1776 2193 improprietatem
1795 2161 1881 2184 con-

41 2186 166 2234 fugere.
193 2188 331 2221 Summa
342 2188 385 2220 est
395 2210 405 2223 ‚
413 2187 607 2233 Praepostere
618 2189 720 2221 euetti
741 2198 853 2222 totum
862 2198 985 2222 naturae
994 2189 1145 2223 ordinem
1156 2213 1167 2227 ,
1178 2189 1239 2224 nisi
1249 2190 1339 2225 Deus
1348 2214 1357 2228 ,
1369 2195 1426 2238 qui
1436 2196 1643 2241 principium
1664 2195 1707 2228 est
1719 2207 1828 2230 rerum
1839 2211 1879 2231 o-

42 2236 175 2270 mnium
187 2261 198 2275 ‚
207 2235 296 2270 idern
307 2237 406 2269 etiam
419 2234 454 2268 sit
465 2233 550 2268 finis.
575 2267 578 2270 ,
602 2236 778 2283 Ipsigloria.
808 2235 1076 2284 Propofitionem
1086 2237 1177 2273 velut
1187 2237 1372 2286 probatam,
1387 2253 1479 2275 nunc
1489 2241 1695 2276 confidenter
1707 2255 1767 2290 pro
1778 2247 1878 2280 indu—

41 2282 97 2322 bia
105 2281 168 2317 affu
174 2285 234 2317 mit
245 2306 255 2321 ,
266 2283 360 2331 quod
371 2282 492 2317 scilicet
508 2282 631 2329 vbique
640 2282 695 2318 sua
705 2284 863 2319 Domino
882 2283 988 2331 gloria
998 2285 1185 2320 immobilis
1195 2299 1328 2321 manere
1338 2287 1462 2322 debeat.
1492 2291 1621 2338 Frigida
1630 2293 1721 2324 enim
1733 2295 1792 2325 erit
1803 2292 1876 2328 sen-

40 2333 146 2366 tentia
155 2353 166 2369 ,
181 2329 204 2365 fi
215 2344 287 2366 eam
306 2332 502 2379 generaliter
512 2333 653 2379 accipias
665 2345 672 2365 :
699 2330 752 2366 sed
761 2332 922 2380 emphasis
931 2334 948 2366 ὲ
959 2334 1190 2369 circunstantia
1201 2334 1267 2368 loci
1279 2337 1400 2382 pendet
1409 2360 1419 2374 ,
1433 2338 1548 2372 Deum
1561 2337 1620 2373 fibi
1631 2340 1699 2372 iure
1718 2342 1872 2376 vendica-

40 2392 74 2414 re
85 2391 214 2413 merum
226 2382 405 2428 imperium
415 2403 424 2418 ‚
447 2383 480 2413 δι
494 2382 528 2413 in
539 2380 620 2413 statu
635 2380 775 2415 humani
787 2382 915 2429 generis
926 2392 963 2414 ac
974 2384 1077 2416 totius
1086 2383 1204 2418 mundi
1219 2382 1307 2417 nihil
1325 2396 1412 2419 extra
1422 2388 1490 2420 eius
1500 2386 1642 2434 gloriam
1661 2391 1874 2433 quaerendum

41 2427 112 2464 effe.
140 2428 232 2462 Vnde
242 2426 385 2475 sequitur
394 2452 404 2466 ,
415 2425 563 2463 absurdas
573 2440 610 2463 ac
618 2430 747 2464 ratione
756 2429 878 2465 alienas
885 2455 896 2470 ‚
906 2429 977 2464 imo
989 2427 1115 2475 insana's
1126 2429 1186 2466 esse
1196 2433 1417 2478 cogitationes
1427 2447 1634 2482 quaecunque
1643 2436 1681 2468 ad
1691 2435 1875 2474 detreetan-

40 2476 115 2513 dam
128 2478 197 2511 eius
207 2475 351 2523 gloriam
359 2487 512 2524 vergunt.

750 2572 880 2609 CAP.
929 2575 1028 2611 xli.

153 2672 265 2729 Bftcro
274 2677 391 2728 itaque
398 2685 466 2711 vos
464 2670 669 2727 fratres,per
674 2669 905 2723 miftrationes
916 2675 996 2720 Dei,
1000 2684 1046 2712 vt
1041 2673 1171 2730 fiffatt‘a
1180 2687 1314 2732 corpora
1323 2674 1432 2726 vestra
1443 2673 1583 2730 hostiam
1594 2674 1873 2734 viuamfic‘t‘am,

41 2675 315 2785 Oacceptam
327 2726 651 2773 Deo,rationabilem
663 2726 788 2783 cultum
799 2727 960 2782 vestrum.
1033 2740 1036 2743 ’

92 2801 113 2826 2
168 2795 217 2827 Et
221 2800 265 2825 ne
273 2784 482 2838 conformem
492 2798 559 2822 vos
566 2782 645 2824 huic
654 2781 1164 2843 mundozftdtranfiguremini
1186 2791 1403 2829 renouatione
1411 2793 1534 2829 menti?
1544 2791 1670 2847 vestra:
1685 2789 1876 2848 vtprobeta'r

37 2844 164 2899 quasit
173 2842 338 2884 voluntas
347 2843 417 2880 Dei
425 2837 570 2888 bonm&
574 2837 754 2895 placitas&
758 2839 922 2894 perfed't'a.

43 2924 51 2938 ¹
84 2917 260 2962 Postquam
272 2926 310 2948 eav
317 2914 470 2948 tractauit
478 2911 610 2949 Paulus,
624 2913 709 2945 vnde
719 2908 841 2946 necesse
852 2914 964 2946 eratin
974 2924 1080 2961 regno
1087 2915 1150 2948 Dei
1166 2917 1324 2963 erigendo
1337 2919 1483 2966 incipere
1493 2942 1503 2956 ‚
1526 2918 1566 2953 ab
1578 2932 1645 2953 vno
1654 2920 1729 2953 Deo
1740 2910 1877 2966 petendii

39 2962 251 3004 iustitiam,ab
263 2964 362 2997 vnica
374 2963 443 2995 eius
455 2958 677 2994 misericordia
688 2958 826 2993 salutern
837 2959 935 2994 nobis
946 2963 1178 3008 inquirendam
1192 2987 1203 3000 ,
1213 2967 1251 2999 -in
1261 2964 1331 3000 solo
1344 2967 1477 3001 Christo
1488 2966 1626 3014 pofitam
1637 2967 1734 3001 nobis
1744 2965 1803 2999 eise
1813 2966 1877 3000 bo-

39 3023 162 3046 norum
173 3012 329 3046 omnium
339 3008 552 3049 summarrn&
562 3008 715 3054 quotidie
727 3010 883 3056 proponi:
893 3021 984 3043 nunc
994 3012 1130 3057 optimo
1141 3013 1257 3047 ordine
1267 3013 1378 3048 transit
1390 3016 1430 3048 ad
1441 3014 1632 3049 formandos
1644 3016 1877 3059 mores.Siqui-

40 3059 115 3093 dem
125 3057 265 3094 saluifica
279 3057 335 3092 illa
343 3060 407 3091 Dei
417 3055 607 3103 Christique
618 3057 828 3103 cognitione,
840 3058 952 3092 anima
963 3057 1051 3104 quasi
1062 3064 1319 3106 regeneratur‘in
1331 3062 1489 3097 caelestem
1501 3066 1601 3097 vitani
1613 3076 1621 3096 :
1636 3061 1754 3096 sanctis
1765 3073 1875 3096 autem

41 3106 326 3142 exhortationibus
336 3119 372 3140 ac
382 3108 552 3153 praeceptis
563 3106 629 3138 vita
640 3102 707 3151 ipsa
717 3104 971 3149 quodammodo
981 3105 1140 3141 formatur
1152 3112 1187 3142 &
1200 3110 1421 3145 constituitur.
1432 3110 1489 3144 Fru
1495 3111 1553 3144 stra
1564 3113 1653 3144 enim
1665 3121 1876 3158 componen-

41 3155 88 3189 ἁτε
100 3156 172 3189 vitae
181 3155 322 3189 studium
333 3152 494 3192 ostendaS,
507 3152 565 3187 nisi
575 3155 666 3200 prius
677 3153 789 3186 omnis
799 3152 926 3186 iustitiae
935 3156 1103 3201 originem
1112 3155 1308 3192 hominibus
1330 3160 1365 3192 in
1377 3160 1450 3192 Deo
1464 3163 1496 3192 &
1509 3157 1640 3192 Christo
1653 3156 1712 3189 esse
1723 3157 1874 3191 ostende-

39 3205 103 3238 ris:
127 3203 218 3249 quod
228 3203 271 3237 est
281 3200 367 3250 ipsos
376 3203 395 3236 a
418 3203 563 3235 mortuis
572 3203 719 3235 excitare.
744 3201 856 3246 Atque
865 3201 930 3235 hoc
940 3205 1145 3251 praecipuum
1161 3205 1205 3239 est
1216 3205 1388 3254 Euangelij
1414 3210 1447 3240 ὃς
1458 3203 1678 3250 Philosophiae
1688 3203 1873 3239 discrimen.

39 3251 198 3299 Qanuis
209 3253 298 3284 enim
308 3249 477 3298 splendide
489 3253 523 3284 &
536 3262 614 3284 cum
627 3260 747 3295 magna
757 3250 885 3295 ingenii
894 3247 989 3283 laude
998 3250 1132 3286 Philoso
1159 3252 1193 3286 hi
1205 3254 1244 3287 de
1255 3254 1405 3288 moribus
1413 3253 1754 3298 differtinr,1quicquid
1765 3265 1876 3287 tamen

38 3310 177 3334 ornatus
187 3297 325 3345 refulget
337 3301 372 3332 in
381 3310 496 3333 eorum
507 3299 677 3345 praeceptis
686 3323 696 3337 ‚
724 3297 860 3343 perinde
871 3297 914 3331 est
924 3310 961 3332 ac
972 3299 1124 3346 praeclara
1132 3264 1454 3348 superficiesaedificii
1466 3299 1530 3334 sine
1541 3298 1758 3335 fundamento
1771 3314 1779 3334 2
1799 3304 1876 3347 quia

40 3345 166 3383 omissis
175 3347 348 3396 principiis
365 3345 522 3382 mutilam
532 3346 720 3382 doctrinam
741 3355 814 3380 non
825 3343 914 3380 secus
923 3357 960 3380 ac
970 3357 1091 3396 corpus
1101 3351 1208 3396 capite
1217 3359 1409 3384 truncatum
1419 3358 1637 3429 proponsslm'*
1646 3348 1721 3402 -IJIec
1732 3349 1877 3385 multum

40 3408 43 3412 ,
211 3411 216 3413 ,
1570 3419 1579 3429 .
1629 3408 1688 3441 iiij.
