2268 3705
264 137 325 164 210
847 117 941 168 IN
986 114 1291 167 i-EPIST-
1345 112 1591 167 FAVLI

269 207 346 232 ante
355 196 444 230 diem
456 193 572 230 iudicii
582 192 681 243 plena
690 190 857 229 constabit
866 217 876 231 ‚
894 193 1181 240 quemadmodum
1192 190 1302 227 statim
1319 190 1511 226 audiemus:
1533 190 1620 224 vnde
1631 187 1826 238 colligimus
1846 193 1952 224 totam
1962 181 2048 228 lianc
2065 194 2116 228 di-

269 244 496 294 sputationem
506 244 546 278 ad
556 243 795 278 intermedium
805 254 938 290 tempus
949 238 1064 276 inscite
1077 240 1172 275 trahi.

321 305 348 327 ιι
395 294 504 343 Qum
513 293 597 339 essem
601 296 700 342 puer.)
738 290 965 326 similitudine
974 289 1067 337 quod
1077 290 1160 323 dixit
1170 284 1319 322 illustrat.
1333 287 1444 323 Multa
1455 289 1545 321 enim
1557 289 1705 335 pueritiae
1716 290 1928 322 conueniunt
1936 312 1946 326 ,
1958 301 2029 335 quae
2040 303 2116 325 eua-

272 342 412 377 nescunt
423 342 535 390 postea
544 354 621 376 cum
633 351 735 377 aetate.
752 337 904 386 Exempli
915 340 1036 386 gratias
1047 338 1198 371 Pueritiae
1209 334 1384 371 neceilaria
1393 337 1437 370 est
1447 334 1655 384 pae‘dagogia:
1670 334 1759 369 virili
1768 339 1853 370 aetati
1863 350 1935 371 non
1945 343 2114 385 congruit.

270 391 347 427 Nos
356 388 549 438 quantisper
557 390 709 437 degimus
718 391 754 422 in
765 388 830 422 hoc
842 387 984 423 mundo,
994 386 1184 434 indigemus
1194 386 1388 433 paedagogia
1397 384 1538 430 quadam
1550 397 1557 416 :
1571 383 1687 432 procul
1706 384 1813 418 adhuc
1824 386 1977 420 distamus
1987 387 2005 419 a
2017 386 2115 434 plena

272 438 442 488 sapientia.
452 437 616 474 Pei-feam
626 438 728 485 igitur
739 448 812 482 quae
822 437 882 469 erit
893 435 1006 481 quaeda
1016 431 1193 483 spiritualis
1205 437 1308 468 :etatis
1324 435 1494 467 maturitas
1505 455 1514 469 ‚
1526 431 1626 466 finem
1638 432 1838 480 paedagogiae
1849 435 2003 481 imponet
2012 461 2022 475 ‚
2033 436 2115 471 eius-

273 502 338 537 que
348 486 600 537 appendicibus.
618 486 671 520 Ad
679 482 835 535 Ephesios
844 484 995 519 hortatur
1007 496 1049 519 ne
1058 480 1157 518 simus
1167 481 1311 532 amplius
1322 483 1434 530 pueri:
1454 479 1505 522 sed
1522 479 1621 515 aliam
1642 483 1806 516 rationem
1824 480 1893 516 illic
1901 482 2047 530 sequitur
2056 508 2066 522 ,
2077 486 2116 519 de

273 550 339 585 qua
350 549 433 572 tunc
443 537 602 570 dicemus.
1367 576 1370 578 -
1823 532 1827 533 ’

321 597 361 621 η
403 586 560 618 Cernimus
572 593 653 616 nunc
658 591 717 629 per
719 582 896 629 speculum.)
945 579 1140 628 Applicatio
1160 577 1388 613 similitudinis
1400 604 1410 618 ,
1424 578 1548 613 Modus
1558 575 1699 612 scientiae
1717 590 1818 626 quam
1834 591 1878 613 nu
1885 590 1926 612 nc
1943 578 2117 620 habemus,

273 636 319 669 im
324 633 523 682 perfectioni
542 634 576 666 &
587 629 677 677 quasi
687 631 835 678 pueritiae
847 632 1005 677 congruit
1018 642 1026 662 :
1049 630 1128 676 quia
1138 628 1291 662 nondum
1301 628 1341 662 ad
1351 626 1519 674 liquidum
1531 629 1699 661 cernimus
1710 629 1804 674 regni
1814 626 1939 668 celestis
1950 629 2113 673 mysteria,

273 695 336 718 nec
346 682 435 716 claro
445 679 553 714 adhuc
564 681 691 714 intuitu
700 677 855 713 fruimur.
892 678 944 713 Ad
954 677 987 711 id
999 677 1187 712 notandum
1196 675 1260 710 alia
1270 674 1485 710 similitudine
1503 678 1606 710 vritur
1617 689 1624 709 :
1635 687 1756 724 nempe
1766 675 1857 722 quod
1867 688 1938 709 non
1946 677 2115 713 videamus

272 742 365 766 nunc
376 728 436 772 nisi
447 740 607 775 tanquam
618 729 655 762 in
663 724 809 776 speculo,
820 725 962 773 ideoque
972 724 1108 760 obscure
1119 738 1126 758 :
1137 737 1238 771 quam
1248 723 1481 760 obscuritatem
1491 722 1597 759 intelli
1602 726 1651 771 git
1661 725 1801 767 nomine
1819 724 1992 771 aemgmatis.
2001 726 2115 761 Primo

272 790 344 814 non
355 777 497 812 dubium
507 778 552 811 est
561 778 645 824 quin
657 776 877 810 ministerium
887 774 1000 811 Verbi,
1018 777 1052 808 &
1063 786 1135 820 qua:
1149 774 1187 807 ad
1198 771 1306 821 ipsum
1319 773 1537 809 exercendum
1547 775 1762 820 requiruntur
1772 772 2118 821 instrumenta,specu-

273 826 309 861 lo
322 837 502 875 comparet.
528 827 620 860 Deus
634 826 724 859 enim
734 849 745 863 ‚
757 824 886 871 alioqui
897 821 1085 864 inuisibilis,
1091 822 1160 856 haec
1175 823 1282 856 media
1292 822 1461 858 ordinauit
1470 819 1548 855 adse
1556 820 1656 856 nobis
1667 819 1932 868 patefaciendum
1943 824 2118 870 :quanqui

270 876 315 910 ad
321 886 428 910 totam
440 875 558 909 mundi
568 871 853 922 compositionem
865 873 997 909 extendi
1008 873 1108 905 etiam
1118 870 1184 905 hoc
1194 871 1312 919 potest,
1323 873 1358 905 iri
1367 882 1434 919 qua
1443 868 1566 904 relucet
1575 868 1674 904 nobis
1684 871 1749 904 Dei
1760 868 1876 916 gloria:
1889 868 1984 906 sicuti
1993 870 2116 907 habui-

272 936 347 958 mus
358 926 462 958 Rom.
473 935 496 957 1.
506 935 533 958 c.
547 926 599 957 26.
623 925 662 957 Et
675 922 714 957 ad
724 921 828 955 Hebr.
838 933 874 955 11.
883 922 945 968 d.i3
956 945 965 960 ‚
977 922 1151 956 Creaturas
1161 918 1344 967 Apostolus
1355 920 1510 955 nominat
1518 915 1647 967 specula
1657 941 1666 956 ‚
1679 920 1714 952 in
1730 917 1852 964 quibus
1863 917 2038 956 inuisibilis
2049 921 2117 956 Dei

271 973 421 1008 maiestas
431 984 575 1021 apparet:
591 969 643 1006 sed
653 972 816 1017 quoniam·
825 968 882 1005 hic
892 968 1102 1018 peculiariter
1112 968 1151 1001 de
1160 966 1387 1016 spiritualibus
1399 967 1498 1003 donis
1510 969 1579 1014 agit
1587 991 1597 1005 ,
1609 980 1680 1014 quae
1692 964 1840 1000 seruiunt
1850 965 1998 1003 Ecclesiae
2010 969 2117 1003 mini-

271 1022 368 1056 sterio
377 1046 387 1060 ,
397 1020 538 1068 suntque
549 1023 618 1055 eius
632 1019 841 1067 appendices.
853 1022 899 1053 iio
910 1016 1126 1064 euagabimur
1138 1015 1286 1063 longius.
1306 1014 1408 1051 Verbi
1417 1017 1557 1062 inquam
1568 1016 1790 1053 ministerium
1799 1014 1989 1062 speculo'est
1997 1015 2118 1053 simile.

269 1069 394 1118 Angeli
408 1072 499 1105 enim
509 1081 617 1115 neque
628 1068 985 1115 praedicatione,neqiie
994 1064 1067 1100 aliis
1082 1063 1296 1100 inferioribus
1306 1065 1519 1101 adiumentis,
1530 1076 1638 1111 neque
1649 1064 1868 1101 Sacramentis
1882 1064 2116 1112 indigentzalio

268 1122 362 1153 enim
377 1119 443 1152 Dei
453 1116 608 1165 cospestu
619 1119 756 1150 irui'itur:
771 1128 881 1162 neque
890 1118 926 1149 in
934 1112 1067 1162 speculo
1076 1113 1181 1148 tatum
1191 1111 1282 1148 suam
1293 1111 1359 1146 illis
1368 1111 1486 1148 faeiem
1498 1111 1701 1162 repraesentat
1709 1114 1812 1152 Deus,
1824 1110 1878 1146 sed
1888 1112 1998 1160 palam
2007 1111 2038 1148 se
2047 1113 2116 1151 illis

269 1165 461 1216 praesentem
471 1165 612 1201 exhibet.
623 1165 698 1199 Nos
709 1165 768 1210 qui
779 1164 933 1199 nondum
944 1166 980 1197 in
990 1172 1116 1198 tantam
1127 1160 1341 1196 altitudinem
1351 1157 1605 1197 conscendimus
1613 1185 1623 1198 ‚
1641 1162 1824 1211 imaginem
1833 1162 1898 1196 Dei
1907 1160 2115 1209 speculamur

269 1215 377 1262 qualis
387 1213 524 1250 offertur
533 1213 633 1248 nobis
642 1215 678 1247 iri
688 1211 810 1252 Verbo,
820 1215 857 1247 in
865 1212 1136 1248 Sacramentis,in
1145 1221 1220 1247 toto
1231 1210 1376 1256 denique
1383 1207 1531 1245 Ecclefiae
1539 1209 1732 1243 ministerio.
1739 1209 1837 1245 Hanc
1847 1207 2010 1245 visionem
2021 1213 2117 1245 AEni·

269 1267 449 1311 gmaticam
460 1263 516 1298 hic
526 1260 670 1311 appellat
678 1260 884 1296 Paulusuion
894 1262 972 1309 quia
981 1259 1082 1294 dubia
1090 1257 1128 1295 fit
1136 1270 1193 1294 aut
1203 1257 1310 1295 fallax,
1325 1256 1378 1292 sed
1387 1259 1466 1304 quia
1474 1259 1587 1294 minus
1596 1256 1749 1304 cospicua
1758 1258 1813 1298 est,
1832 1259 1935 1304 quam
1945 1271 2018 1304 quae
2029 1258 2116 1295 olim

269 1324 417 1347 extremo
427 1313 480 1347 die
490 1311 639 1347 c6stabit.
650 1310 743 1344 Idem
753 1309 826 1344 aliis
837 1308 946 1344 verbis
956 1309 1055 1342 docet
1067 1309 1102 1343 in
1112 1308 1292 1356 posteriorc
1299 1305 1458 1357 Epistola,
1470 1306 1545 1340 Nos
1555 1305 1705 1354 quandiu
1717 1308 1754 1340 in
1763 1305 1905 1354 corpore
1912 1306 2116 1347 habitamus,

265 1363 467 1410 peregrinari
480 1361 498 1395 a
507 1360 756 1405 Domino:quia
764 1370 821 1406 per
831 1355 929 1393 fidem
939 1355 1108 1392 ambulatu
1114 1360 1200 1393 us‚&
1211 1369 1281 1391 non
1293 1367 1350 1403 per
1358 1351 1620 1402 aspesturmfides
1629 1365 1708 1401 ergo
1717 1354 1827 1389 nostra
1835 1356 1949 1390 Deum
1958 1369 2050 1391 nunc
2061 1359 2117 1392 in-

267 1421 378 1444 tuetur
388 1421 550 1456 tanquam
557 1406 891 1454 absentiaquomodo?
902 1408 980 1455 quia
990 1408 1060 1441 eius
1070 1403 1152 1441 facie
1161 1417 1233 1439 non
1243 1402 1398 1442 videt‚sed
1407 1401 1584 1450 acquiescit
1594 1404 1630 1437 in
1637 1399 1760 1449 speculi
1771 1404 2048 1451 imagine,veri'im
2058 1405 2119 1443 vbi

265 1458 386 1495 ῐσΙὶἇὶο
398 1458 527 1492 mundo
537 1456 576 1491 ad
586 1469 664 1491 eum
676 1457 932 1504 migrauerimus
943 1478 952 1492 ‚
963 1453 1073 1502 ipsum
1083 1464 1139 1489 tan
1168 1465 1244 1487 uam
1254 1454 1486 1501 propinquum
1498 1454 1532 1487 &⁷
1545 1449 1730 1499 expositum
1741 1450 1849 1486 oculis
1860 1452 1982 1487 cernet.
2000 1448 2124 1500 Qress

264 1506 308 1543 fic
317 1506 510 1543 habendum
519 1506 574 1542 est,
584 1506 743 1540 notitiam
752 1506 818 1538 Dei
829 1515 931 1551 quam
941 1515 1033 1539 nunc
1042 1515 1080 1538 ex
1090 1466 1202 1537 Veibo
1212 1501 1385 1539 habemus,
1398 1511 1520 1538 certam
1531 1500 1667 1547 quidem
1679 1497 1739 1534 esse
1749 1503 1784 1538 ὃς
1795 1512 1944 1535 veracem
1956 1523 1965 1538 ,
1977 1501 2066 1536 nihil
2078 1504 2117 1538 in

264 1570 301 1591 ea
313 1553 490 1591 confusum
501 1577 512 1592 ,
523 1565 579 1588 aut
590 1553 857 1602 perplexum‚aut
867 1547 1130 1586 tenebricosum:
1143 1547 1195 1585 scd
1203 1549 1432 1600 comparatiue
1443 1550 1689 1596 aenigmaticam
1705 1550 1896 1586 nominari,
1908 1551 1987 1596 quia
1997 1548 2115 1598 procul

254 1604 351 1642 abest
360 1603 400 1638 ab
411 1602 468 1638 illa
478 1602 648 1651 perspicua
659 1600 925 1636 manifestatione
934 1612 1036 1647 quam
1047 1601 1259 1647 expectamus
1271 1611 1278 1632 :
1292 1600 1372 1646 quia
1381 1606 1462 1634 tunc
1475 1596 1662 1634 videbimus
1673 1595 1755 1632 facie
1764 1598 1804 1631 ad
1813 1596 1944 1634 faciem.
1971 1601 2018 1633 lta
2027 1597 2116 1635 nihil

263 1663 393 1702 pugnat
403 1652 459 1687 hic
475 1652 570 1688 locus
581 1647 732 1685 aduersus
742 1648 825 1686 alios
836 1673 848 1689 ,
857 1649 914 1684 vbi
923 1649 1117 1698 praedicatur
1127 1659 1219 1686 nunc
1228 1649 1326 1698 Legis
1335 1670 1346 1684 ‚
1356 1657 1448 1683 nunc
1467 1648 1572 1682 totius
1590 1647 1766 1693 Scripturae
1782 1669 1793 1684 ‚
1805 1649 1840 1680 δε
1851 1644 2060 1694 potiffimurn
2070 1649 2118 1683 Ε..

261 1700 412 1749 uangelii
422 1699 561 1736 claritas.
573 1700 625 1735 Est
635 1701 726 1734 enim
738 1709 849 1750 aperta
858 1702 892 1733 δι
903 1697 992 1733 nuda
999 1698 1065 1732 Dei
1074 1695 1235 1733 reuelatio
1245 1697 1281 1732 in
1292 1694 1403 1730 Verbo
1416 1699 1427 1741 (
1438 1705 1604 1744 quantum
1614 1694 1714 1732 nobis
1724 1694 1873 1743 expedit)
1888 1707 1951 1732 nec
1968 1697 2115 1745 quicqu}

261 1750 361 1786 habet
373 1746 728 1796 inuolutum(qualiter
739 1746 873 1795 fingunt
883 1747 994 1794 impii)
1008 1758 1078 1794 quo
1090 1758 1153 1782 nos
1163 1741 1332 1794 suspensos
1349 1754 1469 1780 teneat.
1480 1740 1531 1780 sed
1543 1741 1705 1794 quantula
1716 1741 1761 1777 est
1774 1745 1844 1777 eius
1853 1742 1991 1779 visionis
2000 1747 2116 1793 portio

261 1799 302 1833 ad
313 1811 416 1846 quam
427 1797 598 1833 tendimus
610 1804 619 1831 Ξ
630 1800 746 1843 ltaque
755 1798 826 1831 eius
836 1794 967 1830 tanturn
977 1795 1231 1842 comparatione
1237 1793 1359 1829 dicitur
1369 1793 1590 1842 aenigmatica.
1628 1790 1836 1831 Aduerbiurn
1845 1802 1918 1825 tune
1936 1796 2051 1839 potius
2059 1806 2119 1828 ex·

260 1858 408 1884 tremum
419 1847 507 1882 diem
523 1846 738 1892 notanquam
746 1855 881 1893 tempus
891 1841 1001 1878 statim
1012 1844 1031 1878 a
1043 1852 1153 1878 morte
1166 1843 1372 1893 proximum.
1384 1839 1533 1876 Tametsi
1542 1850 1655 1878 autem
1666 1837 1834 1878 differetur
1843 1840 1883 1876 ad
1891 1840 1995 1876 Diem
2005 1841 2113 1876 Chri-

262 1897 301 1932 sti
311 1896 411 1945 plena
420 1893 514 1930 vifio:
525 1897 665 1944 incipiet
676 1905 787 1928 tamen
798 1893 907 1927 statim
919 1893 937 1926 a
947 1902 1055 1926 morte
1065 1892 1290 1942 propinquior
1300 1888 1522 1937 Deiaspestus
1532 1903 1540 1926 t
1552 1887 1609 1923 vbi
1619 1886 1733 1926 solutae
1741 1889 1759 1926 a,
1771 1900 1829 1922 cor
1855 1887 1970 1923 oribus
1981 1893 2114 1929 animat.

262 1958 375 1992 neque
387 1955 523 1979 externo
535 1943 720 1978 ministerio
731 1967 742 1982 ,
753 1953 861 1988 neque
872 1939 945 1975 aliis
956 1938 1169 1975 inferioribus
1179 1937 1326 1976 subsidiis
1335 1937 1479 1988 amplius
1488 1950 1574 1986 opus
1585 1935 1738 1971 habebut.
1751 1937 1811 1974 Sed
1849 1936 1942 1972 aulus
1951 1939 1999 1980 (vr
2009 1938 2114 1987 paulo

264 1996 342 2028 ante
353 1990 624 2032 admonui)anxie
639 1991 678 2024 de
688 2001 902 2026 mortuorum
913 1990 995 2023 statu
1004 2001 1074 2023 non
1084 1985 1238 2035 disputat,
1249 1989 1330 2038 quia
1341 1987 1381 2021 ad
1392 1988 1547 2034 pietatem
1560 1988 1606 2021 n6
1616 1985 1800 2020 admodum
1815 1985 1908 2020 vtilis
1917 1985 1963 2020 est
1973 1989 2044 2022 eius
2054 1999 2116 2022 co-

265 2044 386 2090 gnitio.
415 2041 455 2075 N
458 2038 655 2089 unca-agnosco
667 2051 709 2072 ex
715 2038 895 2087 parte,Hoc
904 2036 1084 2078 est‚modus
1095 2034 1211 2075 scietiae
1220 2033 1385 2084 praesentis
1396 2035 1440 2069 est
1453 2037 1499 2069 im
1503 2033 1775 2083 perfectussicuti
1785 2033 1923 2070 Ioha'ines
1934 2037 1970 2069 in
1983 2037 2115 2083 Episto-

67 2135 70 2137 .
265 2091 295 2124 izi
307 2089 359 2125 sua
369 2090 461 2128 dicit,
471 2087 549 2124 scire
558 2100 622 2123 nos
632 2088 768 2135 quidem
780 2086 874 2133 quod
883 2084 982 2120 simus
991 2084 1065 2120 Filii
1074 2086 1139 2121 Dei
1149 2108 1158 2122 ,
1168 2084 1220 2119 sed
1232 2084 1350 2121 nondt'i
1360 2096 1400 2131 ap
1407 2081 1556 2135 paruisse,
1567 2083 1675 2117 donec
1685 2082 1872 2120 videbimus
1883 2084 1995 2118 Deum
2006 2083 2116 2131 qualis

55 2136 227 2175 idean-3³¹2·
265 2139 319 2173 est:
333 2150 415 2173 tunc
428 2140 541 2173 Deum
554 2135 745 2171 videbimus
757 2148 828 2170 non
839 2137 875 2169 in
887 2136 1035 2184 imagine
1045 2133 1064 2170 s
1060 2132 1166 2169 uazsed
1175 2135 1210 2167 in
1222 2130 1373 2185 seipsozvt
1384 2143 1521 2166 mutuus
1531 2131 1568 2166 fit
1576 2132 1830 2179 quodammodo
1840 2130 2000 2180 aspestus.

314 2199 342 2232 13
395 2187 497 2221 Nunc
504 2196 605 2220 autem
615 2182 1061 2230 manetfides,spes,charitas.)
1089 2179 1273 2217 Conclusio
1286 2181 1329 2215 est
1339 2178 1560 2228 superiorum.
1571 2181 1766 2216 charitatem
1776 2178 1913 2226 reliquis
1922 2180 2021 2219 donis
2031 2193 2116 2231 Ρη,

266 2236 457 2271 stantiorem
470 2233 529 2269 esse
541 2248 549 2268 :
567 2232 619 2268 sed
629 2245 690 2282 pro
701 2231 855 2279 catalogo
865 2233 1035 2267 donorum
1044 2243 1147 2279 quem
1164 2230 1240 2265 ante
1259 2228 1463 2268 recensuerat
1473 2255 1484 2270 ‚
1501 2242 1579 2264 cum
1589 2229 1747 2263 charitate
1758 2227 1856 2266 fidem
1872 2232 1906 2262 &
1918 2227 2009 2278 spem
2020 2243 2114 2269 nuuc

265 2287 380 2332 pouit:
402 2283 496 2320 sicuti
504 2284 622 2318 omnia
632 2282 671 2316 ad
680 2281 766 2316 hanc
775 2281 939 2315 summam
951 2279 1147 2315 referuntur.
1167 2276 1339 2326 Qorsum
1349 2280 1440 2314 enim
1450 2288 1561 2316 totum
1574 2277 1794 2312 ministerium
1806 2303 1816 2317 ,
1827 2275 1890 2315 nisi
1899 2288 1934 2312 vt
1951 2279 1987 2312 i'n
1996 2278 2048 2313 his
2059 2281 2114 2314 in*-

264 2334 456 2368 stituamur3
477 2334 564 2380 Ergo
576 2331 665 2365 Fidei
675 2342 800 2364 nomen
812 2328 973 2364 hiclatius
985 2339 1075 2377 paret
1086 2328 1188 2374 quam
1206 2326 1355 2363 antehac.
1377 2327 1512 2375 perinde
1523 2328 1614 2363 enim
1626 2325 1669 2360 est
1686 2324 1747 2360 acsi
1765 2325 1897 2359 diceret.
1924 2326 2115 2375 Complura

264 2383 400 2430 quidem
411 2378 486 2416 sunt
496 2381 585 2416 dona
595 2384 629 2414 &
641 2381 743 2419 varia,
755 2375 807 2411 sed
816 2380 851 2412 in
862 2375 1101 2426 huncscopum
1113 2377 1256 2411 tendunt
1265 2377 1383 2410 omnia
1391 2399 1401 2413 ,
1413 2379 1446 2410 δε
1458 2372 1648 2422 respiciunt.
1665 2376 1802 2409 Manere
1812 2376 1925 2421 itaque
1938 2373 2112 2422 fignificat,

57 2430 164 2473 ιζςαα.
176 2430 227 2472 ιιζγ.
263 2430 424 2465 omnibus
435 2428 778 2474 subduffis‚tanquam
790 2429 826 2461 in
836 2426 965 2460 calculo
975 2422 1386 2474 supputatorio‚summam
1397 2424 1484 2461 lianc
1494 2424 1618 2459 restare.
1634 2423 1756 2469 Neque
1765 2424 1855 2466 enini
1868 2434 1980 2458 manet
1989 2425 2006 2458 a
2019 2437 2112 2460 mor-

262 2490 297 2514 te
309 2478 505 2526 fides‚quam
515 2474 698 2526 Apostolus
708 2474 787 2512 alibi
797 2474 942 2523 aspediui
952 2476 1099 2523 opponit
1109 2498 1118 2512 ‚
1130 2477 1164 2508 &
1176 2472 1306 2510 tantum
1318 2473 1358 2507 ad
1367 2472 1400 2507 id
1409 2471 1510 2519 vsque
1525 2473 1688 2522 temporis
1706 2472 1820 2507 durare
1831 2471 1931 2506 tradit
1940 2484 2009 2519 quo
2018 2485 2113 2521 pere-

248 2520 432 2577 ⁴grinamur
444 2529 462 2561 a
470 2528 640 2562 Domino.
658 2525 763 2559 Nunc
773 2535 925 2559 tenemus
936 2524 1018 2571 quid
1028 2521 1064 2557 sit
1073 2521 1227 2557 hocloco
1239 2520 1317 2559 fides
1326 2545 1336 2559 ‚
1348 2533 1469 2568 nempe
1477 2522 1541 2555 Dei
1551 2532 1588 2554 ac
1605 2521 1739 2554 Diuinae
1749 2518 1932 2555 voluntatis
1943 2524 2112 2568 cognitio,

257 2589 362 2623 quam
372 2573 582 2624 petEcclesiae
594 2573 815 2608 ministerium
825 2570 1082 2619 consequimur:
1093 2570 1145 2609 vel
1157 2570 1177 2605 fi
1189 2572 1307 2609 mauis,
1319 2568 1398 2604 fides
1406 2566 1597 2604 vniuersalis
1611 2572 1643 2603 ὃς
1657 2569 1791 2616 proprie
1803 2579 1946 2617 accepta.
1967 2570 2047 2616 Spes
2056 2572 2111 2604 ni-

256 2624 309 2660 hil
318 2623 409 2658 aliud
419 2622 462 2658 est
471 2624 572 2671 quam
584 2621 659 2657 fidei
669 2619 920 2671 perseuerantia.
934 2621 1112 2667 Postquam
1127 2621 1216 2657 enim
1226 2620 1291 2653 Dei
1301 2617 1403 2653 verbo
1414 2617 1512 2652 semel
1530 2617 1731 2655 credidimus
1740 2641 1751 2655 ‚
1763 2617 1857 2651 restat
1868 2617 2048 2665 perstemus
2060 2617 2112 2653 vs.

255 2685 324 2721 que
336 2673 375 2708 ad
386 2685 495 2707 terum
505 2670 807 2718 complementum.
827 2668 967 2717 proinde
977 2679 1012 2702 vt
1027 2667 1092 2716 spei
1105 2678 1208 2704 mater
1219 2668 1262 2700 est
1273 2665 1350 2701 fides
1358 2691 1368 2706 ,
1383 2668 1428 2700 ita
1437 2666 1476 2701 ab
1487 2679 1524 2701 ea
1532 2664 1705 2703 sustinetur
1716 2679 1758 2703 ne
1769 2666 1904 2700 excidat.
1950 2666 2112 2704 Maxima

258 2734 304 2756 ex
314 2720 361 2756 his
371 2719 410 2763 est
419 2718 552 2755 chamas
561 2744 571 2758 ,
591 2720 727 2766 Nempe
739 2717 761 2752 fi
771 2718 968 2756 :zstimemus
979 2717 1170 2764 praestitiam
1181 2715 1221 2749 ab
1231 2714 1356 2756 este-Citis
1367 2727 1440 2763 quae
1449 2714 1525 2749 aute
1542 2726 1719 2753 enumerati
1727 2713 1884 2748 itzdei'nde
1894 2712 1915 2747 fi
1927 2713 2114 2750 considere·

260 2781 338 2806 xnus
351 2772 421 2804 eius
433 2769 697 2820 perpetuitatem.
707 2769 771 2801 Sua
783 2768 873 2801 enim
885 2767 1007 2813 cuique
1018 2763 1095 2801 fides
1108 2776 1144 2798 ac
1155 2762 1226 2812 spes
1236 2764 1376 2813 prodest:
1388 2764 1528 2798 charitas
1538 2765 1578 2797 ad
1586 2762 1670 2799 alios
1680 2759 1978 2797 diffuiiditiir.Fides
1993 2766 2026 2797 &
2040 2762 2110 2811 spes

261 2816 338 2854 sunt
350 2817 631 2867 imperfectiones:
650 2817 790 2852 charitas
802 2813 950 2849 manebit
962 2816 1060 2848 etiam
1073 2814 1108 2847 in
1118 2812 1333 2860 perfectionis
1343 2813 1435 2849 statu.
1447 2824 1525 2850 nam
1536 2811 1557 2845 si
1569 2813 1774 2845 excutiamus
1784 2809 1930 2857 lingulos
1941 2809 2018 2846 fidei
2032 2810 2111 2847 effe-

54 2887 78 2910 1·
88 2879 165 2918 mnffi
174 2881 246 2917 μυί
264 2869 350 2906 eius,
365 2870 400 2902 δε
410 2865 634 2905 conferamus,
646 2866 825 2912 reperietur
835 2866 871 2897 in
883 2862 999 2897 multis
1008 2861 1156 2909 superior
1168 2859 1259 2894 fides:
1270 2862 1456 2907 quinetiam
1467 2858 1533 2907 ipsa
1544 2859 1683 2894 charitas
1693 2883 1703 2896 ,
1715 2859 1832 2892 eodem
1843 2858 2008 2906 Apostolo
2020 2861 2109 2900 teste,

263 2914 399 2952 effeetus
410 2915 454 2951 est
463 2913 549 2950 fidei:
560 2910 695 2948 effeetus
708 2922 821 2949 autem
840 2910 895 2948 sua
904 2908 996 2946 causa
1005 2908 1229 2959 proculdubio
1240 2909 1284 2943 est
1295 2907 1442 2943 inferior.
1453 2902 1609 2942 'Praeterea
1619 2906 1695 2945 fidei
1713 2905 1870 2942 tribuitur
1880 2907 1949 2948 laus
1961 2907 2111 2956 insignis.
2142 2901 2146 2909 ⁸

262 2978 337 3013 quae
348 2967 383 2999 in
395 2964 589 2999 charitatem
598 2974 670 2996 non
682 2963 846 3009 competit
859 2987 866 2998 ,
880 2973 987 3006 quum
1000 2963 1140 2994 loannes
1151 2959 1302 3008 praedicat
1312 2954 1372 2991 effe
1381 2958 1558 2992 victoriam
1568 2956 1715 2991 nostram
1723 2967 1797 3000 quae
1813 2957 1920 2989 vincit
1933 2959 2110 2995 mundum.

52 3005 74 3036 ¹1
84 3003 180 3037 ἴσως·
189 3012 244 3037 4-4·
263 3026 320 3062 pes
330 3011 430 3048 fidem
438 3012 583 3059 denique
591 3008 971 3046 tenascimunefficimur
978 3007 1055 3042 Filii
1064 3008 1140 3044 Dei,
1153 3006 1346 3042 obtinemus
1357 3005 1423 3043 vita
1433 3003 1715 3044 aeremisshristus
1727 3006 1762 3038 in
1772 3001 1871 3042 nobis
1885 3002 2111 3042 habitat-Prae—

262 3072 353 3096 teret>
364 3061 428 3096 alia
439 3063 627 3096 innumera,
638 3055 689 3092 sed
699 3058 768 3092 haec
780 3069 884 3107 pauca
894 3055 1062 3093 sufficiunt
1071 3056 1110 3090 ad
1122 3055 1153 3088 id
1164 3052 1377 3104 probandum
1387 3053 1478 3100 quod
1488 3051 1579 3087 volo:
1598 3051 1696 3091 fidem
1708 3054 1742 3086 in
1754 3050 1869 3088 multis
1879 3051 2004 3089 effectis
2014 3053 2111 3103 supe-

262 3113 386 3145 riorem
395 3105 454 3145 ess'e
464 3109 632 3145 charitate:
643 3106 730 3140 vnde
740 3106 866 3140 constat
878 3104 934 3144 hir:
944 3106 1112 3152 potiorem
1123 3104 1275 3142 dici‚non
1285 3114 1342 3155 per
1353 3103 1481 3139 omnia,
1491 3099 1541 3135 sed
1554 3111 1717 3150 quatenus
1727 3111 1885 3156 perpetua
1895 3104 1964 3135 erit:
1972 3105 2009 3136 &
2017 3115 2109 3140 nunc

261 3161 384 3205 primas
396 3169 502 3207 partes
511 3167 602 3191 tenet
612 3157 648 3190 in
658 3153 882 3191 conseruanda
891 3152 1041 3188 Ecclesia.
1051 3154 1178 3189 Mirum
1189 3162 1301 3187 autem
1312 3161 1477 3198 quantum
1490 3149 1549 3184 sibi
1559 3148 1710 3199 placeant
1717 3150 1861 3199 Papistae,
1876 3149 1957 3185 dum
1968 3149 2026 3184 ista
2035 3151 2109 3186 veti

249 3209 303 3241 -ba
312 3208 483 3247 demumr,
495 3207 529 3240 Si
541 3203 617 3239 fides
629 3201 794 3242 iustificat,
806 3204 977 3249 inquiunt,
989 3213 1068 3247 ergo
1084 3200 1310 3248 multomagis
1320 3199 1472 3235 charitast
1483 3210 1556 3244 quae
1566 3207 1703 3232 vocatur
1713 3199 1830 3232 maior.
1843 3200 1912 3233 Iam
1924 3199 2060 3245 quidem
2070 3209 2108 3235 ex

261 3253 313 3288 hi's
324 3257 395 3300 qux
407 3254 485 3292 dixi,
496 3254 622 3289 constat
640 3250 766 3286 obiecti
777 3249 910 3287 solutio:
921 3249 972 3284 sed
984 3251 1100 3285 demus
1110 3248 1304 3284 charitatem
1317 3247 1426 3285 modis
1434 3245 1596 3284 omnibus
1604 3244 1806 3296 praeceliere:
1821 3246 1928 3294 qualis
1937 3247 1981 3282 est
1991 3247 2047 3282 ista
2056 3260 2106 3282 ar-

260 3305 483 3350 gumentatio:
494 3304 572 3348 quia
582 3302 689 3336 maior
699 3300 754 3337 est,
768 3299 842 3347 pius
851 3298 957 3332 valere
968 3298 1007 3332 ad
1016 3298 1173 3334 homines
1183 3295 1429 3334 iustificandos?
1444 3296 1532 3345 Ergo
1546 3296 1618 3330 Rex'
1630 3295 1749 3328 melius
1760 3306 1880 3330 teri-am
1890 3295 1996 3331 arabit
2005 3297 2107 3342 quain

259 3350 416 3398 agricola,
423 3350 541 3386 melius
554 3351 703 3388 mireum
712 3347 809 3385 faciet
819 3348 920 3399 quam
931 3345 1038 3385 sutor:
1051 3348 1129 3399 quia
1139 3344 1293 3384 nobilior
1303 3346 1348 3380 est
1357 3355 1509 3392 Vtroque.
1526 3344 1614 3392 Ergo
1625 3342 1732 3379 homo
1741 3341 1880 3380 celerius
1890 3353 1997 3380 curret
2006 3344 2109 3390 quam

1223 3408 1226 3413 ¹
1987 3404 2108 3439 equus,

43 498 52 516 ²
65 496 246 545 {plns-4⁶³4·

58 1324 143 1356 {Com
159 1334 237 1366 5.a.6.
