2268 3705
599 118 713 167 AD
769 117 1127 168 TIMOTH-
1190 122 1366 169 CAP·
1421 126 1529 173 111·
1935 138 1970 187 5,-

154 189 348 242 generaliter
357 191 484 239 accipio
495 201 555 238 pro
568 189 672 224 stultis
683 189 858 225 &leuibus
869 188 1168 238 defideriis‚quibus
1178 191 1446 229 circ'unferuntur
1457 196 1610 231 mulieres
1621 204 1693 245 quae
1701 200 1813 239 Deum
1825 193 1862 239 ex
1872 153 1990 245 anirr'm⁵

153 255 224 277 non
235 251 396 287 quaerunt,
413 244 447 274 &
457 251 569 273 tamen
579 237 738 286 religiosae
749 242 783 273 δε
794 238 908 274 sanctae
928 238 1049 273 volunt
1057 239 1181 274 haberi.
1190 240 1314 275 Nullus
1326 244 1416 276 enim
1430 241 1598 281 finis,dum
1612 248 1629 280 a
1645 250 1846 287 conscientia
1858 258 1989 292 recede'-

152 300 212 329 tes,
230 301 297 323 nou
303 301 335 323 as
346 287 482 322 subinde
496 287 599 321 laruas
611 288 765 321 induunt.
778 286 1032 332 Chrysostomus
1042 289 1080 322 ad
1091 287 1192 323 foedas
1204 292 1238 323 &
1249 288 1419 325 obscoenas
1429 294 1624 338 cupiditates
1635 295 1751 332 referre
1761 303 1889 337 mauult
1901 318 1907 337 :
1933 304 1984 341 sed

149 338 234 372 mihi
245 346 438 371 contextum
449 338 714 382 intuenti,magis
725 335 831 382 placet
841 334 898 369 illa
908 337 999 382 prior
1011 335 1182 382 expositio.
1193 349 1270 372 nam
1285 351 1363 372 mox
1376 338 1751 392 sequitur‚quodfi⁷mper
1760 346 1981 390 d1scant,nun'-

123 393 126 395 “
149 398 250 432 quam
261 383 384 419 discant
395 384 468 417 vere
479 382 596 431 sapere.
606 382 668 416 Ista
677 385 778 430 igitur
786 384 830 417 est
840 385 978 431 agitatio
993 385 1078 417 inter
1087 387 1190 419 varias
1203 387 1413 433 cupiditates,
1427 388 1507 422 dum
1521 390 1607 424 nihil
1621 391 1780 428 habentes
1789 399 1873 443 apud
1886 399 1915 433 se
1925 405 1983 434 ςό,

148 432 304 481 politum,
318 433 384 467 huc
395 435 429 466 &
442 431 522 466 illuc
531 431 744 466 fluctuantur.
756 431 896 466 Discunt
906 435 1044 478 inquam
1056 458 1067 472 ‚
1080 443 1114 466 vt
1124 431 1198 467 sunt
1210 432 1343 468 curiosae
1352 462 1362 475 ,
1384 438 1501 471 deinde
1510 441 1627 473 animo
1640 443 1810 487 inquieto:
1835 443 1938 482 sedita
1948 462 1983 484 vt

148 480 235 516 nihil
247 493 390 526 vnquam
404 483 482 514 certi
503 492 564 514 nec
574 478 867 526 veriallequantur.
893 481 969 514 Hoc
978 491 1088 514 autem
1102 483 1334 528 praeposterum
1346 485 1388 517 est
1401 485 1555 524 studium,
1572 490 1625 521 cui
1637 501 1708 523 non
1719 489 1891 538 respondet
1904 499 1981 531 icie-

147 532 202 563 tia.
217 530 421 575 Ququam
438 529 589 563 videntur
601 526 658 562 fibi
669 527 747 561 tales
759 528 888 575 egregie
897 527 1022 576 sapere:
1035 528 1085 562 sed
1097 529 1183 563 nihil
1196 530 1238 563 cst
1251 532 1342 576 quod
1353 531 1471 571 sciunt,
1484 535 1563 568 dum
1577 539 1748 572 veritatem
1768 553 1839 574 120„
1852 553 1967 579 tenent

146 589 218 624 quae
229 575 483 611 fundamentum
499 577 542 610 est
553 578 663 610 omnis
673 574 824 610 scicntiae.
1971 571 1982 586 ³

200 661 222 693 8
279 649 583 704 Qemadmadum
593 659 706 687 autem
719 656 842 687 lannes
852 649 892 696 ἀ
903 647 1052 689 lambres
1069 649 1258 702 restiterunt
1263 651 1363 710 Most,
1376 656 1424 692 ita
1435 655 1474 701 όν
1485 655 1526 695 hi
1533 646 1682 712 refistarrt
1693 663 1850 709 veritati,
1866 661 1980 706 homi-

143 721 207 748 nes
219 710 360 762 corrupti
369 716 495 751 mente,
502 702 630 759 reprobi
640 704 849 755 circa-fidem.

195 778 214 811 9
283 763 349 802 Sed
364 777 437 801 non
445 762 626 817 proficient
642 761 786 816 amplius
807 775 815 798 :
835 764 988 801 amentia
1011 766 1105 803 enim
1124 777 1238 804 eorum
1258 765 1442 821 manifesta
1470 771 1536 806 erit
1552 768 1708 810 omnibus
1724 803 1733 818 ‚
1750 774 1835 828 ficut
1847 774 1887 822 ἀ
1905 776 1982 814 illo-

140 834 216 862 rum
247 828 299 857 m.

202 817 250 915 ’ξ
300 879 358 913 Tu
366 883 478 912 autem
487 871 663 929 affeffl'tus
673 885 708 910 es
717 886 828 912 mum
841 872 884 911 do
887 875 922 912 ὅ
922 876 1046 922 'imm’
1056 875 1356 934 institutionemfflr
1355 879 1642 935 ⁰P⁶fi¹umfidem
1649 882 1877 934 tolerantiam,
1891 888 1981 929 dile-

141 933 516 986 c't‘ionem‚patientiam.

197 1000 230 1025 11
281 985 568 1040 Persequationes,
577 981 781 1038 afflifflones
791 999 862 1038 quae
871 983 960 1025 mihi
969 987 1166 1027 acciderunt
1171 989 1403 1039 antiochia,
1421 998 1540 1041 Iconii,
1550 995 1688 1048 Listrir:
1699 999 1800 1050 quis,
1823 1003 1968 1056 inquam

116 1052 120 1056 ”
134 1039 409 1099 persequutiones
413 1039 626 1093 ficstinue‘a'm
637 1039 767 1093 :fidex
776 1039 932 1081 omnibus
943 1048 1065 1097 ertpuit
1070 1058 1125 1083 me
1135 1052 1321 1086 Dominus.
1447 1046 1450 1053 '
1521 1073 1523 1075 .
1789 1067 1798 1081 ,ι
1967 1031 1979 1051 ³

196 1113 234 1139 12
291 1105 338 1138 Et
343 1109 460 1135 omnes
469 1098 530 1149 qui
531 1094 589 1150 pie
597 1096 722 1136 volunt
729 1100 769 1136 in
780 1095 913 1137 chrtfz‘o
928 1099 996 1152 lesit
1006 1114 1138 1147 vtuere,
1145 1099 1441 1158 persequutionem
1444 1109 1630 1159 patientur.

185 1155 206 1188 8
254 1150 521 1204 Qemadmodum
533 1154 679 1192 lannes.)
729 1153 809 1187 Haec
819 1158 1025 1202 comparatio
1036 1155 1213 1191 confirmat
1223 1161 1314 1205 quod
1325 1162 1389 1194 iam
1400 1162 1489 1207 prius
1500 1163 1566 1196 dixi
1578 1165 1618 1197 de
1637 1162 1978 1216 nouiffimis·tempo-

136 1201 237 1238 ribus.
249 1199 421 1250 Significat
432 1202 521 1234 enim
535 1201 619 1233 idem
640 1200 737 1234 nobis
747 1201 894 1236 accidere
906 1202 962 1236 sub
973 1204 1168 1251 EuangeliO,
1190 1208 1282 1253 quod
1299 1220 1429 1255 experta
1442 1210 1484 1242 est
1497 1211 1638 1246 Ecclesia
1648 1212 1713 1248 fere
1726 1215 1743 1248 a
1755 1218 1862 1262 prima
1873 1215 1926 1251 sua
1937 1217 1977 1252 o'-

135 1253 253 1299 tigiiie:
265 1249 377 1284 saltem
389 1261 426 1282 cx
436 1261 505 1294 quo
518 1249 582 1282 Lex
600 1248 742 1295 pulicata
752 1248 826 1283 fuit.
837 1252 1121 1296 quemadmodum
1133 1255 1232 1288 etiam
1244 1256 1283 1288 de
1292 1260 1457 1304 perpetuis
1469 1258 1617 1294 Ecclefiae
1636 1257 1874 1298 certaminibus
1886 1265 1974 1300 Psal-

137 1309 213 1335 mus
225 1296 356 1336 cluserit,
373 1299 462 1344 Saepe
472 1308 711 1344 oppugnarunt
723 1311 775 1331 me
784 1299 802 1332 a
814 1300 988 1333 iuuentute
1001 1313 1084 1337 mea,
1095 1301 1183 1335 dicat
1193 1315 1285 1338 nunc
1295 1303 1398 1338 Israel.
1413 1304 1506 1353 supra
1528 1307 1661 1343 dorsum
1673 1323 1785 1345 meum
1798 1317 1977 1349 arauetunt

135 1350 248 1396 impii,
262 1357 491 1396 protraxerunt
501 1343 607 1379 sulcos
620 1345 703 1379 suos.
715 1347 856 1380 Proinde
869 1360 940 1381 non
953 1351 1074 1382 mirum
1086 1347 1146 1382 effe
1155 1350 1314 1385 admonet
1325 1352 1444 1390 Paulus
1464 1353 1487 1387 si
1498 1359 1692 1392 exoriuntur
1705 1356 1855 1395 aduersus
1872 1362 1977 1397 Chri—

134 1397 219 1431 stum
231 1396 338 1430 hostes
353 1396 411 1441 qui
421 1392 568 1428 resistunt
579 1393 775 1441 Euangelio,
785 1408 890 1441 quum
901 1395 974 1429 suos
985 1398 1219 1443 Antagonistas
1230 1398 1379 1434 similiter
1389 1400 1540 1436 habuerit
1551 1403 1672 1439 Moses.
1686 1407 1774 1441 Nam
1786 1409 1848 1443 hec
1860 1409 1977 1455 vltime

92 1481 97 1484 ,
133 1445 302 1480 vetustatis
313 1441 463 1490 exempla
472 1455 542 1476 non
553 1455 669 1490 parum
681 1443 720 1476 ad
730 1442 995 1478 consolationem
1007 1443 1129 1478 valent.
1140 1446 1244 1481 Porro
1256 1448 1340 1482 duos
1351 1452 1409 1495 qui
1421 1454 1765 1491 nominantur,maojs
1775 1445 1867 1491 fuj‘ffe
1882 1459 1899 1492 g
1910 1460 1979 1494 Pha

133 1502 235 1527 raone
245 1490 453 1531 subornatos,
467 1489 725 1525 satisconuenit.
738 1492 797 1525 Sed
811 1493 896 1526 vnde
905 1491 1058 1527 habuerit
1068 1492 1187 1528 Paulus
1198 1508 1314 1530 eorum
1325 1501 1469 1532 nomina
1480 1492 1645 1535 incertum
1660 1484 1782 1537 est2'f2ifi
1795 1506 1884 1539 nu‘od
1896 1519 1976 1554 pro-

130 1540 241 1577 babile
251 1541 306 1581 est,
320 1541 359 1574 de
369 1538 490 1573 talibus
502 1538 646 1573 historiis
658 1539 762 1573 multa
771 1537 863 1573 fuisse
873 1552 929 1587 per
941 1553 1058 1575 manus
1068 1541 1199 1580 tradita,
1215 1556 1287 1590 quae
1297 1546 1387 1579 Deus
1398 1548 1689 1596 nunquampaffus
1710 1541 1817 1586 fuiisei
1842 1557 1977 1589 interci-

129 1590 218 1624 dere.
228 1590 268 1623 Et
279 1588 350 1623 fieri
362 1588 469 1636 potest
480 1597 514 1621 vt
522 1586 617 1621 Pauli
627 1598 776 1634 ternpore
786 1588 953 1622 extiterint
961 1589 1201 1637 Prophetarum
1214 1597 1450 1628 commentarii
1461 1621 1471 1635 ,
1499 1599 1558 1642 qui
1569 1597 1702 1633 vberius
1713 1612 1881 1636 narrarent
1904 1617 1977 1650 quae

129 1636 275 1674 breuiter
283 1637 412 1671 tantum
423 1635 610 1683 perstringit
620 1635 739 1670 Moses.
752 1637 927 1684 chuid
937 1635 985 1674 fit,
999 1650 1071 1672 non
1083 1649 1206 1673 temere
1214 1638 1278 1677 suis
1288 1642 1487 1682 nominibus
1499 1657 1555 1679 eos
1564 1646 1720 1694 appellat.
1752 1649 1853 1685 Duos
1862 1663 1974 1688 autem

127 1687 204 1722 ideo
217 1684 309 1721 fuiffe
320 1686 486 1725 coniiccre
496 1682 585 1723 licet,
597 1684 688 1730 quod
697 1697 803 1730 quum
824 1685 996 1720 Dominus
1006 1685 1135 1735 populo
1150 1685 1209 1731 suo
1222 1688 1306 1723 duos
1316 1690 1414 1725 duces
1421 1692 1552 1736 Mosern
1565 1698 1599 1729 ὅ(
1612 1682 1786 1731 Aaronem
1810 1699 1973 1735 excitasset

127 1736 269 1770 totidem
278 1733 402 1768 Pharao
417 1743 531 1778 magos
541 1744 713 1779 opponere
723 1731 789 1767 illis
801 1732 955 1767 voluerit.
1420 1731 1424 1737 “
1477 1731 1479 1734 ’
1740 1738 1744 1741 ’
1762 1738 1766 1741 “
1892 1742 1900 1745 “

241 1781 307 1816 Sed
314 1793 372 1815 non
374 1781 531 1829 proficient
539 1781 692 1828 amplius.)
742 1781 878 1815 Fiducia
886 1783 1033 1816 vietoriae
1043 1781 1269 1817 Timotheum
1280 1786 1408 1820 animat
1416 1787 1455 1821 ad
1464 1793 1642 1825 certarnen.
1668 1793 1852 1829 nam'etfi-ei
1865 1797 1973 1833 mole-

127 1830 223 1866 stiam
234 1829 409 1866 exhibeant
424 1826 492 1863 falfi
501 1828 666 1867 doctor-es,
677 1831 845 1876 promittit
856 1828 937 1866 fore,
945 1833 980 1863 δε
991 1831 1129 1876 quidem
1143 1830 1237 1866 breui
1247 1842 1280 1865 vt
1290 1835 1520 1879 ignominiose
1532 1838 1881 1890 concidantquanqua
1891 1845 1971 1881 huic

126 1877 339 1928 promiffioni
350 1878 490 1912 minime
502 1888 640 1912 euentus
650 1876 833 1924 respondet.
850 1879 890 1911 Et
900 1879 1029 1914 videtur
1038 1878 1220 1927 Apostolus
1229 1882 1330 1927 paulo
1340 1882 1415 1930 post
1423 1884 1514 1919 aliud
1525 1885 1626 1934 longe
1638 1889 1765 1924 diuersu
1772 1904 1803 1924 m
1815 1905 1972 1940 pronun-

127 1930 219 1966 tiare,
229 1940 333 1974 quum
345 1927 426 1961 dicit
435 1928 469 1960 in
481 1928 574 1972 peius
587 1925 809 1973 presteturos.
821 1925 895 1960 Nec
905 1925 990 1960 valet
1001 1926 1229 1973 Chrysostomi
1242 1927 1364 1964 solutio
1374 1957 1385 1972 ,
1396 1930 1483 1979 ipsos
1497 1936 1531 1968 in
1543 1935 1690 1972 diesrfore
1700 1939 1875 1975 deteriores
1918 1941 1969 1978 sed

125 1976 213 2012 nihil
222 1977 294 2010 aliis
305 1977 488 2009 nocituros.
500 1976 705 2008 nominatim
719 1973 880 2020 siquidem
890 1974 989 2012 addit,
1002 1987 1154 2013 errantes,
1169 1980 1203 2010 &
1216 1979 1252 2010 in
1265 1989 1409 2014 errorem
1422 1983 1601 2017 mittentes.
1617 1988 1651 2019 ὃ(
1662 1984 1736 2021 sane
1750 1969 1964 2035 idipsum'co-

126 2023 246 2072 probat
257 2025 465 2071 experientia.
480 2023 596 2056 Verius
609 2021 653 2055 est
664 2025 786 2068 itaque,
796 2022 935 2056 Paulum
944 2022 1088 2057 diuersos
1098 2021 1244 2058 habuiffe
1254 2024 1429 2074 respetstus.
1441 2042 1518 2064 nam
1530 2032 1622 2078 quod
1632 2034 1783 2080 profecitu
1789 2044 1843 2072 ros
1851 2051 1952 2086 negat

125 2085 199 2117 non
210 2073 254 2106 est
264 2070 425 2118 generale,
444 2065 495 2103 sed
506 2068 636 2104 tantum
649 2069 809 2117 intelligit
823 2071 1018 2104 Dominum
1062 2070 1280 2107 atefae'tutum
1292 2073 1440 2120 ipsorum
1451 2082 1631 2114 amentiam
1643 2082 1774 2122 multis,
1802 2098 1888 2132 quos
1900 2063 1966 2122 suis

125 2121 294 2168 praestigiis
305 2121 404 2153 initio
413 2119 616 2165 deceperant.
630 2121 745 2165 Itaque
754 2117 810 2152 vbi
822 2119 914 2156 dicit,
929 2121 1024 2152 Omm'
1045 2133 1081 2153 us
1088 2120 1153 2165 fore
1163 2122 1359 2166 manifestam
1369 2136 1471 2158 eorum
1480 2131 1645 2162 amentiam
1654 2153 1664 2167 ‚
1692 2131 1735 2165 est
1747 2131 1950 2177 synecdoche

124 2171 165 2203 Et
176 2169 262 2202 certe
273 2170 332 2214 qui
344 2166 531 2210 maximead
543 2164 724 2201 fallendum
738 2165 860 2204 valent,
871 2167 972 2200 initio
982 2169 1116 2213 quidem
1129 2171 1314 2215 proiiciunt
1325 2185 1460 2220 magnas
1472 2176 1635 2211 ampullas
1647 2201 1656 2215 ‚
1683 2189 1822 2227 magnos
1835 2161 1966 2229 plausus

123 2219 277 2251 excitant:
291 2216 434 2261 denique
445 2213 531 2248 nihil
541 2227 612 2249 non
626 2215 779 2249 videntur
788 2214 918 2250 facturi:
928 2213 979 2249 sed
991 2228 1069 2250 mox
1079 2216 1278 2251 euanescunt
1288 2232 1402 2254 eorum
1415 2212 1555 2257 offucia‘e.
1567 2226 1684 2272 Aperit
1693 2231 1783 2262 enim
1794 2231 1964 2267 Dominus

124 2265 244 2299 oculos
253 2263 379 2303 multis,
392 2274 428 2298 vt
438 2274 569 2297 cernere
582 2265 746 2310 incipiant
760 2264 850 2310 quod
861 2273 916 2297 eos
927 2263 1088 2312 paulisper
1098 2264 1204 2299 latuit.
1214 2266 1400 2313 Nunquam
1414 2280 1525 2305 tamen
1535 2273 1680 2320 eousque
1691 2277 1854 2312 deteoitur
1885 2281 1965 2315 stul'-

121 2315 196 2347 titia
206 2311 619 2361 pseudoprophetam-nat
630 2311 789 2346 omnibus
800 2311 992 2346 innotescat.
1005 2313 1135 2347 Deinde
1146 2326 1319 2360 nunquam
1331 2317 1526 2366 profligatus
1538 2321 1581 2354 est
1592 2335 1676 2357 vnus
1688 2305 1873 2372 errogquin’
1885 2327 1962 2363 sub·-

121 2361 201 2396 inde
212 2363 296 2395 noui
307 2370 484 2407 emergant.
500 2360 588 2406 Ergo
599 2370 737 2406 Vtraque
747 2360 936 2394 admonitio
948 2359 1120 2395 necessaria
1130 2362 1184 2399 est,
1195 2375 1238 2396 ne
1248 2362 1471 2411 despondeant
1481 2370 1632 2404 animum
1644 2374 1692 2418 pii
1705 2374 1859 2413 pastores,
1872 2388 1914 2422 qu
1921 2372 1964 2411 asi

119 2408 236 2444 frustra
247 2421 324 2444 cum
339 2407 501 2442 erroribus
514 2406 641 2441 bellum
653 2419 812 2456 gererent:
824 2409 967 2443 docendi
978 2407 1052 2444 sunt
1063 2411 1103 2444 de
1112 2408 1270 2458 prospero
1281 2409 1419 2448 succeffu
1432 2427 1530 2461 quem
1543 2419 1714 2454 Dominus
1726 2421 1787 2456 suae
1800 2423 1962 2460 doeh-ina:

121 2457 222 2492 dabit.
238 2457 301 2491 Sed
311 2470 352 2491 ne
363 2454 469 2490 rursus
479 2455 671 2503 perfun&os
682 2453 711 2490 se
720 2467 840 2504 putent
849 2469 917 2491 vno
926 2468 981 2491 aut
991 2457 1095 2492 altero
1107 2458 1220 2505 praelio
1236 2485 1246 2500 ,
1263 2460 1467 2497 admonendi
1479 2463 1555 2499 suut
1564 2489 1574 2504 ,
1599 2480 1724 2502 nouam
1735 2468 1860 2518 semper
1869 2472 1963 2507 mili-

119 2506 213 2540 tandi
226 2507 393 2539 materiam
404 2503 484 2538 fore.
496 2502 547 2539 sed
559 2504 596 2538 de
607 2503 675 2539 hoc
685 2502 829 2540 secundo
839 2505 1048 2553 posterius,in
1058 2505 1228 2554 praescntia
1237 2509 1304 2543 hoc
1313 2510 1412 2545 ndbis
1424 2510 1725 2563 sufficiat,proponi
1735 2530 1856 2554 certam
1868 2519 1961 2568 spem

119 2552 240 2589 soelicis
251 2556 354 2588 exitus
363 2552 557 2587 Timotheo.
586 2553 655 2598 quo
672 2551 708 2586 sit
717 2554 755 2586 ad
765 2553 986 2602 pugnandum
997 2554 1187 2589 animosior.
1214 2558 1325 2603 Atque
1334 2559 1367 2592 id
1376 2558 1553 2595 confirmat
1563 2564 1679 2598 eodem
1691 2567 1781 2611 quod
1804 2570 1963 2605 citauerat

121 2600 285 2650 exemplo.
309 2602 401 2636 Nam
413 2600 504 2635 sicuti
513 2601 686 2648 praeualuit
703 2603 766 2635 Dei
777 2603 894 2636 veritas
905 2614 1022 2637 contra
1033 2604 1230 2651 imposturas
1242 2617 1418 2655 magorum
1429 2632 1439 2646 ‚
1460 2611 1504 2642 ita
1515 2612 1687 2647 victricem
1707 2613 1776 2649 fore
1786 2617 1962 2666 Euangelii

95 2676 98 2680 .
119 2650 307 2686 ὀοᾶτίῃαῐη
318 2651 487 2698 promittit
498 2659 614 2683 contra
626 2649 781 2697 quae-libet
790 2662 881 2685 noua
891 2648 1062 2697 figmenta.
1722 2649 1726 2655 '
1794 2689 1797 2694 Ι

129 2711 134 2718 ·
168 2710 206 2732 10
253 2699 421 2733 Tuautem
438 2699 620 2744 assentitus.)
669 2700 746 2732 Hoc
758 2710 895 2745 quoque
911 2703 1226 2748 argumento-vritur
1249 2704 1289 2738 ad
1299 2706 1507 2741 incitandum
1522 2709 1742 2745 Timotheum
1754 2730 1766 2749 5
1784 2713 1877 2759 quod
1888 2728 1961 2751 non

121 2747 211 2781 rudis
230 2751 264 2781 &
275 2749 451 2796 imperitus
469 2757 561 2790 tyro,
575 2748 610 2780 in
621 2758 752 2780 arenam
772 2748 908 2794 prodeat
923 2760 932 2781 ι
950 2758 1066 2795 vtpote
1076 2761 1178 2796 quem
1189 2751 1309 2786 Paulus
1333 2752 1400 2800 ipse
1412 2751 1466 2788 sua
1486 2754 1660 2805 disciplina
1673 2760 1730 2794 diu
1750 2760 1956 2798 formauerit.

121 2794 196 2829 Nec
209 2795 335 2829 tantum
345 2795 384 2829 de
393 2795 544 2829 doetrina
554 2797 662 2841 agitur
674 2808 771 2829 :nam
782 2808 854 2841 quae
863 2795 958 2830 fimul
970 2808 1213 2832 commemorat
1221 2822 1232 2836 ,
1251 2813 1322 2834 non
1333 2813 1450 2849 parum
1479 2804 1604 2840 addunt
1614 2809 1788 2853 ponderis:
1811 2811 1959 2858 adeoque

118 2845 232 2877 viuam
241 2843 323 2877 boni
334 2844 481 2878 do&otis
493 2844 676 2889 imaginem
687 2842 784 2878 nobis
795 2844 947 2891 depingit
957 2844 1018 2879 hac
1026 2843 1206 2881 sententia:
1217 2860 1338 2895 nempe
1348 2853 1405 2895 qui
1419 2864 1490 2886 non
1501 2856 1652 2888 oratione
1672 2857 1775 2891 modo
1788 2857 1908 2893 formet
1919 2872 1958 2895 ac

119 2891 268 2925 instituat
277 2889 349 2926 suos
365 2890 555 2938 discipulos,
565 2890 618 2924 sed
628 2894 742 2937 petitus
753 2905 889 2939 quoque
903 2890 997 2927 suum
1010 2894 1263 2941 quodammodo
1274 2895 1341 2931 illis
1351 2901 1485 2945 aperiat,⁴
1495 2898 1529 2935 vt
1541 2903 1743 2945 intelliuant,
1755 2919 1791 2938 ex
1803 2909 1918 2942 animo
1930 2911 1959 2942 i-

120 2937 216 2985 psum
235 2940 351 2973 docere
362 2952 434 2985 quae
444 2939 550 2973 docet.
572 2941 685 2985 Atque
697 2940 762 2976 hoc
775 2938 936 2988 fignificat
957 2954 1083 2976 nomen
1094 2945 1244 2991 Propositi.
1266 2945 1366 2979 Addit
1375 2973 1385 2987 ‚
1408 2950 1508 2983 etiam
1521 2933 1745 2998 experini’enta
1755 2953 1818 2987 alia
1830 2953 1901 2989 serii
1921 2960 1958 2990 &

120 2986 263 3021 minime
275 2986 342 3022 66ὶί
352 2985 496 3026 affectus:
509 2998 544 3021 vt
555 2986 630 3022 sunt
640 2991 667 3021 F
669 2987 1214 3039 ides‚dilee'lio,tolerantia,patientia.
1260 2993 1398 3029 Talibus
1408 2997 1604 3033 rudimentis
1616 3000 1764 3034 imbutus
1776 3001 1879 3037 fuerat
1889 3005 1956 3037 Ti-

120 3034 278 3069 motheus
287 3031 343 3070 sub
352 3035 446 3070 Pauli
457 3037 654 3083 magisterio.
665 3038 871 3083 anuam
882 3051 952 3072 non
964 3038 1092 3072 tantum
1103 3040 1138 3073 in
1153 3044 1350 3076 memoriam
1369 3055 1504 3080 reuocat
1515 3059 1587 3093 quae
1599 3047 1654 3081 abs
1673 3046 1703 3082 se
1713 3050 1880 3084 didicerit:
1901 3050 1954 3086 sed

119 3083 349 3117 testimonium
361 3082 410 3117 illi
421 3085 524 3118 reddit
535 3082 709 3132 superioris
720 3087 793 3120 vitae
811 3108 821 3122 ‚
832 3096 868 3119 vt
877 3085 943 3120 hoc
954 3086 1059 3120 modo
1068 3087 1107 3121 ad
1117 3087 1389 3134 perseuerantiam
1401 3095 1527 3128 incitet.
1550 3096 1674 3129 Laudat
1684 3099 1773 3130 enim
1795 3108 1955 3145 tanquam

117 3129 249 3165 suarum
263 3133 425 3165 virtutum
434 3134 651 3166 imitatorem.
662 3131 722 3167 acsi
734 3134 855 3167 diceret
864 3157 875 3172 ,
885 3135 1083 3181 Iampridem
1093 3134 1284 3180 affuefaCRus
1294 3152 1326 3173 es
1337 3140 1376 3173 ad
1391 3154 1462 3175 mea
1473 3144 1621 3177 instituta
1636 3157 1642 3177 :
1658 3156 1756 3191 perge
1767 3147 1870 3180 modo
1888 3150 1955 3194 qua

117 3180 257 3226 coepisti,
268 3178 349 3213 Vult
359 3190 467 3214 tamen
479 3192 512 3214 vt
523 3179 597 3214 fidei
609 3180 800 3216 dileetionis
813 3185 848 3216 ὃ(
861 3184 1025 3230 patientiae
1039 3182 1100 3218 suae
1112 3185 1303 3232 exemplum
1317 3187 1441 3237 semper
1452 3190 1592 3225 versetur
1610 3203 1685 3226 ante
1696 3192 1816 3228 oculos
1829 3196 1954 3230 Timo-

118 3227 239 3263 thei:&
260 3227 335 3261 ideo
347 3239 397 3268 eas
409 3229 551 3263 maxime
561 3228 830 3276 persequutiones
840 3241 917 3265 com
923 3242 1171 3278 memonmquae
1181 3232 1230 3268 illi
1241 3238 1344 3282 magis
1356 3249 1444 3271 notae
1455 3250 1555 3273 erant.

164 3287 194 3311 11
230 3274 294 3311 Sed
303 3287 345 3309 ex
354 3274 514 3319 omnibus.)
565 3277 762 3312 Consolatio
774 3291 846 3324 quae
856 3290 921 3313 tem
930 3291 1018 3325 perat
1028 3279 1190 3316 affliffion
1196 3295 1252 3316 um
1263 3283 1472 3320 acerbitatem
1485 3300 1492 3320 ε
1524 3288 1616 3333 quod
1628 3287 1751 3324 scilicet
1758 3291 1953 3340 prosperum

115 3326 244 3374 semper
255 3322 355 3359 finem
367 3322 498 3358 habent.
510 3326 541 3358 Si
552 3328 626 3371 quis
636 3325 785 3363 obiiciat,
800 3339 869 3360 non
880 3325 1006 3374 semper
1017 3329 1159 3363 eundem
1171 3331 1210 3364 de
1221 3344 1291 3378 quo
1303 3331 1464 3379 gloriatur
1480 3333 1655 3371 successum
1667 3335 1821 3384 speetari:
1836 3339 1952 3375 verum

115 3376 150 3411 id
160 3372 296 3423 quidem'
307 3370 367 3407 effe
377 3370 482 3407 fateor
490 3395 501 3411 ,
514 3374 615 3420 ,quod
625 3374 665 3408 ad
674 3372 802 3410 sensum
814 3377 940 3410 carnis:
963 3389 1072 3425 neque
1084 3380 1174 3413 enim
1186 3380 1320 3416 tandem
1331 3380 1488 3419 liberatus
1520 3382 1584 3420 fuit
1594 3384 1714 3421 Paulus
1723 3386 1801 3436 ipse.
1827 3389 1952 3426 vestim

2003 1340 2182 1385 Ρβῖαυῖὰζις
