2268 3705
380 107 494 157 AD
545 99 951 156 HEBRAEOS
1003 102 1181 158 CA'P·
1245 103 1304 156 X·
1833 124 1889 158 sn

7 214 12 227 ,
33 187 36 191 ’
59 183 172 228 Moses
181 184 297 220 Deum
311 180 416 217 illatas
427 180 558 230 populo
568 180 626 217 suo
637 185 775 217 iniurias
784 182 932 217 vitutum
943 184 1135 230 promittat,
1146 181 1276 216 videtur
1291 184 1476 232 improprie
1501 197 1540 221 ac
1557 183 1722 224 violenter
1740 189 1806 226 huc
1826 202 1898 228 tot-

6 297 23 319 Ἰ

4 343 21 362 ’.ι

64 237 159 285 queri
171 234 262 280 quod
280 233 434 266 meminit
441 232 480 265 de
492 231 746 279 vindicta-Qd
756 233 846 265 enim
860 243 952 265 nunc
961 233 1030 279 agit
1043 229 1361 279 Apostolus?nempe
1371 245 1487 268 eorum
1499 237 1708 282 impietatem
1729 252 1801 275 non
1821 239 1893 276 fore

71 283 234 332 'mpuniti
245 283 303 328 qui
315 281 390 314 Deo
401 278 617 314 illuserint.Et
630 281 749 314 Paulus
758 280 798 313 ad
807 280 1223 326 Rom-12.d.19‚gcnuinam
1235 279 1303 313 loci
1316 280 1574 328 intelligentiam
1585 284 1752 331 sequutus,
1762 288 1828 323 alib
1840 301 1895 324 ac-

50 297 359 369 .{0mmodat.Narn
369 328 451 362 dum
462 326 533 362 vult
542 328 581 361 ad
592 330 789 375 patientiam
802 340 864 362 nos
873 326 1011 365 hortari,
1024 328 1116 363 iubet
1125 339 1160 361 vt
1171 329 1246 362 Deo
1257 327 1372 363 locum
1382 330 1498 366 demus
1507 332 1546 366 ad
1557 335 1741 369 vindictam
1762 335 1896 372 sumen-

3 376 21 414 ι’
65 381 238 426 dam‚'quia
248 377 296 412 hae
306 375 368 410 fint
384 378 454 410 eius
465 386 684 423 partcszatque
694 377 725 409 id
739 375 857 424 probat
870 376 936 410 hoc
947 375 1051 411 Molis
1063 376 1395 412 testimonio-Verum
1407 379 1494 413 nihil
1506 380 1613 415 obstat
1625 386 1810 428 quominus
1822 384 1894 433 spe-

63 429 162 466 ciales
171 426 345 462 sententias
353 423 591 458 transferamus
600 427 639 458 ad
650 426 837 459 doctrinam
848 423 1221 460 vniucrsalcm.Tametsi
1231 438 1310 474 crgo
1320 426 1497 462 confilium
1512 429 1616 463 Mofis
1625 433 1667 464 eli
1679 430 1790 466 fideles
1810 446 1894 468 con-

54 470 170 514 Ϊοίᾶιτὶ,
182 477 261 522 quia
269 475 380 508 Deum
391 472 538 507 habituri
552 471 613 507 sint
623 475 819 508 iniuriarum
835 471 966 508 suarum
976 475 1160 509 vendicem:
1175 485 1286 508 tamen
1302 488 1339 509 ex
1351 478 1420 510 eius
1430 476 1537 511 verbis
1548 477 1706 527 colligere
1717 479 1842 527 semper
1854 482 1895 515 li—

0 539 3 546 ·
46 537 126 566 -cet‚
137 525 309 572 proprium
320 522 385 556 Dei
395 519 548 556 officium
560 521 620 555 esse
629 534 743 568 poenas
751 519 876 556 sumere
886 521 925 556 de
936 524 1060 571 impiis.
1071 522 1144 557 Nec
1155 525 1225 556 eius
1235 523 1428 559 testimonio
1451 525 1598 562 abutitur
1609 531 1668 574 qui
1679 529 1756 562 inde
1776 529 1895 576 probat

44 595 47 597 -
61 583 134 611 non
146 572 353 620 impunitum
365 569 435 604 fore
445 580 679 617 contemptum
692 572 848 616 Dei‚quia
858 569 926 617 ipse
935 571 1038 605 iustus
1046 570 1083 605 sit
1094 570 1189 605 iudex
1203 573 1262 618 qui
1275 584 1398 607 munus
1409 575 1599 610 vindicandi
1610 576 1667 612 sibi
1678 576 1896 624 afferat.Q-

10 654 12 658 ,
61 634 162 670 quam
173 617 277 668 posset
285 618 342 653 hic
352 620 452 653 etiam
463 617 644 665 Apostolus
654 621 844 653 ratiocinari
854 631 872 652 a
882 621 1007 652 minori
1019 620 1058 653 ad
1069 622 1175 655 maius
1185 645 1195 660 ,
1206 619 1273 654 hoc
1283 622 1387 655 modo
1397 647 1406 662 ‚
1418 623 1508 658 Deus
1519 622 1548 658 se
1559 625 1724 672 paliurum
1735 638 1834 673 negat
1858 639 1895 662 vt

61 669 207 721 populus
220 670 294 702 luus
304 667 444 715 impune
456 666 599 701 laedatur:
612 665 708 714 se‘que
717 665 891 714 profitetur
900 677 1027 702 certum
1039 666 1108 702 fore
1117 667 1273 703 vltorem.
1290 670 1324 703 Si
1338 669 1458 705 multas
1469 671 1650 708 hominum
1662 677 1802 709 iniurias
1822 684 1896 713 non

48 719 148 759 finit,
161 730 203 752 an
213 715 282 751 suas
295 715 395 763 ipsius
411 727 481 749 non
492 716 693 749 vindicaret?
706 728 748 749 an
759 716 841 749 adeo
852 728 988 762 paruam
998 715 1134 751 habebit
1142 715 1194 751 vel
1203 716 1329 751 nullam
1342 717 1454 766 gloriae
1465 717 1525 755 suae
1534 733 1646 756 curam
1658 735 1695 758 ac
1715 726 1894 762 rationem.

58 778 107 805 vt,
118 778 222 814 quum
233 763 358 812 probro
368 761 702 800 afficitur,diffimulet
716 775 752 797 ac
764 763 934 811 negligat?
945 765 1005 799 Sed
1017 764 1098 800 illud
1109 763 1291 812 fimplicius
1301 765 1345 800 est
1355 778 1392 801 ac
1403 770 1516 803 minus
1526 773 1732 809 coactunuvt
1743 773 1893 819 Aposto-

41 839 49 843 ,
60 813 359 858 Ιιιεηηειιιῃιῃρὰο
368 812 517 846 ostendar
528 812 641 845 Deum
653 825 724 846 non
735 814 874 860 impune
884 811 1029 847 ludibrio
1041 813 1192 849 habitum
1203 816 1363 862 iri‚quum
1373 818 1442 851 eius
1453 820 1627 865 proprium
1641 818 1677 854 fit
1688 823 1890 858 munus‚im-

43 886 45 888 -
58 866 124 914 piis
135 863 309 910 rependere
319 860 410 907 quod
423 861 535 894 meriti
543 859 630 894 sunt.
678 859 835 894 Iudicabit
839 862 983 909 populum
986 864 1087 906 stmm.
1121 861 1188 896 Hic
1199 865 1311 898 eadem
1322 875 1378 898 aut
1391 868 1497 900 maior
1506 869 1612 901 oritur
1622 867 1894 915 difficultas‚quia

40 930 47 946 .·
56 911 270 948 nonvidetur
280 921 465 956 congruere
474 907 577 942 Mofis
588 906 695 943 sensus
706 921 783 943 cum
794 908 944 956 praesenti
955 911 1119 945 instituto.
1151 911 1289 947 Videtur
1300 913 1480 961 Apostolus
1489 916 1536 949 ira
1554 919 1652 951 citare
1662 917 1752 952 hunc
1763 917 1890 956 locum,

38 959 117 996 mcii
127 959 272 999 Iudicate
282 967 420 1005 poneret
431 955 541 990 Moses
553 968 611 996 pro
621 958 861 1004 Punire.Atqui
873 971 979 1004 quum
990 958 1205 1006 expositionis
1215 963 1287 995 vice
1299 962 1465 996 continuo
1474 963 1549 1011 post
1558 965 1750 1014 addat‚Erga
1763 964 1892 1001 [Lindos

15 1027 19 1030 -
54 1007 131 1045 suos
142 1009 203 1043 erit
213 1004 407 1041 misericors:
416 1006 493 1040 inde
502 997 621 1052 liquet,
630 1004 712 1039 illud
721 1006 890 1040 Iudicandi
902 1006 1039 1042 verbum
1049 1010 1155 1055 accipi
1165 1020 1229 1055 pto
1238 1009 1502 1045 Gubernatorem
1513 1025 1618 1060 agere:
1631 1027 1665 1049 vt
1676 1014 1829 1062 frequens
1847 1013 1892 1050 est

42 1057 181 1105 «linguae
190 1055 359 1090 Hebraicae
371 1051 456 1088 vsus.
466 1054 596 1088 videtur
605 1054 714 1088 auteffi
726 1055 759 1088 id
768 1067 885 1101 parum
898 1053 1000 1090 facere
1007 1057 1048 1090 ad
1057 1055 1247 1104 praesentem
1260 1058 1399 1093 causam.
1410 1060 1531 1095 Verum
1543 1064 1601 1108 qui
1612 1066 1729 1097 omnia
1738 1065 1825 1099 rcere
1837 1076 1893 1098 ex-

40 1127 47 1131 ·
53 1107 218 1155 penderit,
231 1103 322 1138 hunc
332 1115 470 1149 quoque
481 1101 596 1136 locum
609 1102 684 1149 apte
695 1106 729 1137 δε
740 1104 923 1138 commode
933 1104 1053 1139 adduci
1064 1103 1227 1153 agnoscet.
1251 1120 1360 1154 neque
1371 1110 1461 1142 enim
1474 1109 1656 1158 gubernare
1675 1113 1782 1160 potest
1798 1114 1891 1148 Deus

38 1150 330 1192 9Ecclefiamsuam
340 1154 424 1197 quin
437 1163 508 1184 eam
518 1161 647 1198 purget,
659 1163 696 1184 ac
705 1163 778 1198 quae
789 1150 859 1188 illic
869 1151 1004 1188 confusa
1012 1153 1099 1194 sunt,
1111 1156 1144 1188 in
1155 1155 1308 1189 ordinem
1321 1157 1474 1191 restituat.
1494 1159 1635 1193 Proinde
1646 1161 1714 1195 haec
1725 1160 1892 1208 guberna-

39 1202 306 1250 >tiozhypocritis
321 1198 442 1234 merito
451 1197 672 1233 formidabilis
682 1200 740 1233 elle
752 1198 858 1239 debers
870 1203 1023 1247 quitunc
1033 1201 1138 1236 daturi
1153 1201 1228 1237 sunt
1236 1215 1362 1252 poenas,
1374 1205 1466 1251 quod
1477 1205 1591 1241 locum
1603 1207 1660 1243 libi
1672 1212 1757 1243 inter
1768 1214 1842 1257 pios
1855 1223 1894 1244 v·-

44 1250 309 1299 -firrpauerint,&
324 1246 412 1282 sacro
423 1248 492 1282 Dei
501 1250 641 1282 nomine
651 1247 774 1295 perfide
784 1247 907 1283 fuerint
916 1248 1124 1297 abu132quum
1137 1251 1201 1299 ipse
1215 1252 1447 1300 paterfamilias
1458 1257 1696 1292 constituendae
1706 1259 1784 1292 dom
1791 1273 1827 1293 us
1837 1257 1892 1303 sue

39 1311 167 1337 >curam
178 1295 342 1345 suscipiet.
352 1297 429 1330 Hoc
441 1294 532 1330 sensu
543 1297 664 1331 dicitur
687 1298 779 1331 Deus
789 1299 993 1346 exurgere-ad
1005 1299 1170 1346 populum
1191 1301 1247 1335 suu
1254 1314 1284 1335 m
1296 1303 1512 1337 iudicandum
1526 1330 1535 1344 ,
1555 1317 1660 1351 quum
1671 1307 1745 1341 vere
1757 1310 1830 1354 pios
1848 1307 1891 1342 ab

41 1347 238 1396 ahypocritis
251 1344 416 1382 discernit,
428 1342 619 1390 Psal.5o.a.1.
637 1347 676 1379 Et
685 1344 856 1391 Psal.125.a.
865 1357 892 1390 ᾗ,
903 1346 958 1381 vbi
973 1348 1014 1387 de
1026 1350 1283 1383 exterminandis
1295 1349 1477 1398 hypocritis
1489 1351 1640 1398 loquitur
1650 1355 1815 1403 Propheta
1824 1380 1834 1394 ‚
1846 1370 1889 1391 ne

39 1394 343 1444 {ampliusigloriari
352 1393 507 1434 audeant,
518 1395 595 1440 quia
606 1392 681 1442 ipsis
692 1396 782 1432 Deus
792 1395 955 1443 indulget,
965 1394 994 1430 se
1005 1408 1042 1429 ex
1053 1395 1191 1433 Ecclesia
1201 1395 1271 1431 effe:
1280 1410 1396 1445 pacem
1406 1398 1511 1433 Israeli
1523 1402 1889 1451 denuntiat,postquam

5 1450 14 1458 '
40 1444 119 1482 [hoc
127 1445 293 1479 iudicium
304 1441 512 1490 completum
526 1442 634 1477 ruerit.
647 1443 728 1478 Non
741 1455 819 1490 ergo
830 1440 1061 1491 intempestiue
1072 1444 1265 1493 Apostolus,
1274 1448 1354 1481 dum
1365 1449 1524 1482 admonet
1543 1449 1659 1484 Deum
1671 1451 1816 1488 Ecclefiae
1826 1452 1890 1490 suae

49 1486 190 1544 praeeffe,
201 1504 238 1527 ac
247 1490 333 1526 nihil
343 1493 497 1525 omittere
509 1492 601 1537 quod
611 1493 649 1525 ad
660 1490 845 1538 legitimam
853 1491 1133 1539 gubernationem
1144 1492 1242 1530 faciat
1253 1518 1264 1533 ,
1275 1508 1344 1542 quo
1355 1495 1482 1532 solicite
1494 1496 1522 1531 se
1532 1501 1706 1533 continere
1715 1499 1838 1535 discant
1849 1516 1888 1536 o-

39 1554 148 1577 -mnes
159 1540 217 1575 sub
227 1542 298 1575 eius
306 1542 461 1587 imperio,
471 1551 508 1574 ac
521 1542 736 1574 meminerint
744 1540 942 1574 reddendam
953 1539 1013 1575 effe
1023 1539 1081 1575 suo
1090 1543 1195 1577 ludici
1205 1546 1382 1578 rationem.
1393 1546 1472 1580 Inde
1481 1545 1654 1581 concludit
1663 1571 1673 1584 ,
1684 1550 1721 1580 H
1727 1549 1888 1584 orrendum

0 1588 2 1590 ’
38 1592 106 1638 -effe
113 1588 247 1624 incidere
256 1591 289 1622 in
297 1601 404 1622 manus
413 1590 477 1621 Dei
484 1591 634 1621 vineatis:
644 1590 722 1635 quia
735 1588 884 1623 mortalis
895 1590 1013 1627 homo,
1023 1601 1059 1624 vt
1070 1589 1341 1627 sirinfestiffimus
1354 1619 1364 1633 ,
1376 1606 1447 1628 non
1460 1595 1566 1641 potest
1578 1606 1689 1631 tamen
1701 1596 1783 1631 vltra
1796 1610 1888 1632 mor-

14 1669 15 1673 ,
42 1649 121 1674 tem
136 1637 246 1673 saeuire
259 1651 269 1669 .·
278 1648 310 1671 at
323 1637 389 1670 Dei
399 1638 552 1684 potentia
560 1647 628 1670 tam
638 1638 783 1684 angustis
794 1636 959 1673 limitibus
972 1636 1064 1672 finita
1073 1652 1144 1674 non
1155 1640 1208 1673 est.
1219 1641 1375 1675 Praeterea
1385 1639 1464 1690 saepe'
1473 1641 1640 1678 eludimus
1650 1644 1886 1681 homineszDei

46 1688 215 1723 iudicium
227 1683 369 1734 effugere
379 1695 450 1720 non
461 1684 585 1719 licebit.
613 1687 727 1732 Iraque
737 1684 888 1733 quisquis
898 1685 956 1720 sibi
966 1699 1044 1721 cum
1063 1689 1137 1722 Deo
1147 1687 1207 1722 effe
1218 1692 1395 1736 negotium
1406 1690 1584 1738 reputabit,
1595 1705 1670 1727 eum
1684 1693 1768 1736 (nisi
1791 1695 1886 1730 valde

44 1735 87 1772 sit
97 1737 259 1783 stupidus)
270 1732 352 1769 serio
364 1734 524 1781 trepidare
535 1737 570 1768 δε
581 1733 792 1782 expauescere
803 1735 927 1769 necesse
936 1735 988 1769 est.
1000 1735 1073 1769 imo
1084 1734 1153 1770 fieri
1162 1740 1281 1784 nequit
1292 1740 1375 1784 quin
1388 1737 1444 1772 ille
1454 1740 1519 1773 Dei
1530 1737 1637 1775 sensus
1647 1752 1757 1776 toturn
1770 1742 1885 1777 homi-

1 1821 4 1824 ,
44 1797 125 1821 nem
134 1783 314 1819 absorbeat:
329 1793 364 1818 νε
377 1781 463 1817 nulli
474 1781 606 1817 dolores
620 1781 671 1818 vel
681 1787 844 1820 cruciatus
866 1794 944 1820 cum
957 1796 998 1817 eo
1008 1782 1070 1818 fint
1080 1784 1286 1821 conferendi.
1319 1788 1477 1833 Denique
1489 1791 1622 1834 quoties
1641 1790 1740 1825 nobis
1750 1791 1884 1826 delicias

42 1832 212 1872 faciteam
222 1832 343 1869 nostra,
354 1829 407 1865 vel
418 1829 516 1866 nobis
528 1831 598 1867 vllo
610 1832 717 1866 modo.
725 1834 913 1878 inpeccatis
923 1830 1205 1878 blandi-inurihiec
1216 1832 1284 1868 sola
1292 1835 1484 1870 admonitio
1504 1835 1651 1872 sufficere
1661 1840 1699 1872 ad
1711 1853 1773 1877 nos
1793 1844 1883 1875 exci-

42 1882 165 1916 tandos
174 1879 282 1919 debet,
294 1880 385 1926 quod
394 1878 556 1914 horribile
567 1877 603 1913 fit
614 1881 758 1914 incidere
769 1883 803 1915 in
817 1893 934 1916 manus
941 1881 1006 1914 Dei
1018 1883 1162 1916 viuentis
1175 1895 1183 1915 z
1198 1884 1293 1917 cuius
1305 1885 1350 1916 ira
1361 1895 1412 1918 tot
1423 1896 1460 1918 ac
1471 1895 1538 1919 tam
1551 1885 1724 1921 horrendis
1736 1891 1770 1923 in
1789 1901 1882 1924 aeter-

40 1935 129 1966 num
139 1931 277 1964 exitium
286 1930 398 1984 poenis
407 1938 531 1963 armata
541 1928 595 1972 est.
605 1928 742 1963 Videtur
751 1940 863 1963 tamen
874 1941 939 1965 vox
950 1927 1007 1962 illa
1016 1931 1155 1978 Dauidis
1165 1942 1244 1965 cum
1257 1932 1318 1966 hac
1328 1931 1489 1967 sententia
1499 1946 1659 1981 pugnare,
1669 1937 1751 1973 dum
1761 1938 1881 1974 melius

41 1977 104 2013 esse
115 1977 427 2023 exclamatincidere
436 1978 471 2010 in
485 1989 602 2012 manus
611 1978 687 2014 Dei,
703 1977 802 2024 quam
816 1977 1012 2019 hominurn.
1022 1978 1083 2012 Sed
1093 1979 1194 2019 huius
1204 1980 1394 2025 quaestionis
1405 1979 1511 2015 facilis
1522 1986 1581 2016 erit
1593 1983 1717 2020 solutio
1728 2011 1737 2022 ‚
1749 1985 1771 2019 fi
1785 1990 1880 2034 cogi-

40 2024 153 2062 temus
170 2027 335 2061 Dauidem
345 2023 465 2060 fiducia
484 2025 713 2059 misericordiae
723 2026 795 2059 Dei*
808 2025 950 2063 fretum3
968 2028 1081 2072 potius
1093 2026 1214 2075 eligere
1224 2025 1335 2075 ipsum
1345 2029 1489 2062 iudicem
1501 2053 1511 2067 ‚
1530 2032 1630 2077 quam
1644 2032 1809 2068 homines.
1830 2047 1879 2069 ta-

42 2074 137 2113 metfi
148 2077 239 2110 enim
250 2075 362 2109 Deum
382 2072 441 2107 fibi
452 2075 522 2109 iure
533 2076 653 2108 iratum
665 2071 725 2106 ess'e
735 2084 876 2107 nouerat
885 2095 894 2110 ‚
907 2073 1074 2120 placatum
1086 2086 1198 2109 tamen
1212 2077 1252 2108 iri
1264 2075 1404 2110 confidit
1415 2090 1423 2110 ε
1436 2079 1515 2123 quia
1525 2081 1559 2113 in
1573 2077 1602 2113 se
1616 2081 1794 2127 prostratus
1803 2110 1813 2123 ‚
1825 2086 1879 2119 ni,

40 2123 230 2160 hilominus
244 2119 463 2170 promiffione
472 2123 583 2168 gratiae
595 2120 790 2167 erigebatur.
817 2122 907 2169 Ergo
919 2120 995 2155 cum
1009 2122 1210 2157 exorabilem
1221 2121 1280 2157 fibi
1290 2125 1401 2161 Deum
1414 2126 1530 2160 statuat
1540 2151 1549 2165 ‚
1573 2141 1644 2161 non
1656 2131 1778 2164 mirum
1792 2134 1835 2165 cst
1855 2132 1876 2167 si

40 2174 113 2207 eius
123 2171 209 2208 itam
234 2172 346 2205 minus
358 2168 551 2204 reformidet
569 2170 670 2215 quam
681 2168 874 2206 hominurn.
916 2170 983 2204 Hic
993 2182 1105 2205 autem
1127 2171 1307 2219 Apostolus
1327 2175 1408 2207 iram
1421 2175 1484 2207 Dei
1496 2168 1743 2211 formidabilem
1762 2191 1877 2227 repro-

41 2218 94 2255 bis
105 2217 165 2254 esse
174 2220 371 2268 pronuntiat
380 2241 391 2256 ,
405 2219 463 2264 qui
474 2216 528 2265 spe
537 2216 727 2252 obtinendae
740 2220 843 2253 veniae
866 2217 1034 2259 destituti,
1053 2219 1140 2254 nihil
1153 2232 1267 2267 praeter
1279 2233 1458 2255 extremam
1473 2220 1678 2258 seueritatem
1691 2228 1876 2274 expestant',

41 2271 123 2315 quia.
140 2270 205 2303 iam
216 2269 326 2317 gratiae
345 2267 413 2300 Dei
424 2267 551 2300 aditum
571 2264 802 2315 praecluseriiit.
838 2268 969 2301 Scimus
978 2278 1088 2302 autem
1100 2270 1213 2303 Deum
1225 2269 1313 2303 varie
1325 2270 1461 2304 describi
1473 2283 1534 2317 pro
1545 2275 1673 2307 ratione
1692 2274 1875 2313 hominum

39 2317 81 2350 ad
91 2328 176 2363 quos
185 2314 291 2350 sermo
304 2313 453 2351 habetur.
491 2316 604 2361 Atque
613 2314 679 2350 hoc
704 2314 748 2349 est
757 2315 849 2361 quod
859 2314 929 2349 vult
939 2315 1052 2350 Dauid
1069 2316 1148 2353 Psal.
1165 2318 1212 2351 18.
1223 2328 1251 2351 c.
1263 2328 1304 2362 27
1313 2342 1323 2358 ,
1348 2320 1438 2354 Cum
1451 2318 1601 2367 benigno
1612 2320 1778 2369 benignus
1799 2328 1874 2367 eris,

38 2376 119 2399 curn
130 2363 281 2412 peruerso
293 2361 472 2411 peruersus.
789 2386 791 2389 s

100 2451 141 2489 μ
175 2432 180 2437 ”
207 2434 445 2494 Recordamini
459 2432 593 2475 dierum
617 2433 832 2492 fhperiorum
851 2468 862 2486 ‚
887 2430 1012 2494 quibus
1031 2437 1222 2482 illuminati
1240 2440 1386 2480 multum
1404 2452 1576 2481 certamen
1584 2438 1790 2496 fiastinuistir
1799 2445 1876 2502 pas-³

26 2491 168 2663 Ξοζζω
177 2523 320 2658 ’Pszztim
330 2548 413 2589 dum
415 2547 549 2604 probris
559 2549 600 2597 ἀ·
610 2546 969 2605 afflib'ffionibasfiaistis
983 2550 1136 2590 tradam
1151 2581 1162 2598 ‚
1167 2555 1297 2608 partim
1307 2552 1390 2592 dum
1395 2551 1574 2606 sociifaffi'
1582 2558 1663 2595 cilis
1688 2569 1802 2596 eorum
1813 2560 1874 2612 qui

63 2621 80 2645 c
86 2619 208 2645 conuer
262 2616 374 2644 antur.

97 2676 144 2712 34
199 2664 339 2702 Etenim
349 2661 501 2701 vinculis
510 2665 596 2702 meis
605 2662 757 2716 compassa
765 2661 856 2713 estis,
871 2661 1077 2718 &rapinam
1088 2660 1251 2703 bonorum
1259 2663 1638 2721 vestrorumfiafiepistis
1649 2668 1869 2725 cumgaudio,

22 2719 176 2771 scientes
184 2731 253 2756 vos
263 2714 386 2755 habere
396 2717 569 2756 meliorem
567 2715 792 2771 fiabstantiam
801 2721 840 2756 in
851 2717 948 2763 calis,
959 2718 999 2764 ὠ
1010 2719 1220 2758 ηεαῼεηϊεηι.

89 2786 129 2825 35
187 2781 253 2823 Ne
261 2771 433 2811 abitciatis
441 2775 546 2827 {gitur
542 2774 712 2825 fiduciam
722 2773 871 2826 vestram
879 2787 950 2828 que
958 2777 1267 2814 remunerationem
1277 2790 1438 2835 magnam
1448 2773 1560 2818 habet.

83 2846 118 2884 32
166 2837 419 2883 ,Recordammc‘y
470 2840 514 2872 Vt
524 2837 674 2872 stimulos
686 2837 752 2873 illis
761 2839 905 2875 addat,&
915 2837 1117 2873 alacritatem
1129 2843 1248 2875 excitet
1258 2843 1297 2875 ad
1309 2843 1524 2889 pergendum:
1534 2855 1666 2879 reuocat
1677 2844 1742 2879 illis
1753 2848 1787 2880 in
1801 2846 1874 2880 me·⁴

35 2888 179 2922 moriam
191 2900 265 2934 quae
276 2889 366 2934 prius
380 2886 545 2921 ediderant
557 2888 687 2933 pietatis
697 2884 888 2934 specimina.
926 2887 1038 2933 Turpe
1050 2890 1141 2922 enim
1157 2889 1201 2922 est
1215 2901 1320 2935 quum
1331 2889 1415 2924 benc
1426 2894 1564 2938 coeperis
1575 2916 1584 2930 ‚
1597 2896 1630 2927 in
1645 2895 1755 2927 medio
1775 2894 1870 2929 cursu

35 2934 178 2982 fatigari:
193 2933 322 2982 turpius
333 2935 410 2968 verb
422 2935 636 2974 retrocedere,
646 2947 751 2982 quum
763 2937 828 2969 iam
843 2946 983 2980 magnos
993 2934 1107 2970 feceris
1117 2936 1310 2983 progressus.
1323 2938 1402 2972 Haec
1412 2939 1547 2973 demum
1561 2940 1649 2974 vtilis
1661 2942 1703 2974 est
1714 2945 1871 2978 anteacta&

36 2983 167 3018 militiae
177 2984 372 3019 recordatio,
382 2981 404 3016 fi
416 2981 556 3017 fideliter
566 2995 603 3017 ac
617 2982 745 3017 strenue
754 2996 816 3017 nos
827 2981 884 3017 sub
896 2982 1030 3020 Christo
1039 2982 1213 3030 geffimus:
1233 2999 1302 3020 non
1316 2997 1350 3020 νε
1362 2998 1552 3034 praetextum
1566 3001 1707 3034 quaeram
1714 3002 1750 3023 us
1774 2993 1870 3037 igna-

36 3033 100 3066 uia:
117 3054 128 3068 ‚
139 3030 229 3078 quasi
241 3030 390 3067 defunffi
402 3033 464 3065 iam
480 3029 616 3065 essemus
627 3044 634 3065 :
645 3029 696 3064 sed
706 3042 740 3065 vt
751 3032 788 3065 ad
797 3028 928 3069 cursum
938 3033 996 3076 qui
1006 3032 1106 3067 nobis
1116 3032 1209 3066 restat
1218 3057 1228 3071 ,
1249 3033 1486 3082 perficiendum
1499 3037 1670 3071 reddamur
1680 3041 1870 3084 paratiores»

36 3079 160 3125 Neque
177 3081 268 3113 enim
278 3080 339 3112 hac
349 3080 547 3113 conditione
556 3092 620 3114 nos
629 3079 781 3113 Christus
793 3077 909 3114 asciuit
920 3102 928 3115 ,
943 3090 978 3113 vt
988 3080 1059 3127 post
1069 3079 1200 3128 aliquot
1209 3093 1315 3117 annos
1324 3110 1333 3124 ‚
1344 3094 1502 3130 tauquam
1516 3083 1637 3118 milites
1648 3088 1775 3119 emeriti
1788 3110 1797 3124 ‚
1811 3099 1870 3133 pe-

36 3137 149 3162 tamus
159 3125 359 3160 miffionem:
374 3125 425 3161 sed
435 3139 469 3161 vr
480 3129 590 3162 nostra
599 3128 759 3175 stipendia
768 3128 807 3162 ad
819 3126 920 3161 finem
930 3127 1030 3174 vsque
1039 3129 1282 3176 persequamur.
1294 3132 1395 3165 Porto
1407 3131 1673 3166 exhortationem
1685 3133 1870 3181 amplificat

37 3186 144 3222 quum
154 3175 250 3212 dicit,
261 3177 390 3222 egregia
400 3176 625 3222 stratagemata
636 3176 665 3209 ia
675 3186 757 3210 tunc
765 3173 895 3210 edidiss'e
905 3174 992 3223 ipsos
1002 3189 1072 3222 quo
1081 3178 1195 3224 tEpore
1204 3175 1310 3214 adhuc
1320 3181 1444 3214 nouitii
1459 3191 1548 3214 erant
1560 3181 1702 3225 tyrones':
1715 3194 1784 3228 quo
1796 3196 1866 3216 ma-

37 3225 91 3271 gis
100 3222 293 3271 pudendum
305 3223 389 3259 estet,
400 3222 423 3257 si
434 3236 525 3258 nunc
534 3223 640 3271 longo
655 3223 707 3258 vsu
719 3226 888 3260 exercitati
901 3221 1065 3258 deficiant.
1085 3226 1139 3259 ΝΞ
1148 3229 1359 3274 participium
1376 3224 1551 3274 Jllnmmaei
1561 3251 1571 3264 ‚
1595 3229 1634 3261 ad
1646 3239 1776 3276 tempus
1787 3231 1872 3265 illud

37 3272 245 3318 restringitur
257 3283 326 3316 quo
338 3271 483 3318 primum
493 3283 662 3319 coeperant
675 3271 809 3307 Christo
819 3285 948 3307 nomen
956 3271 1103 3308 dare.acs1
1115 3274 1466 3322 diceret,'Simulatque
1476 3278 1599 3309 initiati
1611 3275 1714 3311 fuistis
1726 3280 1759 3311 in
1774 3277 1872 3314 fidem

37 3320 176 3358 Christi,
187 3318 330 3353 subiistis
338 3319 418 3353 dura
428 3318 595 3366 ardu'aque
605 3322 786 3355 certamina
796 3332 888 3355 nunc
898 3319 971 3355 vsus
984 3319 1050 3368 ipse
1059 3320 1257 3358 confirmare
1267 3336 1326 3357 vos
1337 3323 1462 3360 debuit,
1472 3334 1507 3357 vt
1519 3322 1584 3358 sitis
1595 3325 1821 3361 animofiores.
1838 3335 1875 3366 ὅ(

35 3377 153 3408 tamen
164 3366 260 3404 simul
273 3367 520 3410 admonenhoc
529 3370 594 3403 Dei
604 3367 768 3405 beneficio
779 3367 1016 3419 consequutos‚
1026 3380 1063 3405 vt
1072 3371 1271 3411 crediderint
1282 3384 1352 3406 non
1362 3374 1501 3420 proptio
1511 3384 1625 3411 marte.
1636 3372 1873 3417 illuminantug

1906 1972 1931 2004 22
1946 1975 2016 2008 sant
2025 1978 2100 2020 ,μζ

1907 2024 1946 2052 ¹4·
