2268 3705
442 94 1467 151 ADCORINTH-CAP.111.
1857 126 1909 166 25.

81 167 113 211 se
124 172 250 220 aliquid
263 166 377 207 valeat.
396 169 516 205 Paulus
532 181 645 212 autem
655 183 725 205 non
736 170 891 211 aemam
901 171 1006 205 modo
1017 188 1028 208 2
1037 169 1088 206 sed
1099 173 1197 205 etiam
1206 171 1356 206 ι’κοινᾶτκτα.
1373 174 1507 208 homini
1518 173 1686 224 suppetere
1699 192 1797 229 negat
1808 196 1816 217 z
1828 195 1900 231 quae

81 223 277 257 tantundem
290 219 374 254 valet
382 231 419 254 ac
429 221 591 253 idoneitas
600 236 611 256 5
624 217 647 252 si
656 219 723 254 hoc
732 219 869 254 verbum
889 220 1016 254 Latinis
1034 221 1070 254 in
1081 217 1136 254 vsu
1146 218 1241 254 foret.
1264 235 1336 257 non
1348 234 1475 269 poterat
1492 225 1594 270 igitur
1606 231 1711 276 magis
1720 230 1898 272 hominem

78 272 201 307 nudare
213 271 307 304 omni
326 267 428 302 bono.
1038 307 1040 310 ,

131 322 153 352 6
203 317 404 364 Qaizosfecu
413 313 558 359 idoneos.)
607 312 782 349 Confessus
792 314 895 350 fuerat
906 314 935 350 se
945 314 1075 363 prorsus
1086 314 1145 351 effe
1156 319 1330 365 ineptum:
1348 332 1439 354 nunc
1450 318 1478 355 se
1489 322 1553 355 Dei
1571 324 1672 368 gratia
1690 333 1838 372 aptatum
1855 328 1894 364 ad

80 380 203 401 munus
215 366 375 414 praedicat‚
385 366 439 397 cui
448 363 523 398 ante
534 373 600 397 erat
610 364 748 398 inutilis.
763 365 857 398 Vnde
870 366 938 398 eius
949 366 1146 411 magnitudo
1158 371 1191 400 δέ
1202 366 1377 402 difficultas
1389 369 1560 416 colligitur
1571 382 1578 401 :
1589 373 1722 417 quando
1732 374 1749 406 ὲ
1758 380 1894 411 nemine

80 416 169 450 obiri
181 413 284 461 potest
295 415 434 458 quinon
445 410 542 445 fuerit
551 412 626 445 ante
638 413 656 445 a
667 413 740 445 Deo
751 423 961 461 comparatus
973 418 1006 446 ὃ(
1017 412 1189 449 formatus.
1207 423 1318 461 Atque
1328 418 1394 451 hoc
1405 419 1503 451 ctiam
1522 418 1678 466 Apostoli
1689 420 1828 456 consiliu
1837 425 1894 462 est,

78 463 233 498 extollere
242 459 413 506 Euangelii
425 460 632 506 dignitatem.
644 471 704 493 nec
720 459 859 494 dubium
872 461 915 494 est
925 463 1007 506 quin
1019 460 1155 508 oblique
1171 475 1288 497 eorum
1298 467 1449 512 inopiam
1467 467 1661 515 perstringat
1680 470 1739 514 qui
1749 468 1818 505 suas
1831 473 1893 506 do-

78 522 127 546 tes
139 507 313 557 magnifice
324 507 498 547 iactabant,
511 521 614 555 quum
628 521 670 542 nc
680 521 744 542 vna
753 509 887 554 quidem
898 507 1029 543 caelcstis
1040 513 1149 556 gratiae
1158 522 1251 557 gutta
1262 510 1361 547 essent
1371 515 1508 560 praediti·
1549 516 1630 549 Non
1639 518 1806 560 Luteraefid
1823 522 1890 566 Spi-

75 563 162 593 ritus.
189 559 290 592 Nunc
299 558 584 603 comparationem
596 553 799 604 persequitur
808 557 905 604 Legis
923 562 955 591 3<
967 557 1140 605 Euangelii
1153 582 1163 596 ,
1186 572 1286 605 quam
1298 564 1388 608 prius
1401 565 1559 610 attigerat.
1570 567 1736 599 Incertum
1749 564 1793 600 est
1803 571 1892 609 auti,

73 603 270 641 induffln'nc
279 606 318 639 ad
328 606 412 639 hanc
420 603 678 653 disputationem
699 603 798 638 fuerit
808 627 818 642 ‚
831 605 922 651 quod
933 606 1053 639 videret
1065 606 1233 653 peruersos
1244 607 1403 654 quosdam
1414 611 1510 657 Legis
1525 612 1731 648 :emulatores
1749 613 1809 649 effe
1819 616 1893 650 Co-

73 654 189 688 rinthi:
200 667 241 688 an
251 656 313 688 alia
327 652 497 687 occasione
506 665 577 686 eam
588 650 770 700 susceperit.
782 654 865 700 Ego,
876 656 954 700 quia
964 653 1060 688 nullo
1070 667 1268 702 argumento
1278 659 1362 691 milii
1374 670 1506 705 apparet
1516 684 1526 697 ‚
1544 659 1835 710 pseudoapostolos
1848 663 1892 698 il·

70 701 116 737 lic
126 705 249 749 Legem
260 702 442 749 Euangelio
451 698 681 749 periiiilctiiile,
692 703 797 747 magis
810 702 970 740 existimo,
983 715 1087 748 quum
1099 715 1275 750 negotium
1288 704 1419 739 haberet
1433 719 1510 740 cum
1523 707 1648 755 i'n'gidi‘s
1657 710 1891 746 declamatori-

74 750 149 787 bus,
164 753 219 797 qni
231 749 418 798 garrulitate
430 749 559 783 tantum
568 747 718 783 fauorem
728 759 896 796 captarent
911 774 921 787 ,
932 751 1121 797 videretque
1133 752 1392 788 Corinthiorum
1402 767 1495 788 autes
1504 755 1560 789 tali
1571 758 1792 794 ostentatione
1802 759 1889 794 deli-

72 801 158 834 niti:
176 797 311 833 voluisti:
323 798 388 832 illis
401 798 566 832 ostendere
575 810 647 844 quae
658 799 821 844 praecipua
831 795 905 832 effer
916 799 1089 845 Euangelii
1100 802 1203 833 virtus
1214 825 1224 838 ,
1247 806 1281 835 ἃ
1292 814 1364 848 quae
1375 805 1539 850 praecipua
1568 804 1638 839 laus
1647 808 1888 844 ministrorum.

73 847 175 894 porri)
186 848 270 881 hanc
282 848 413 894 reponit
421 848 456 879 in
465 843 612 880 efficacia
622 846 773 893 Spiritus.
785 847 838 880 Ad
849 846 881 880 id
892 846 1104 893 probandum
1117 860 1207 888 ,non
1223 851 1431 885 mediocriter
1443 851 1568 886 valebat
1578 854 1675 900 Legis
1688 860 1721 889 i&
1733 856 1888 905 Euangea

73 897 112 930 lii
128 895 413 943 comparatio.haec
423 893 508 927 mihi
517 895 602 929 ratio
612 891 704 928 fuiffe
714 894 851 931 videtur,
861 907 918 929 cur
927 895 965 928 ad
977 908 1048 929 eam
1058 894 1266 931 descenderit.
1277 899 1442 934 Coeterum
1453 913 1523 934 non
1535 901 1676 935 dubium
1686 904 1727 936 ess
1738 907 1819 949 quin
1831 917 1889 953 pet

72 944 202 978 literam
214 946 314 978 Vetus
327 943 558 976 testamentum
569 940 744 988 intelligat:
754 941 846 977 sicuti
855 942 1230 992 Enangelium,Spiritus
1242 949 1391 981 nomine.
1403 960 1479 982 nam
1492 961 1597 995 quum
1608 948 1637 984 se
1649 949 1774 985 dixiffet
1783 957 1888 988 mini-

71 993 173 1027 strum
182 992 276 1027 Noui
288 990 651 1027 testamenti,continub
662 993 733 1024 vice
744 989 960 1038 expositionis
969 993 1100 1030 adiecit,
1112 991 1142 1026 se
1154 995 1341 1028 ministrum
1353 994 1412 1030 esse
1431 998 1583 1044 Spiritus,
1596 1003 1628 1032 ὅς
1640 997 1767 1033 literam
1780 1013 1890 1049 oppo-

70 1040 134 1075 suit
145 1041 292 1088 Spiritui.
304 1039 407 1073 Nunc
418 1039 610 1073 excutienda
618 1039 663 1072 est
673 1041 756 1073 ratio
766 1037 900 1074 huiusce
909 1038 1153 1087 appellationis.
1167 1042 1314 1077 lnualuit
1333 1044 1556 1091 Origcnicum
1574 1045 1657 1081 illud
1666 1050 1888 1089 commetuni,

69 1102 128 1137 per
137 1084 421 1126 Literarn‚sensum
429 1088 602 1134 Scripturae
609 1089 864 1133 grammaticum
875 1092 909 1122 ὃ(
920 1091 1107 1135 genuinum
1117 1090 1231 1136 (quem
1242 1090 1402 1126 literalem
1412 1094 1662 1139 vocant)debere
1672 1096 1889 1146 intelligizpet

69 1139 232 1185 Spiritum
243 1136 321 1170 verb
331 1133 459 1170 sensum
468 1134 697 1182 allegoricum,
709 1137 769 1182 qui
778 1136 881 1184 vulgo
891 1135 1037 1171 censetur
1047 1136 1346 1186 spiritualis.ltaque
1357 1139 1443 1175 nihil
1452 1141 1582 1189 aliquot
1592 1141 1705 1178 seculis
1713 1148 1819 1193 inagis
1829 1148 1890 1180 tri-

67 1197 142 1220 tum
155 1184 217 1219 fuit
226 1197 280 1218 aut
292 1195 576 1231 receptum‚quam
588 1182 643 1217 hic
652 1183 780 1217 clauom
791 1185 808 1218 a
818 1185 921 1219 Paulo
930 1185 1012 1218 tradi
1022 1186 1194 1233 Scriprutae
1204 1200 1260 1234 per
1268 1188 1442 1235 allegorias
1453 1192 1664 1238 exponendae:
1678 1205 1783 1239 quum
1799 1193 1889 1230 tam&

68 1234 135 1268 hoc
146 1232 182 1267 sit
192 1232 232 1267 ab
243 1237 313 1267 eius
324 1242 434 1266 mente
451 1229 699 1266 alienissimum.
720 1232 810 1266 Nam
821 1234 935 1267 Literae
947 1235 1086 1268 nomine
1097 1234 1257 1281 fignificat
1266 1247 1432 1271 externam
1442 1240 1712 1286 praedicationem
1722 1266 1732 1280 ,
1744 1254 1817 1288 quae
1827 1255 1886 1277 cot

67 1293 143 1318 non
157 1284 308 1328 attingat:
319 1293 375 1328 per
387 1282 545 1328 Spiritum
554 1279 835 1317 verb,d06trinam
845 1283 968 1320 vinam,
978 1294 1050 1326 quae
1060 1280 1235 1317 efficaciter
1244 1296 1397 1332 operetur
1408 1288 1442 1320 in
1457 1289 1577 1321 animis
1589 1299 1646 1335 per
1657 1292 1796 1336 gratiam
1811 1292 1887 1339 Spi-

68 1333 163 1365 ritus.
178 1331 287 1364 Litera
299 1342 377 1376 ergo
387 1329 523 1376 perinde
533 1327 620 1362 valet
638 1340 675 1363 ac
686 1328 821 1363 literalis
833 1330 1030 1376 praedicatio‚
1044 1329 1109 1364 hoc
1120 1332 1163 1364 est
1174 1343 1306 1366 mortua
1315 1340 1347 1367 &-
1358 1333 1596 1381 inefficax‚quae
1606 1338 1734 1372 tanturn
1751 1339 1885 1375 auribus

66 1381 257 1429 percipitur.
272 1380 413 1426 Spiritus
424 1387 535 1411 autem
546 1378 589 1411 est
598 1377 750 1411 doctrina
760 1375 934 1424 spiritualis
946 1403 955 1417 ,
967 1377 1032 1411 hoc
1042 1376 1098 1415 est,
1110 1391 1182 1424 quae
1192 1392 1263 1413 non
1274 1393 1330 1414 ore
1343 1383 1471 1416 tantum
1484 1387 1719 1430 pronuntiatur
1730 1409 1740 1424 ‚
1751 1386 1802 1422 sed
1813 1387 1884 1423 effi·
1900 1404 2083 1439 numaga„

67 1424 234 1463 caciter'in
245 1429 371 1460 animas
382 1424 479 1472 vique
488 1427 569 1459 viuo
580 1422 670 1458 sensu
681 1436 840 1473 penetrat.
848 1423 1002 1473 Respexit
1011 1428 1103 1460 enim
1114 1426 1234 1461 Paulus
1244 1429 1283 1462 ad
1293 1428 1407 1463 locum
1417 1433 1676 1478 Ieremiae,quem
1688 1447 1793 1482 nuper
1803 1441 1886 1471 cita·
1970 1447 1973 1449 '
2071 1433 2083 1440 Α

65 1479 115 1512 ui:
125 1475 182 1510 vbi
192 1476 366 1510 Dominus
377 1472 499 1520 Legem
510 1471 600 1508 suam
609 1485 690 1507 voce
699 1473 945 1520 promulgatam
957 1471 1048 1508 fuisse
1057 1475 1148 1510 dicit:
1162 1478 1197 1510 ἃ
1208 1476 1283 1510 ideo
1297 1488 1403 1524 paruae
1413 1477 1504 1513 fuisse
1516 1480 1701 1515 durationis
1710 1508 1721 1522 ,
1732 1485 1810 1529 quia
1819 1498 1885 1533 po-

66 1523 167 1573 pulus
178 1536 250 1558 eam
262 1522 404 1556 minime
417 1523 587 1569 amplexus
597 1520 695 1556 fuerit
705 1533 742 1555 ex
752 1522 859 1556 corde:
864 1524 1032 1569 promittit
1041 1533 1152 1557 autern
1163 1525 1327 1573 Spiritum
1337 1530 1596 1573 regenerationis
1605 1529 1662 1563 sub
1671 1541 1774 1577 regno
1785 1534 1887 1568 Chri-

66 1574 120 1610 sti,
130 1574 190 1618 qui
203 1569 425 1618 Euangelium
434 1567 541 1609 suum,
549 1570 614 1604 hoc
625 1569 669 1603 est
677 1569 784 1604 foedus
793 1583 937 1609 nouum,
947 1570 1103 1606 cordibus
1112 1569 1274 1607 inscribat.
1288 1574 1392 1608 Nunc
1403 1576 1471 1609 eius
1483 1576 1665 1624 prophetia:
1675 1579 1889 1628 complemen

66 1623 104 1655 tii
114 1619 235 1655 Paulus
245 1618 406 1667 gloriatur
415 1621 451 1653 in
462 1617 516 1652 sua
525 1618 756 1665 praedicatione
764 1629 882 1653 extare:
893 1629 926 1653 vt
935 1617 1115 1666 agnoscant
1124 1621 1298 1655 Corinthii
1309 1624 1410 1669 quam
1428 1623 1518 1658 nihil
1528 1623 1565 1659 fit
1581 1624 1766 1672 loquacitas
1775 1628 1887 1664 Thra-

65 1668 201 1706 sonum‚
211 1670 270 1716 qui
278 1666 398 1714 absque
407 1668 547 1714 Spiritus
561 1668 693 1714 energia
703 1665 927 1701 declamitant.
941 1667 1063 1703 Verum
1074 1671 1230 1714 quaetitur
1239 1682 1281 1704 ari
1289 1671 1380 1706 Deus
1391 1669 1450 1706 sub
1458 1674 1569 1706 Veteri
1578 1674 1775 1713 testamento
1794 1676 1885 1713 inso-

63 1719 175 1753 nuerit
185 1716 314 1751 tantum
323 1726 455 1750 externa
464 1726 556 1749 voce:
567 1727 638 1749 non
647 1725 758 1749 autern
769 1717 859 1750 intus
870 1715 1031 1762 loquutus
1042 1715 1079 1750 fit
1089 1719 1224 1764 piorum
1234 1717 1389 1753 cordibus
1398 1732 1455 1767 per
1464 1722 1636 1768 Spiritum.
1648 1724 1762 1759 Primo
1771 1725 1887 1774 resp6⁴

63 1766 129 1800 deo
140 1764 279 1799 Paulum
289 1761 342 1799 hic
353 1762 555 1799 considerare
568 1763 649 1810 quid
661 1761 759 1798 fuerit
769 1773 830 1811 pro
857 1766 943 1798 rium
953 1766 1051 1811 Legis
1062 1778 1070 1799 :
1093 1778 1172 1800 nam
1182 1769 1325 1812 quanuis
1334 1769 1425 1802 Deus
1434 1780 1515 1804 tunc
1525 1782 1583 1818 per
1592 1772 1752 1819 Spiritum
1764 1784 1883 1821 operas

64 1825 166 1852 tetur,
176 1812 259 1848 illud
267 1813 355 1847 tame
365 1825 436 1846 non
446 1823 512 1846 erat
521 1824 559 1846 ex
575 1812 758 1846 ministerio
767 1776 882 1852 Mogs,
894 1811 945 1847 sed
954 1825 992 1847 ex
1003 1813 1127 1848 Christi
1136 1817 1250 1861 gratia.
1265 1817 1565 1863 Qniadmodum
1575 1818 1713 1856 habetur
1723 1822 1884 1859 Iohannis

61 1872 169 1907 1.c.17,
181 1864 249 1896 Lex
260 1873 316 1909 per
324 1858 455 1898 Mosen,
467 1860 582 1896 Gratia
595 1863 628 1895 δι
639 1862 757 1895 veritas
766 1873 824 1908 per
832 1859 939 1895 Iesum
953 1860 1137 1896 Christum.
1159 1863 1258 1898 Certe
1268 1867 1373 1910 gratia
1383 1865 1451 1899 Dei
1461 1877 1535 1901 toto
1546 1866 1606 1902 illo
1619 1879 1769 1917 tempore
1778 1870 1885 1908 otiosa

62 1924 134 1946 non
146 1909 219 1945 fuit:
230 1904 282 1944 sed
293 1907 413 1944 sufficit
423 1908 515 1956 quod
523 1921 595 1943 non
613 1907 712 1943 fuerit
720 1912 894 1957 proprium
909 1910 1007 1957 Legis
1017 1909 1231 1945 beneficium.
1250 1911 1359 1947 Moses
1371 1916 1459 1948 enim
1470 1915 1616 1963 partibus
1628 1915 1693 1952 suis
1703 1918 1881 1956 defunctus

61 1969 141 1999 etat,
153 1971 260 2005 quum
269 1960 344 1993 vitae
352 1959 540 1993 doctrinam
551 1955 738 1995 tradidisset,
747 1958 865 1992 additis
879 1960 979 1992 minis
992 1963 1026 1993 &
1037 1957 1322 2006 promistionibus.
1342 1963 1413 1996 Hac
1423 1966 1550 1998 ratione
1560 1965 1682 2012 Legem
1694 1979 1792 2001 vocat
1806 1968 1885 2012 lite-

61 2019 134 2042 tam
144 2030 154 2044 ,
176 2008 253 2054 quia
265 2018 323 2054 per
333 2004 363 2041 se
373 2017 505 2040 mortua
514 2004 551 2040 fit
561 2006 749 2053 praedicatio
760 2019 768 2039 2
779 2005 1001 2054 Euangeliutn
1013 2008 1090 2041 verb
1101 2009 1262 2055 Spiritum
1271 2032 1281 2046 ,
1295 2012 1372 2055 quia
1385 2013 1480 2045 viuax
1492 2011 1612 2049 [inimo
1623 2013 1797 2050 viuificum
1807 2019 1880 2052 eius

61 2056 298 2091 ministerium.
318 2056 445 2089 Deinde
457 2053 640 2102 respondeo
650 2077 661 2091 ‚
681 2067 752 2089 non
766 2053 958 2102 simpliciter
967 2065 1034 2089 tam
1045 2056 1085 2089 de
1095 2056 1184 2102 Lege
1193 2058 1295 2103 quarn
1307 2058 1348 2091 de
1358 2058 1542 2106 Euangelio
1552 2060 1621 2096 haec
1631 2064 1797 2109 praedicari
1805 2084 1816 2102 ‚
1829 2063 1884 2100 sed

59 2114 225 2151 quatenus
236 2116 339 2137 vnum
350 2102 443 2137 alteri
454 2104 641 2150 opponitur
654 2115 750 2137 :narn
761 2106 796 2137 &
806 2102 1026 2151 Euangelium
1037 2117 1109 2138 non
1119 2101 1245 2152 semper
1255 2105 1299 2139 est
1308 2107 1460 2153 Spiritus.
1472 2108 1532 2142 Sed
1543 2108 1598 2142 vbi
1608 2110 1647 2143 ad
1661 2109 1882 2148 collationem

59 2150 229 2198 vtriusque
238 2153 371 2185 venitur
385 2174 395 2188 ‚
411 2151 485 2185 vere
498 2155 533 2185 δι
542 2161 764 2198 congruenter
775 2151 898 2186 dicitur
907 2172 918 2189 ‚
931 2152 1028 2198 Legis
1038 2163 1190 2186 naturam
1200 2152 1260 2187 elie
1268 2180 1279 2195 ,
1292 2153 1460 2189 literaliter
1470 2156 1587 2191 docete
1599 2157 1754 2194 homines
1764 2182 1773 2198 ,
1787 2163 1832 2195 ita
1842 2169 1879 2196 vt·

56 2200 142 2235 vltra
151 2212 243 2234 aures
255 2213 325 2234 non
337 2210 495 2247 penetret:
503 2197 676 2247 Euangelii
686 2210 796 2234 autem
806 2211 956 2240 naturam
969 2199 1029 2234 eise
1036 2223 1046 2238 ,
1060 2199 1272 2247 spiritualiter
1281 2202 1397 2237 docere
1406 2229 1416 2243 ,
1427 2206 1504 2250 quia
1517 2208 1628 2251 gratiae
1643 2206 1766 2242 Christi
1775 2208 1813 2244 fit
1825 2212 1880 2245 in-

59 2252 293 2286 strumentum,
304 2249 380 2282 Hoc
389 2260 427 2281 ex
436 2249 501 2281 Dei
509 2248 722 2282 ordinatione
731 2248 864 2295 pendet,
873 2250 928 2282 cui
939 2248 1064 2296 placuit
1075 2247 1255 2284 efficaciam
1265 2251 1405 2298 Spiritus
1416 2254 1451 2286 in
1464 2254 1646 2301 Euangelio
1659 2258 1764 2303 magis
1775 2259 1880 2304 quam

56 2297 97 2332 in
106 2297 193 2345 Lege
205 2308 340 2331 exerere.
352 2298 422 2330 eius
433 2298 524 2330 enim
537 2295 637 2330 solius
645 2308 731 2344 opus
742 2297 785 2330 est
797 2322 807 2336 ,
820 2294 995 2331 efficaciter
1004 2298 1122 2331 docere
1131 2301 1275 2333 animos.
1284 2299 1387 2333 Potrb
1398 2300 1489 2346 quod
1499 2302 1618 2337 Paulus
1629 2316 1724 2338 vocat
1734 2303 1762 2338 se
1774 2309 1878 2341 mini*

58 2345 162 2380 strum
171 2347 323 2392 Spiritus,
334 2357 374 2379 eo
385 2357 457 2379 non
466 2343 637 2391 intelligit,
646 2346 784 2392 gratiam
795 2346 933 2392 Spiritus
945 2343 1047 2380 sancti
1057 2356 1094 2379 ac
1104 2348 1172 2380 vim
1183 2345 1244 2381 suae
1254 2348 1480 2395 praedicationi
1489 2346 1549 2383 eise
1559 2350 1778 2398 alligatam,vt
1788 2364 1881 2401 quo-

57 2396 121 2428 ties
131 2392 277 2434 libuerit,
289 2389 353 2427 {tna
361 2404 439 2427 cum
449 2404 530 2428 voce
540 2394 702 2441 Spiritum
714 2393 730 2427 ὲ
741 2404 874 2440 gutture
883 2392 1035 2440 proferat.
1045 2392 1110 2428 hoc
1121 2395 1251 2431 tantum
1261 2393 1333 2430 vult
1346 2422 1356 2436 ,
1367 2396 1539 2432 Christum
1551 2397 1609 2433 suo
1621 2402 1803 2437 ministerio
1818 2403 1878 2437 be—

56 2443 219 2478 nedicere,
227 2453 326 2488 atque
335 2443 382 2475 ita
390 2439 528 2489 implere
540 2442 632 2489 quod
641 2440 682 2475 de
690 2439 874 2489 Euangelio
884 2442 1078 2487 ptaeditfitum
1090 2443 1143 2477 est.
1155 2441 1255 2478 Aliud
1265 2455 1377 2478 autem
1391 2445 1446 2486 est,
1458 2446 1627 2481 Christum
1641 2449 1819 2497 adiungere
1829 2452 1877 2488 ho

56 2493 160 2525 minis
171 2491 331 2525 doctrina:
349 2485 438 2523 suam
453 2491 622 2526 virtutem,
635 2490 736 2537 quarn
746 2490 896 2524 hominis
906 2490 1093 2526 doctrinam
1104 2503 1161 2539 per
1175 2489 1205 2525 se
1217 2503 1348 2526 tantuin
1361 2492 1476 2528 valere.
1489 2496 1634 2530 Ministti
1644 2509 1724 2545 ergo
1735 2500 1879 2546 Spiritus

53 2537 168 2574 sumus
180 2565 189 2576 ‚
206 2551 277 2573 non
287 2540 366 2584 quia
376 2536 540 2572 inclusum
553 2550 631 2572 eum
638 2549 820 2575 teneamus,
838 2542 871 2571 &
883 2537 973 2584 quasi
981 2541 1172 2586 captiuum:
1194 2553 1266 2575 non
1276 2543 1354 2587 quia
1361 2553 1422 2589 pro
1432 2541 1569 2577 arbitrio
1580 2544 1754 2580 -conferam
1760 2560 1797 2581 us
1807 2551 1879 2585 eius

54 2588 195 2634 gratiam
206 2586 380 2626 omnibus,
393 2597 448 2620 aut
458 2585 579 2633 quibus
591 2585 761 2635 placuerit:
773 2585 824 2619 sed
834 2589 913 2632 quia
923 2587 1075 2621 Christus
1085 2599 1143 2635 per
1152 2601 1214 2632 nqs
1226 2599 1352 2624 mentes
1361 2589 1541 2632 illuminat,
1559 2604 1700 2628 renouat
1711 2596 1878 2634 cord'a,t0-

55 2645 108 2670 tos
118 2636 262 2682 denique
271 2635 426 2669 homines
436 2645 613 2682 regenerat.
621 2633 790 2669 Eiusmodi
801 2637 1000 2670 coniunctio
1013 2639 1046 2670 δε
1057 2649 1159 2670 nexus
1169 2636 1293 2671 Christi
1302 2641 1412 2685 gratiae
1421 2650 1498 2673 cum
1509 2639 1620 2679 labore
1630 2639 1875 2685 hominis,facit

57 2692 93 2718 vt
101 2682 172 2732 sepe
184 2684 335 2718 ministro
345 2679 540 2717 adscribatur
549 2684 641 2730 quod
649 2681 750 2718 solius
758 2684 903 2717 Domini
912 2684 966 2718 est.
975 2696 1052 2718 nam
1062 2693 1143 2719 tunc
1152 2697 1223 2719 non
1238 2684 1408 2733 respicitur
1416 2688 1505 2721 nuda
1516 2688 1666 2724 hominis
1676 2689 1879 2738 persona‚sed

55 2739 127 2765 tota
136 2730 311 2779 Euangelii
319 2729 527 2778 dispensatio,
537 2744 609 2777 quae
617 2730 745 2766 constat
755 2742 824 2765 tam
834 2743 949 2766 arcana
958 2732 1082 2767 Christi
1092 2735 1228 2771 virtute,
1241 2736 1343 2780 quarn
1353 2746 1483 2770 externa
1491 2735 1642 2772 hominis
1651 2751 1761 2786 opera·
1786 2742 1827 2774 N
1827 2751 1879 2776 am

61 2779 150 2813 litera
165 2779 286 2814 occidit.
335 2781 401 2814 Hic
411 2778 504 2813 locus
514 2780 553 2814 ab
564 2780 715 2826 Origene
728 2777 875 2826 primum
885 2803 895 2818 ,
913 2780 1031 2815 deinde
1040 2780 1081 2815 ab
1091 2780 1163 2816 aliis
1172 2794 1343 2830 perperam
1363 2783 1510 2819 detortus
1520 2784 1584 2820 fuit
1595 2787 1630 2820 in
1653 2787 1880 2824 adulterinum

60 2823 287 2862 sensuin.vnde
296 2826 451 2874 sequutus
464 2828 507 2862 est
520 2827 614 2862 valde
623 2826 826 2876 perniciosus
835 2830 1033 2876 error‚quod
1043 2841 1202 2877 putarunt
1210 2832 1383 2878 Scripturae
1393 2830 1573 2868 senionem
1585 2846 1656 2869 non
1667 2837 1750 2870 vana
1761 2838 1877 2875 modo,

60 2872 114 2907 sed
124 2879 256 2910 noxiam
269 2889 406 2923 quoque
418 2875 488 2910 fore
499 2902 508 2916 ,
519 2876 579 2911 nifi
589 2876 629 2911 ad
637 2874 810 2924 allegorias
821 2876 1011 2912 traheretur.
1033 2878 1099 2912 Hic
1112 2890 1200 2912 error
1211 2877 1287 2913 fons
1297 2878 1359 2914 fuit
1370 2879 1555 2916 multorum
1567 2882 1745 2918 malorum.
1755 2886 1876 2932 Neque

59 2923 152 2956 enirn
163 2924 262 2959 modo
273 2921 423 2972 permiisa
432 2923 495 2958 fuit
504 2923 639 2960 licentia
648 2936 846 2972 germanum
865 2926 1038 2972 Scripturae
1049 2923 1180 2964 sensum
1191 2926 1394 2962 adulterandi
1405 2941 1413 2962 z
1425 2927 1477 2962 sed
1488 2942 1557 2976 quo
1573 2929 1710 2978 quisque
1718 2927 1874 2967 audacior

60 2968 126 3004 fuit
137 2972 172 3004 in
182 2985 220 3005 eo
231 2984 360 3019 genere,
373 2986 412 3006 eo
423 2972 636 3008 excellentior
647 2973 779 3007 habitus
789 2971 852 3007 fuit
863 2975 1029 3021 Scriptute
1038 2976 1208 3022 interpres.
1227 2977 1272 3010 ita
1281 2977 1421 3024 impune
1430 2976 1576 3012 luserunt
1600 2979 1699 3014 multi
1709 2991 1747 3015 ex
1757 2983 1874 3015 veteri-

61 3017 123 3053 bus
134 3014 222 3053 sacro
237 3021 303 3054 Dei
312 3020 426 3058 verbo,
437 3035 507 3056 non
521 3021 610 3057 secus
620 3032 657 3056 ac
669 3021 736 3068 pila
745 3020 895 3055 versatili.
918 3023 991 3057 Hac
1001 3020 1172 3057 occasione
1184 3025 1283 3058 etiam
1304 3023 1458 3068 hereticis
1470 3024 1561 3069 frena
1570 3026 1674 3060 laxata
1684 3025 1724 3061 ad
1736 3027 1874 3062 turban-

61 3068 138 3101 dam
147 3067 318 3102 Ecclesiam
329 3093 339 3106 ,
359 3082 437 3104 nam
448 3083 553 3116 quum
572 3069 736 3117 quidlibet
747 3082 784 3103 ex
802 3069 955 3116 quolibet
965 3069 1068 3104 facere
1078 3092 1090 3107 ‚
1107 3068 1165 3106 vsu
1176 3083 1345 3120 receptum
1357 3071 1432 3108 esset
1442 3087 1449 3108 ε
1460 3073 1593 3109 nullum
1608 3074 1670 3109 fuit
1681 3087 1746 3109 tam
1762 3075 1874 3110 absur—

61 3116 144 3150 dum
168 3114 219 3149 vel
239 3116 465 3164 prodigiosum
480 3119 635 3153 delirium
653 3140 663 3156 ,
681 3118 770 3165 quod
782 3131 852 3153 non
863 3117 976 3153 colore
994 3116 1110 3165 aliquo
1119 3118 1284 3167 allegoriae
1300 3121 1414 3156 induci
1424 3119 1536 3170 posset.
1566 3120 1654 3157 Boni
1669 3125 1766 3157 etiam
1777 3122 1871 3159 abre-

61 3166 111 3211 pti
122 3162 195 3197 sunt
209 3174 264 3203 ‚vt
278 3163 434 3211 plurimas
455 3165 619 3213 fingerent
628 3163 791 3216 peruersas
807 3168 988 3214 opiniones
1006 3190 1016 3204 ‚
1034 3165 1268 3214 allegoriarum
1277 3168 1450 3204 dulcedine
1460 3171 1598 3217 decepti.
1623 3168 1740 3204 Sensus
1758 3173 1879 3207 autem‘

58 3213 160 3248 huius
171 3211 238 3246 loci
249 3212 292 3246 est
301 3237 312 3252 ,
330 3213 476 3249 Verbum
485 3217 550 3249 Dei
559 3213 581 3250 si
591 3226 649 3251 ote
665 3214 794 3248 tantum
803 3214 988 3262 proferatur
1000 3236 1011 3252 ,
1022 3218 1140 3250 mortis
1151 3214 1210 3251 effe
1220 3216 1348 3252 causam
1360 3231 1367 3251 :
1379 3229 1460 3252 tunc
1469 3219 1603 3252 demum
1618 3215 1677 3251 effe
1688 3218 1875 3259 viufficum,

61 3259 120 3295 vbi
138 3261 235 3295 corde
245 3257 427 3307 suscipitur.
454 3266 561 3298 Voces
582 3276 659 3311 ergo
671 3263 781 3305 Litere
798 3267 834 3297 &
846 3264 988 3311 Spiritus
997 3285 1008 3301 ,
1027 3263 1112 3299 nihil
1122 3265 1163 3299 ad
1175 3264 1415 3313 expositionem
1430 3268 1597 3312 pertinent
1605 3289 1616 3305 ,
1634 3262 1685 3300 sed
1694 3266 1733 3300 ad
1753 3268 1823 3302 vim
1839 3273 1876 3304 &t

56 3306 217 3344 fructum.
245 3308 316 3342 Cur
326 3319 438 3345 autem
453 3311 619 3348 mortifica
628 3323 764 3347 vocetur
778 3310 932 3348 doctrina
941 3324 1013 3360 quae
1024 3324 1117 3348 aures
1125 3313 1258 3350 tant-*im
1266 3312 1449 3350 verberans,
1460 3325 1520 3348 cor
1540 3326 1612 3349 non
1621 3315 1778 3363 attingit,
1795 3326 1878 3354 mox

52 3357 254 3393 videbimus.

0 3588 75 3705 ἰ,
