2268 3705
336 126 404 164 492
864 108 956 157 ΙΝ
1006 105 1707 155 LEPIST-PAVLL

332 595 334 597 -
364 569 667 617 mutido,ge'nuina
674 569 744 601 eius
756 565 935 613 puritatem
943 562 1116 597 adulterat.
1126 564 1171 595 ita
1181 562 1328 597 factitios
1337 573 1455 596 omnes
1467 559 1619 608 placandi
1628 572 1684 596 aut
1699 564 1911 609 promerendi
1921 565 1986 598 Dei
1998 567 2117 602 modos
2127 580 2207 603 com
2220 566 2239 583 ’“

143 663 216 688 ioan.
225 667 252 693 4.
261 656 335 694 ‹144-

154 3119 321 3155 Mat45.g.45.

382 175 386 178 .
407 193 425 216 ι
477 183 512 216 ln
523 176 917 230 lopocrififaffiloquorum.)
967 177 1002 211 Si
1012 176 1052 210 ad
1059 177 1226 210 daemonia
1236 173 1351 209 referas
1360 198 1371 212 ,
1381 185 1463 208 tunc
1477 172 1673 221 significabit
1683 171 1749 215 hoc
1758 184 1887 210 nornen
1897 173 2054 212 homines
2073 177 2199 216 diaboli

360 232 435 265 insti
440 233 575 277 gatione
586 228 746 264 fallentes.
756 227 865 262 P0test
873 237 986 261 tamen
999 227 1096 259 etiam
1108 223 1471 260 sub-tuditihominum
1481 222 1707 268 loquentium.
1725 223 1828 257 Porr'o
1838 223 1879 257 ad
1890 222 2031 271 speciem
2043 240 2134 264 nunc
2144 229 2204 262 de-

359 275 499 317 scendit,
511 291 617 325 quum
629 279 709 312 dicit
721 289 778 312 eos
790 276 925 311 mentiri
935 277 969 309 in
979 271 1156 320 hypocrisi,
1169 276 1201 305 ἀ
1216 273 1327 305 Cancer
1333 275 1360 304 io
1370 282 1505 304 notatum
1515 268 1632 304 habere
1638 271 1860 315 cotgfctentiam.
1898 272 1940 307 Et
1950 275 2088 320 quidem
2098 274 2198 312 scien-

361 328 442 362 dum
456 329 512 365 est,
524 328 591 362 haec
600 327 669 361 duo
679 328 723 360 ita
737 323 797 360 eise
809 325 1002 359 coniuncta,
1014 332 1047 354 vr
1055 323 1146 368 prius
1158 332 1194 353 ex
1207 318 1350 354 secundo
1361 317 1520 354 nascatur.
1539 318 1628 354 Nam
1643 318 1735 353 malae
1745 317 1957 356 conscientia:
1969 345 1979 360 ‚
1999 324 2033 357 δι’
2044 322 2204 360 scelerum

360 379 509 411 cauterio
519 374 648 412 adustae,
663 371 789 422 semper
798 373 837 406 ad
846 368 1049 418 hypocrisin,
1061 380 1220 415 tanquam
1231 369 1271 402 ad
1281 378 1476 416 promptum
1488 365 1623 412 asylum,
1636 366 1851 415 confugiunt:
1862 368 1928 404 hoc
1938 370 2091 408 est,fuc05
2103 386 2206 408 exco-

360 426 470 472 gitant
482 423 604 472 quibus
626 422 781 458 fallantur
800 422 863 455 Dei
875 418 977 453 oculi.
1021 417 1115 465 Qid
1126 418 1216 451 enim
1227 415 1317 451 aliud
1329 415 1454 450 faciunt
1465 417 1523 462 qui
1533 415 1661 451 student
1671 429 1748 451 eum
1758 416 1888 465 placare
1898 421 2040 454 externis
2050 420 2206 457 obserua-

362 476 498 509 tionum
511 473 595 508 fucis
605 479 613 505 Ξ
641 474 729 518 Ergo
739 465 918 517 hypocrisis
931 477 993 514 pro
1005 464 1073 502 loci
1082 462 1246 513 praesentis
1257 464 1502 504 circunstantia‚
1513 461 1700 499 definienda
1711 462 1766 499 cst.
1779 465 1868 500 Nam
1880 467 1992 514 primo
2003 468 2043 502 ad
2053 470 2206 506 destrinfr

362 521 475 557 referri
488 520 595 556 debet:
608 520 725 554 deinde
735 528 807 552 eam
817 516 977 551 doittinae
987 511 1129 562 speciem
1141 512 1302 560 fignificat
1314 525 1385 560 quae
1397 511 1565 560 spirituale
1582 513 1647 546 Dei
1656 512 1787 549 cultum
1800 517 1963 550 exercitiis
1974 518 2206 566 corporalibus

363 618 551 668 prehendit.
565 619 702 651 Summa
713 614 781 649 haec
792 611 842 653 fit,
853 608 979 647 diaboli
991 611 1204 657 instigatione
1212 609 1291 644 ferri
1299 611 1498 657 quicunque
1507 607 1650 647 fuscatam
1661 605 1919 646 sanctimoniam
1929 613 2112 650 inducunt:
2127 619 2206 663 quia

364 668 507 703 externis
520 663 639 700 ritibus
650 674 824 710 nunquam
834 663 895 695 rite
905 662 998 695 Deus
1008 657 1140 694 colitur.
1160 658 1251 693 Nam
1264 662 1330 692 veri
1345 657 1490 692 cultores
1502 670 1580 693 eum
1601 658 1738 693 adorant
1749 661 1786 704 in
1799 660 1924 707 Spiritu
1936 664 1969 694 δε
1981 665 2127 698 veritate.
2148 666 2207 701 se-

364 715 488 752 cundo,
501 714 566 749 hoc
587 710 646 747 effe
657 710 777 748 inutile
797 709 1079 745 medicamentum
1093 718 1163 753 quo
1181 706 1312 751 dolores
1325 704 1399 741 suos
1418 708 1575 753 mitigant
1585 706 1785 754 hypocritae·‚
1806 708 1859 742 vel
1868 707 1984 756 potius
1993 711 2208 760 emplastrum

363 775 434 812 quo
445 761 536 797 malae
547 758 758 797 conscientiae
768 757 905 793 vulnera
916 755 1013 792 nullo
1025 754 1177 804 profectu
1190 753 1318 790 summa
1331 753 1384 789 sua
1395 756 1541 803 pernicie
1551 754 1736 789 occultant.

411 821 427 856 3
476 808 706 846 Protubenn'um
715 809 908 842 matrimonia
920 805 1125 846 contrahere.)
1176 803 1317 852 Speciali
1327 802 1553 852 designatione
1564 801 1666 851 posita
1677 828 1687 844 ,
1705 815 1798 838 nunc
1807 802 1877 839 duo
1887 817 2024 853 quoque
2034 807 2209 846 indiuidua
2243 788 2245 824 l'

363 871 471 901 notat,
480 860 635 906 coniugii
648 856 769 893 scilicet
804 852 1098 891 rohibitionem,&
1108 851 1274 888 ciborum.
1287 854 1371 888 Sunt
1381 854 1473 887 enini
1484 864 1522 886 ex
1536 851 1592 886 illa
1602 850 1777 900 hypocrisi,
1793 862 1865 899 quae
1877 852 1992 890 reneka
2001 868 2077 891 vera
2087 857 2210 896 saneti.

365 919 441 946 tate,
450 909 579 943 alienos
589 905 718 942 colores
731 907 766 940 in
778 868 801 939 ἓ
1677 903 1681 907 ’

364 955 454 992 libus
466 969 537 992 non
548 954 725 995 abstinent,
737 963 849 987 earum
862 962 972 985 rerum
982 950 1330 996 abstinentiaquarum
1343 948 1528 984 libertatem
1540 948 1685 996 permisit
1703 951 1806 987 Deus,
1817 951 1975 985 iustitiam
1986 957 2157 1000 acquirere
2167 955 2212 991 fi..

365 1005 401 1041 bi
412 1016 554 1040 tentant.
563 1000 736 1051 Qorsum
747 1003 839 1036 enim
850 999 917 1033 istis
926 997 1056 1045 legibus
1065 1010 1246 1032 onerantur
1254 995 1476 1035 conscientiae,
1487 997 1547 1032 nisi
1557 1000 1635 1044 quia
1647 996 1807 1045 perfectio
1819 999 1909 1033 extra
1916 1001 1980 1035 Dei
1990 1001 2115 1050 Legem
2126 1013 2212 1052 quq..

364 1056 448 1089 titur
459 1058 474 1087 ?
498 1054 576 1088 Hoc
586 1063 696 1087 autem
707 1062 779 1085 non
791 1047 827 1083 fit
837 1046 898 1083 nisi
908 1046 949 1081 ab
961 1047 1158 1095 hypocritis,
1170 1048 1229 1092 qui
1239 1057 1272 1079 vt
1283 1048 1422 1093 impune
1445 1045 1723 1095 transgrediantur
1732 1047 1841 1081 cordis
1861 1048 2020 1083 iustitiam
2031 1063 2134 1098 quam
2142 1053 2212 1093 Lex

364 1104 517 1149 requirit,
527 1102 722 1135 interiorem
732 1095 822 1132 suam
834 1097 1021 1144 nequitiam
1033 1092 1330 1131 obseruatiunculis
1345 1093 1410 1127 istis
1422 1105 1530 1142 tegere
1540 1115 1550 1132 ,
1563 1093 1652 1142 quasi
1664 1093 1745 1129 velis
1755 1094 1929 1144 oppofitis,
1941 1108 2084 1135 tentarit.
2111 1101 2212 1140 Clara

365 1149 428 1186 fuit
441 1150 509 1184 haec
527 1146 667 1197 periculi
676 1146 901 1182 denuntiatio,
912 1154 947 1178 vt
958 1154 1029 1178 non
1039 1141 1138 1177 fuerit
1150 1140 1295 1177 difficilis
1304 1144 1428 1180 cautio.
1440 1140 1461 1176 si
1472 1143 1608 1189 quidem
1634 1155 1727 1178 aures
1736 1145 1873 1191 Spiritui
1883 1144 1996 1181 saneto
2005 1158 2074 1183 tam
2094 1150 2213 1187 (uscue

367 1209 542 1235 monenti,
555 1197 713 1231 homines
725 1190 944 1242 praebuissent.
956 1192 1117 1226 Videmus
1128 1198 1240 1226 tamen
1252 1193 1288 1225 in
1299 1189 1454 1239 plurimis
1466 1189 1666 1238 praeualuiffe
1677 1194 1800 1226 Satanae
1812 1193 2012 1235 tenebras,vt
2023 1196 2110 1232 nihil
2121 1197 2213 1235 tanta
2234 1198 2235 1201 '
2266 1217 2268 1224 ·

365 1246 422 1282 lux
432 1245 569 1293 insignis
581 1247 613 1279 δε
626 1242 833 1279 memorandi
844 1238 970 1276 oraculi
981 1238 1153 1288 profuerit.
1192 1242 1324 1274 Etenim
1338 1252 1408 1274 non
1421 1238 1533 1274 multo
1545 1240 1616 1288 post
1626 1240 1780 1288 Apostoli
1791 1253 1935 1276 mortem
1947 1246 2052 1280 exorti
2061 1245 2136 1282 sunt
2145 1249 2212 1284 En-
2236 1260 2242 1266 ·

364 1296 485 1330 cratita:
496 1295 570 1340 (qui
582 1305 709 1328 nomen
720 1290 778 1326 sibi
788 1292 806 1325 a
816 1290 1028 1325 continentia
1039 1289 1243 1331 indiderunt)
1259 1289 1410 1326 Taciani‚
1424 1288 1574 1326 Cathari,
1583 1289 1768 1323 Montanus
1781 1300 1859 1324 cum
1870 1288 1925 1324 sua
1935 1289 2020 1326 setta
2028 1316 2040 1331 ‚
2055 1298 2089 1329 ὅ(
2102 1296 2212 1332 tidem
2252 1299 2253 1302 ’

365 1341 558 1379 Manichaei,
572 1343 631 1388 qui
641 1339 682 1375 ab
696 1338 748 1375 esu
760 1341 910 1375 carnium
922 1341 957 1372 δε
967 1339 1132 1385 coniugio
1144 1336 1358 1373 abhorrerent
1367 1360 1377 1375 ,
1390 1341 1425 1373 δε
1437 1349 1598 1384 tanquam
1617 1349 1666 1371 res
1677 1336 1830 1385 profanas
1840 1338 2047 1375 damnarent.
2088 1344 2214 1390 Qua

391 1403 467 1426 uam
478 1401 588 1425 autem
599 1401 734 1438 propter
745 1386 835 1423 suam
846 1388 1083 1434 arrogantiam,
1093 1386 1184 1433 quod
1196 1385 1278 1421 alios
1311 1384 1374 1421 suis
1385 1385 1515 1434 placitis
1523 1385 1690 1420 obnoxios
1702 1383 1806 1421 facete
1817 1386 1975 1422 volebant
1987 1412 2000 1427 ,
2017 1389 2058 1425 ab
2067 1391 2209 1430 Ecclesia

362 1404 498 1475 puerunt
510 1439 683 1487 repudiati:
696 1450 752 1472 eos
763 1449 875 1471 tamen
889 1435 975 1484 ipsos
986 1437 1044 1482 qui
1054 1433 1120 1469 illis
1130 1436 1327 1472 restiterunt,
1347 1434 1422 1483 plus
1431 1447 1528 1481 aequo
1538 1436 1573 1470 in
1585 1446 1701 1469 eorum
1728 1446 1871 1472 errorem
1882 1435 2055 1473 declinaffe
2070 1443 2211 1478 constat.

361 1488 536 1523 Nolebant
547 1488 683 1535 quidem
696 1487 746 1521 isti
755 1498 841 1533 quos
851 1485 943 1524 dico,
954 1484 1078 1531 Legem
1090 1485 1224 1532 imponi
1236 1484 1443 1519 Christianis:
1457 1481 1509 1518 sed
1519 1485 1644 1519 interea
1653 1480 1829 1531 plusquam
1842 1495 1899 1530 par
1909 1481 1984 1519 effer
2006 1483 2211 1535 superstitio.⁴

361 1534 400 1571 sis
411 1534 701 1572 obseruationibus
711 1533 912 1572 deferebant,
926 1530 1025 1580 siquis
1035 1531 1161 1580 fugeret
1172 1534 1387 1583 coniugium,
1407 1530 1430 1567 fi
1440 1534 1517 1579 quis
1526 1544 1658 1566 carnem
1671 1544 1742 1566 non
1753 1533 1904 1580 gustaret.
1923 1532 2006 1569 Tale
2016 1531 2060 1571 est
2072 1538 2213 1585 ingeniti

361 1585 492 1619 mundi:
505 1584 630 1632 semper
642 1582 764 1619 carnali
778 1594 871 1617 more
882 1583 1008 1619 Deum,
1018 1579 1109 1628 quasi
1118 1580 1259 1616 carnalis
1269 1578 1417 1621 effet,sibi
1429 1580 1610 1615 colendum
1622 1578 1774 1614 somniat.
1787 1578 1951 1616 Paulatim
1965 1581 2062 1618 rebus
2073 1587 2110 1620 in
2119 1587 2214 1623 dete-
2238 1612 2240 1615 .

361 1634 430 1668 rius
439 1631 603 1682 collapsis,
613 1631 762 1667 obtinuit
773 1630 842 1666 haec
851 1631 1001 1676 tyrannis
1009 1642 1050 1664 ne
1062 1627 1284 1664 cacerdotibus
1295 1641 1351 1664 aut
1363 1628 1538 1664 monachis
1549 1628 1595 1663 fas
1605 1628 1681 1663 esset
1691 1631 1949 1665 matrimonium
1959 1633 2213 1672 contrahereme
2250 1640 2264 1674 “,

360 1679 527 1729 quispiam
539 1693 672 1716 carnem
684 1679 812 1728 gustare
821 1681 917 1715 certis
930 1676 1046 1713 diebus
1055 1678 1192 1712 audiret.
1201 1680 1316 1724 Qare
1324 1691 1396 1712 non
1407 1677 1578 1713 immerito
1588 1677 1723 1725 Papistis
1731 1677 1833 1712 hodie
1842 1677 2024 1715 obiicimus
2034 1681 2121 1718 hanc
2129 1696 2214 1732 pro-

362 1730 525 1780 phetiam,
536 1729 674 1777 quando
684 1727 872 1764 caelibatum
883 1730 919 1762 &
929 1725 1085 1762 ciborum
1094 1724 1329 1762 abstinentiam
1339 1724 1482 1761 seuerius
1494 1737 1613 1774 vrgent
1622 1726 1724 1773 quam
1733 1725 1842 1761 vllum
1852 1728 1917 1761 Dei
1928 1733 2212 1782 praeceptum-Ipsi

363 1789 474 1813 autem
489 1776 665 1827 ingenioso
676 1776 801 1812 cauillo
822 1773 965 1824 effugere
974 1772 1004 1809 se
1013 1785 1145 1823 putant,
1156 1788 1262 1821 quum
1273 1774 1366 1809 Pauli
1377 1774 1476 1810 verba
1489 1785 1648 1822 torquent
1671 1772 1823 1810 aduersus
1830 1776 1997 1812 Tacianos
2006 1804 2017 1819 ,
2031 1790 2087 1815 aut
2097 1782 2214 1817 Mani..

364 1828 485 1865 cliaeos,
499 1839 536 1862 ac
547 1825 677 1861 similes.
691 1823 780 1874 quasi
792 1824 869 1860 vero
878 1836 950 1858 non
965 1822 1054 1858 idem
1066 1820 1215 1871 patuisset
1227 1824 1386 1859 Tacianis
1397 1821 1560 1871 effugium
1576 1849 1587 1862 ,
1597 1823 1781 1857 reiiciendo
1789 1825 1889 1858 etiam
1906 1824 2001 1860 Pauli
2012 1824 2213 1866 sententiam

366 1877 405 1910 ad
419 1875 646 1923 cataphryges
658 1879 692 1910 &
702 1884 854 1908 autorem
861 1871 1000 1907 illorum
1010 1872 1227 1906 Montanum.
1237 1869 1327 1919 quasi
1337 1885 1407 1906 non
1423 1882 1619 1919 promptum
1629 1868 1736 1907 fuiffet
1746 1871 2214 1920 Cataphrygibusffincratjtas

365 1922 563 1972 supponere,
573 1923 677 1958 veluti
687 1934 772 1963 reos,
782 1919 841 1956 suo
854 1920 944 1959 loco.
953 1922 1001 1956 At
1010 1918 1133 1954 Paulus
1145 1932 1215 1955 non
1225 1920 1265 1955 de
1274 1918 1420 1968 personis
1431 1918 1487 1954 hic
1497 1922 1578 1966 agit,
1588 1918 1639 1953 sed
1649 1919 1688 1953 de
1701 1931 1735 1954 re
1750 1918 1827 1967 ipsa.
1837 1920 2071 1966 Qmobrem
2083 1926 2212 1962 etiarnsi

367 1985 504 2007 cernam
514 1969 646 2007 diuersae
657 1969 747 2007 [σεξτ
756 1968 950 2019 proferatur,
959 1973 1033 2015 quZae
1041 1979 1153 2002 tamen
1163 1969 1277 2004 eadem
1287 1967 1438 2003 laborent
1447 1966 1612 2015 hypocrisi
1622 1969 1658 2003 in
1669 1966 1751 2002 cibis
1762 1967 2113 2015 prohibeiidis‚omnes
2124 1987 2211 2010 eun..

367 2022 444 2056 dean
456 2018 660 2057 sustinebunt
670 2029 809 2055 reatum.
826 2017 921 2053 Vnde
929 2016 1088 2063 sequitur,
1108 2014 1205 2051 nullo
1218 2015 1369 2064 professu
1381 2015 1519 2051 obtendi
1530 2017 1548 2050 a
1557 2016 1692 2098 Papistis
1703 2026 1828 2051 veteres
1838 2015 2010 2052 haereticos
2020 2045 2031 2059 ,
2044 2019 2133 2067 quafi
2145 2021 2211 2058 soli

369 2071 419 2104 {lli
429 2081 591 2105 taxentur.
603 2067 728 2117 semper
746 2066 928 2102 videndum
938 2065 983 2100 est
992 2077 1034 2100 an
1044 2063 1107 2099 sint
1116 2066 1152 2099 in
1163 2065 1276 2099 eadem
1293 2077 1389 2101 noxa.
1398 2066 1590 2112 Excipiunt,
1615 2065 1814 2101 eEncratitis
1824 2068 1858 2099 ὅ(
1870 2065 2066 2103 Manichaeis
2077 2067 2137 2104 ess'e
2144 2070 2212 2107 dis..

370 2118 501 2153 irniles:
514 2119 673 2167 quianon
687 2114 879 2164 simpliciter
896 2111 992 2149 vsum
1021 2115 1219 2161 coniugii&
1230 2115 1382 2148 carnium
1393 2113 1618 2153 interdicunt,
1638 2110 1690 2146 sed
1699 2115 1795 2147 certis
1806 2113 1935 2147 tantum
1946 2114 2061 2151 diebus
2079 2130 2211 2166 cogunt

369 2170 408 2200 ad
420 2168 528 2202 carnis
538 2165 783 2201 abstinentiam:
791 2161 879 2200 solos
889 2173 1001 2197 autem
1012 2162 1196 2198 monachos
1209 2165 1243 2197 &
1253 2159 1430 2196 sacerdotes
1442 2173 1520 2195 cum
1531 2159 1735 2196 monialibus
1745 2161 1785 2194 ad
1795 2161 2083 2206 votum‘celibatus
2094 2172 2210 2214 cogut.

368 2218 395 2242 V
401 2215 493 2252 erum
504 2215 572 2250 haec
580 2226 717 2262 quoque
727 2214 829 2248 nimis
839 2210 961 2246 friuola
969 2211 1014 2245 est
1021 2203 1196 2246 excusatio.
1204 2210 1296 2246 Nam
1306 2207 1563 2247 sanctimoniam
1572 2207 1797 2245 nihilominus
1807 2211 1843 2244 in
1854 2210 1906 2244 his
1917 2211 2014 2247 rebus
2022 2212 2210 2251 locantxle-

371 2265 448 2298 §.ide
458 2261 575 2299 falsum
589 2266 625 2298 δι
634 2262 858 2297 adulterinum
867 2261 932 2296 Dei
940 2258 1071 2295 cultum
1081 2259 1270 2294 instituunt:
1281 2257 1448 2306 postremi)
1459 2255 1678 2293 conscientias
1691 2255 1829 2304 alligant
1839 2256 2016 2294 neceffirati
2027 2286 2039 2301 ,
2049 2262 2067 2296 a
2076 2275 2142 2309 qua
2150 2265 2208 2300 de·
2259 2288 2261 2292 .

370 2313 492 2348 'nebant
502 2310 562 2347 effi:
572 2310 691 2347 liberae.
703 2311 799 2345 Extat
810 2308 898 2357 apud
907 2305 1088 2343 Eusebium
1098 2305 1185 2342 libro
1194 2309 1317 2355 quinto
1326 2304 1551 2354 fragmentum
1561 2306 1729 2353 quoddam
1740 2317 1778 2340 ex
1794 2302 1922 2354 scriptis
1932 2308 2112 2356 Apollonii
2129 2337 2139 2352 ,
2149 2313 2208 2349 vbi
2256 2346 2262 2360 ,

371 2364 458 2396 inter
468 2371 582 2396 caetera
591 2361 761 2394 Montano
770 2355 1104 2406 exprobrat,primum
1116 2353 1208 2390 fuisse
1217 2357 1275 2403 qui
1286 2357 1419 2402 nuptias
1429 2353 1613 2392 soluerint<
1625 2355 1830 2388 ieiuniorum
1841 2353 1930 2401 leges
1939 2356 2206 2404 imposuerir.N6

793 914 894 938 ucum
904 900 1046 937 accersit.
1057 900 1148 936 Nam
1160 903 1219 949 qui
1229 900 1270 936 ab
1279 900 1478 940 ambitione,
1491 901 1584 940 odio,
1594 904 1744 941 auaritia,
1754 901 1960 939 crudelitate,
1971 902 2108 953 aliisque
2117 905 2210 943 fimi-
2228 907 2247 984 ἱ

2236 1133 2249 1153 -5

2241 1455 2255 1481 ‘i

2255 2302 2261 2318 l

2248 2360 2261 2377 ζ’.

369 2411 462 2448 dicit.
474 2412 510 2444 in
520 2405 710 2444 vniuersuni
721 2402 923 2454 prohibuisse
933 2406 1190 2440 matrimonium
1203 2415 1260 2438 aut
1271 2402 1375 2438 cibos.
1401 2404 1483 2437 Satis
1494 2403 1538 2437 est
1547 2401 1647 2450 liquis
1656 2401 1854 2451 religionem
1868 2402 2054 2442 c6scientiis
2065 2410 2206 2448 iniiciar,
2258 2439 2260 2442 ,

373 2462 409 2492 8:
419 2470 531 2493 earum
541 2453 773 2492 obseruatione
783 2456 895 2490 Deum
905 2452 1014 2488 colere
1023 2455 1201 2501 praecipiat.
1226 2452 1316 2487 Nam
1328 2463 1399 2486 reru
1405 2464 1436 2485 m
1445 2450 1621 2486 liberarum
1633 2449 1833 2499 prohibitio,
1842 2450 1908 2487 [iiie
1917 2455 2078 2500 generalis
2088 2455 2208 2495 sit,fiue

372 2504 532 2553 specialis.
543 2501 668 2554 semper
677 2504 723 2539 est
733 2505 880 2549 tyrannis
890 2500 1063 2537 diabolica.
1072 2500 1204 2535 Clarius
1214 2512 1326 2535 tamen
1340 2501 1373 2535 id
1383 2499 1423 2535 de
1432 2498 1516 2534 cibis
1527 2511 1643 2534 vetum
1655 2496 1726 2536 effe,
1736 2511 1774 2534 ex
1783 2503 1939 2547 proximo
1952 2503 2103 2538 membro
2113 2518 2208 2554 pate·
2253 2518 2255 2521 ’

368 2553 430 2589 bit.
456 2554 544 2605 Qs
558 2557 646 2588 Deus
654 2563 780 2587 creauit.
799 2550 957 2586 Notanda
967 2551 1063 2586 ratio,
1074 2548 1189 2584 debere
1199 2561 1262 2584 nos
1272 2551 1307 2584 in
1318 2547 1372 2584 vsu
1384 2547 1538 2584 ciborum
1548 2545 1697 2585 concessa
1709 2548 1727 2583 a
1746 2549 1822 2583 Deo
1832 2547 1982 2584 libertate
1994 2550 2053 2586 effe
2064 2564 2208 2591 conten-

365 2612 430 2640 tos.
442 2606 521 2650 quia
529 2614 585 2637 eos
594 2602 754 2638 creauerit
765 2602 800 2636 in
813 2599 904 2635 hunc
913 2597 1025 2633 finem.
1037 2598 1114 2632 Hoc
1124 2599 1187 2645 piis
1197 2597 1357 2632 omnibus
1368 2595 1588 2640 inestimabile
1597 2597 1756 2644 gaudium
1768 2597 1932 2644 est.quum
1944 2596 2051 2634 sciunt
2059 2600 2205 2639 alimen·
2251 2628 2253 2630 -

365 2661 399 2684 ta
407 2653 524 2686 omnia
532 2649 654 2699 quibus
665 2646 854 2686 vescuntur,
863 2645 920 2681 sibi
931 2647 970 2680 de
980 2658 1083 2681 manu
1092 2648 1127 2680 in
1139 2658 1278 2680 manum
1288 2647 1306 2680 a
1316 2647 1471 2680 Domino
1481 2647 1620 2693 porrigi,
1630 2656 1666 2679 vr
1676 2656 1778 2692 purus
1790 2643 1826 2680 fit
1837 2657 1874 2680 ac
1884 2645 2055 2693 legitimus
2066 2648 2205 2688 illorum

367 2696 451 2734 vsus.
465 2699 603 2747 Qauta
614 2697 691 2734 verb
703 2697 885 2732 hominum
894 2696 1082 2742 arrogantia
1095 2694 1150 2734 est,
1162 2696 1285 2742 eripere
1298 2694 1390 2741 quod
1400 2695 1491 2729 Deus
1501 2692 1637 2742 largitur
1648 2700 1658 2726 Ξ
1668 2706 1710 2727 ari
1722 2691 1815 2728 cibos
1834 2693 1891 2742 ipfi
1903 2705 2054 2730 crearunt
2067 2703 2077 2729 Ξ
2088 2710 2130 2732 an
2139 2701 2216 2736 Dei,

366 2748 535 2783 creatione
567 2743 677 2782 ol'l‘unt
689 2747 814 2780 irritam
825 2743 948 2780 facere?
961 2745 1094 2791 Semper
1105 2745 1216 2789 itaque
1225 2739 1324 2777 nobis
1333 2744 1368 2776 in
1380 2753 1527 2776 mentem
1537 2743 1659 2782 veniat,
1669 2753 1745 2775 eum
1757 2743 1815 2787 qui
1825 2741 2105 2783 creauit‚liberum
2118 2759 2208 2793 quo-

367 2807 433 2843 que
441 2793 498 2831 vsu
504 2758 665 2831 iurlf‘eeiss‘e,
675 2806 778 2840 quem
787 2792 899 2828 frustra
908 2792 1069 2839 impedire
1079 2793 1219 2826 conatur
1229 2790 1395 2825 homines.
1409 2791 1546 2825 Creauit
1557 2792 1697 2837 inquam
1708 2788 1800 2824 cibos
1813 2790 1903 2824 Deus
1913 2790 2204 2842 adpercipiendum:

366 2843 434 2880 hoc
446 2844 491 2879 est
501 2853 536 2877 vt
549 2841 615 2878 illis
621 2839 780 2877 fruamur.
789 2843 890 2875 Hunc
902 2838 1004 2875 finem
1015 2850 1159 2875 euertere
1170 2851 1345 2887 nunquam
1356 2841 1477 2886 poterit
1487 2838 1634 2874 humana
1645 2840 1812 2874 autoritas.
1823 2838 1922 2872 Addit
1935 2851 2059 2879 autem,
2076 2844 2217 2891 σῆμα-

362 2894 480 2926 ciarum
493 2890 708 2937 afflonaezquia
721 2888 808 2925 nihil
816 2890 891 2923 Deo
901 2901 962 2937 pro
975 2886 993 2922 s
989 2900 1030 2922 ua
1038 2887 1232 2923 liberalitate
1240 2887 1416 2935 rependere
1426 2883 1518 2933 poss‘u
1524 2899 1608 2926 mus,
1620 2888 1722 2932 quam
1732 2886 1944 2933 gratitudinis
1957 2887 2203 2928 testiinonium.

365 2940 477 2987 Atque
491 2943 536 2975 ita
553 2950 679 2974 maiore
688 2938 768 2971 odio
777 2948 890 2985 grauat
902 2938 1027 2985 impios
1037 2935 1259 2984 legislatores,
1272 2937 1331 2981 qui
1351 2932 1547 2969 sacrificium
1557 2933 1662 2969 laudis
1672 2934 1763 2980 quod
1775 2935 1864 2969 Deus
1875 2936 1910 2969 in
1926 2938 2042 2982 primis
2060 2939 2206 2986 postulat
2256 2975 2261 2978 ,

366 2986 427 3024 fibi
436 2986 559 3025 offerri,
569 2989 669 3023 nouis
681 2990 715 3021 δε
725 2984 886 3020 abortiuis
896 2985 1013 3021 edictis
1024 2985 1226 3032 impediunt.
1238 2982 1340 3018 Pori-b
1352 2996 1422 3016 non
1435 2982 1540 3031 potest
1550 2980 1609 3017 effe
1617 2984 1795 3030 gratiarum
1807 2982 1975 3021 atstiofine
1985 2982 2158 3023 sobrietate
2169 2993 2204 3024 &
2248 2986 2251 2997 '

337 3049 340 3052 ·
368 3038 711 3084 temperantiazneque
721 3035 814 3068 euim
826 3034 891 3068 Dei
898 3031 1155 3068 beneficentiam
1165 3031 1239 3067 vere
1249 3028 1399 3078 agnoscit
1411 3043 1470 3077 qui
1480 3042 1515 3064 ea
1525 3042 1696 3078 perperam
1708 3028 1865 3065 abutitur.
1884 3031 2048 3067 fidelihus
2058 3038 2095 3074 θ’·
2105 3039 2142 3069 iis
2151 3042 2205 3082 qm*

368 3094 571 3135 cognouerum.
592 3082 689 3130 Qd
698 3089 795 3129 ergo?
809 3079 924 3116 {innon
935 3079 1039 3116 solem
1050 3078 1146 3117 suum
1155 3080 1306 3128 quotidie
1315 3081 1395 3114 oriri
1405 3077 1484 3113 facit
1491 3079 1582 3114 Deus
1595 3075 1688 3126 super
1697 3077 1807 3113 bonos
1820 3083 1852 3113 ὅ(
1867 3079 1996 3115 malos?
2007 3081 2121 3118 annon
2133 3088 2205 3121 eius

369 3132 453 3168 iussu
464 3144 548 3167 tetra
556 3133 672 3179 impiis
683 3142 805 3178 panem
816 3129 982 3177 producit?
993 3127 1108 3164 'annon
1119 3131 1189 3163 eius
1199 3128 1436 3163 benedictione
1445 3129 1544 3162 etiam
1555 3124 1681 3174 peffimi
1693 3125 1826 3162 aluntur
1836 3135 1845 3159 ἓ
1855 3129 1906 3162 Est
1918 3131 2008 3164 enirn
2022 3132 2202 3169 vniuersale

371 3178 454 3217 illud
463 3178 666 3217 beneficium
676 3178 769 3226 quod
778 3177 888 3212 Dauid
898 3173 975 3211 Psal.
989 3177 1313 3222 104.b.i4‚decant:it.
1321 3173 1535 3223 Respondco,
1545 3175 1685 3210 Paulum
1697 3175 1736 3209 de
1746 3173 1799 3209 vsu
1811 3174 1905 3210 licito
1917 3176 1974 3211 hic
1988 3190 2094 3225 agere,
2107 3184 2203 3216 cuius

370 3232 456 3268 tatio
465 3242 577 3264 coram
588 3229 664 3263 Deo
674 3225 773 3263 nobis
785 3226 921 3260 constat.
931 3225 1041 3259 Huius
1051 3226 1193 3260 minime
1203 3236 1378 3272 compotes
1388 3223 1462 3259 sunt
1473 3226 1584 3272 impii,
1592 3235 1726 3271 propter
1735 3224 1899 3271 impuram
1911 3224 2122 3262 c6scientiam
2132 3242 2206 3275 quse

369 3280 486 3313 omnia
495 3278 715 3312 contaminat:
732 3273 1019 3322 quemadmodum
1029 3272 1168 3308 habetur
1175 3273 1215 3307 ad
1222 3270 1341 3307 Titum
1351 3274 1458 3320 capite
1468 3274 1591 3319 primo.
1599 3272 1631 3306 b.
1639 3282 1679 3316 ¹5·
1688 3273 1727 3305 Et
1738 3270 1959 3320 sane,proprie‘
1969 3273 2140 3321 loquendo
2152 3275 2205 3311 so,

372 3325 411 3362 lis
425 3324 500 3360 filiis
512 3324 574 3359 suis
585 3326 674 3358 Deus
685 3334 797 3358 totum
809 3321 975 3356 mundum
987 3323 1022 3356 &
1032 3322 1194 3367 quicquid
1204 3323 1240 3355 in
1251 3321 1380 3355 mundo
1391 3321 1445 3357 est,
1457 3321 1642 3355 destinauit.
1657 3332 1722 3366 qua
1733 3323 1861 3354 ratione
1871 3324 1968 3361 etiam
1983 3326 2118 3365 vocatur
2129 3328 2204 3359 ma-

368 3374 401 3408 di
414 3372 564 3408 haeredes.
574 3371 627 3407 Na
638 3372 697 3407 hac
711 3371 882 3406 coditione
890 3369 1062 3405 costitutus
1074 3370 1173 3404 initio
1184 3368 1287 3404 fuerat
1299 3368 1369 3403 Adi
1377 3371 1497 3405 omnii‘i
1506 3368 1716 3409 dominus‚vt
1726 3365 1782 3404 sub
1795 3370 1859 3403 Dei
1869 3369 2032 3405 obedieria
2043 3384 2201 3409 maneret.

2060 3420 2202 3459 Proinde
