2268 3705
302 130 361 169 324
825 107 921 165 ΙΝ
968 107 1575 165 EPIST·‘1³A'VL'1

104 1159 224 1200 'melfi
228 1168 260 1196 31.

109 1639 264 1667 Deut.4.ae.1.

109 1671 303 1708 Deut.27.d.26

112 1953 303 1992 2.Tim.3.d.16.

114 2282 202 2308 Roma
206 2279 237 2315 211,
242 2286 269 2308 9.

315 205 359 227 'ex
369 194 460 240 Lege
468 194 507 227 &¹
515 202 552 225 ex
561 183 781 239 promiffione
789 189 892 227 nobis
902 188 1227 236 obuenire.quis·hoc
1238 189 1277 222 de
1291 186 1367 222 solis
1378 190 1583 223 caeremoniis
1593 188 1710 221 audeat
1726 188 2013 236 expone-re‚quum
2025 186 2164 235 genesar

311 239 386 275 liter
396 239 656 288 comprehendat
676 236 797 274 Paulus
808 239 967 285 quicquid
979 241 1127 286 gratuitae
1139 235 1350 284 promissioni
1362 243 1545 284 repugnat?
1565 234 1711 270 Minime
1722 247 1801 283 ergo
1812 236 1953 270 dubium
1964 239 2048 283 quin
2059 250 2163 272 omne

310 302 415 336 genus
426 294 526 336 opera
537 287 697 323 excludar.
711 285 753 322 sic
765 288 805 322 ad
818 290 921 322 Rom.
936 288 1092 332 4.c.14.‚Si
1102 298 1139 320 ex
1159 286 1247 331 Lege
1259 284 1567 322 haereditas,abolita
1577 285 1621 317 est
1631 282 1890 321 fides‚exinaniea
1901 282 2165 332 ptomiffio-Cur

311 341 357 371 ita
367 342 381 371 ?
395 349 515 385 nempe
531 339 611 383 quia
620 334 702 371 salus
713 337 753 371 ab
764 336 824 370 hac
834 337 1031 382 conditione
1042 332 1191 381 suspensa
1199 335 1296 372 toret,
1308 335 1341 368 Si
1354 334 1434 380 Legi
1445 331 1644 367 satisfeceris.
1660 335 1735 367 ideo
1745 331 1918 368 concludit
1928 334 2090 371 statim‚e'x
2099 332 2164 367 fide

312 384 385 426 else,
398 386 467 432 qub
475 397 564 420 certa
575 384 611 419 sit
623 397 686 432 pro
692 383 810 418 miffio.
821 383 1011 430 Diligenter
1021 394 1100 428 ergo
1113 383 1314 416 retineamus
1324 385 1426 416 curin
1440 384 1692 428 comparatione
1703 379 1930 428 promiffionis
1941 394 1979 416 ex
1993 383 2164 429 Lege,po-'

312 433 386 469 sitio
398 437 495 468 vnius
510 434 647 468 alte-tam
661 441 802 467 euertat:
816 443 939 478 nempe
950 427 1213 477 quia'ptomiffio
1224 431 1262 464 ad
1273 427 1383 468 fidem,
1403 431 1469 463 Lex
1480 431 1519 462 ad
1530 441 1629 477 opera
1640 427 1822 477 respectum
1833 429 1943 465 habet.
1962 431 2064 464 Fides
2075 432 2164 463 acci·-

312 512 313 516 ,
335 484 469 530 it-quod
480 483 627 530 gratuito
641 483 801 515 donatur:
812 479 970 527 operibus
981 478 1060 513 vero
1070 479 1217 512 redditur
1229 491 1363 514 merces.
1383 490 1483 524 atque
1496 478 1529 511 id
1539 479 1581 512 est
1592 479 1682 523 quod
1695 491 1772 512 mox
1785 475 1956 526 subiungit
1966 503 1975 516 ,
1991 481 2103 513 Deum
2115 481 2163 511 A-

310 495 421 566 grahae
430 530 574 568 donasse,
584 542 655 564 non
670 529 870 575 requirendo
882 539 1033 562 mutuam
1048 526 1137 574 quasi
1149 526 1473 575 compensationem,
1486 525 1599 560 vei-iim
1612 524 1728 573 sponte
1738 525 1988 574 pollicendam}
1999 526 2071 562 fide
2080 538 2167 562 con-z

313 579 470 614 ditionali
481 581 634 626 accipias:
646 575 796 610 Donandi
807 576 946 612 verbum
954 575 1212 622 haudquaquam
1222 578 1414 610 conueniet.

370 673 408 704 19
417 657 419 660 ’
465 658 572 715 Qid
579 661 683 713 igitur
691 661 786 698 Lex?
795 656 1087 713 transgressionum
1097 653 1193 707 ιαμβι
1203 655 1453 709 αάὶιιηέῖαῇιίῑ,
1465 655 1570 695 donec
1580 658 1720 695 veniret
1722 648 1843 710 semen
1868 656 2167 713 ckipremiffit‘fhcff

311 716 541 764 'maerdinata
546 726 610 769 per
621 713 794 769 eAngelos
803 716 842 753 in
851 727 960 753 manu
969 712 1211 755 mediatoris.

372 788 419 810 20
476 768 579 810 Porrb
588 769 873 809 mediatorvntus
881 783 952 808 non
962 775 1026 809 cs‘t:
1041 776 1137 808 Deua
1147 779 1261 807 autem
1273 776 1368 806 vn‘us
1387 768 1441 821 est.
1835 789 1839 794 -
1884 791 1887 793 >

373 843 409 866 21
467 824 590 867 bene
599 829 702 882 igitur
711 821 1107 880 aduersuspromtssiones
1119 828 1185 865 Dei
1195 827 1211 862 ?
1222 821 1310 880 absit.
1317 824 1436 880 namsi
1443 824 1526 863 dara
1537 823 1614 878 effet
1624 833 1700 865 Lex
1710 824 1890 883 quapoffiet
1897 826 2088 878 viuificare,
2101 840 2165 867 ve-

314 884 350 924 r}
359 899 404 925 ex
414 892 501 940 Lege
510 882 589 936 effer
603 882 739 932 iustitia.
1462 901 1467 913 .

315 995 358 1036 de
373 956 434 1037 zeb
477 939 550 979 Sed
556 936 708 994 conclusit
729 940 890 994 Scriptura
908 940 1025 977 omnia
1033 935 1272 996 subpeccatum
1294 967 1305 984 ,
1322 936 1538 992 vtpromzssio
1548 938 1712 990 etc-fide)
1722 935 1793 992 Iesu
1802 937 1928 991 christi
1936 929 2077 979 diretur
2094 953 2168 980 cre-

359 1008 412 1037 mt
434 1011 490 1037 us.

364 1061 429 1098 Vbi
440 1063 593 1097 audimus
603 1061 727 1107 Legem
739 1057 826 1093 nihil
836 1058 942 1094 valere
957 1059 997 1093 ad
1008 1055 1244 1094 conferendam
1258 1057 1536 1095 iustitiam‚statim
1551 1058 1718 1106 obrepunt
1729 1060 1824 1093 variae
1835 1061 2127 1106 cogitationeszaut
2138 1061 2169 1095 i-

317 1112 407 1158 gitur
418 1109 478 1145 effe
490 1109 660 1146 inutilem,
671 1120 728 1143 aut
739 1111 941 1143 contrariam
954 1107 1068 1142 foederi
1078 1109 1154 1147 Dei,
1167 1119 1223 1141 aut
1234 1107 1298 1141 tale
1308 1109 1494 1154 quippiam.
1508 1107 1579 1140 imo
1591 1107 1622 1151 id
1634 1111 1744 1142 venire
1757 1109 1792 1142 in
1805 1120 1953 1142 mentem
1967 1106 2080 1156 posset:
2097 1110 2169 1145 Cur

318 1173 389 1194 non
401 1160 440 1194 de
450 1160 538 1206 Lege
548 1160 732 1192 diceremus
744 1157 836 1202 quod
845 1157 884 1190 de
895 1157 1002 1190 Nouo
1012 1154 1210 1190 testamento
1223 1156 1304 1190 dicit
1315 1157 1466 1189 Ieremias
1478 1178 1487 1192 ‚
1507 1156 1666 1202 posterius
1676 1155 1863 1191 datumlesse
1875 1157 1914 1192 ad
1934 1157 2167 1204 corrigendam

317 1208 502 1243 dofflinnae
513 1209 633 1254 prioris
644 1204 886 1239 infirmitatem?
898 1203 1103 1239 Huiusmodi
1113 1204 1322 1239 obieffioncs
1333 1203 1497 1237 diluendae
1508 1215 1599 1237 crant
1611 1204 1726 1242 Paulo,
1739 1204 1762 1239 si
1773 1204 1872 1239 vellet
1884 1203 2059 1240 satisfacere
2070 1205 2169 1240 Gala-

317 1260 371 1291 tis.
383 1256 532 1290 Primum
544 1257 646 1302 igitur
658 1256 774 1301 quaerit
789 1257 865 1301 quis
876 1253 912 1287 sit
925 1253 996 1287 vsus
1007 1254 1114 1300 Legis.
1125 1266 1202 1287 nam
1214 1256 1292 1299 quia
1302 1249 1497 1298 subsequuta
1508 1253 1551 1286 est
1561 1252 1814 1299 promiffionem
1827 1276 1838 1290 ,
1876 1254 2007 1288 videtur
2015 1254 2109 1301 quod
2119 1253 2171 1289 illi

320 1306 440 1345 deerat,
450 1303 592 1338 debuifl'e
604 1301 763 1350 supplere:
781 1306 814 1337 ὅ(
828 1304 916 1337 certe·
926 1303 965 1336 de
975 1302 1041 1336 hoc
1052 1300 1294 1348 ambigebatur,
1307 1314 1348 1335 an
1360 1312 1417 1348 per
1427 1299 1457 1334 se
1465 1298 1616 1335 inefficax
1626 1301 1701 1335 effer
1712 1299 1899 1354 promiffio,
1915 1301 1974 1341 nisi
1985 1303 2002 1336 a
2012 1304 2101 1349 Lege
2111 1304 2175 1337 adr,

319 1355 499 1387 iuuaretur.
527 1352 728 1387 Notandum
739 1351 783 1384 est
796 1362 920 1388 autem,
932 1349 1071 1385 Paulum
1082 1363 1154 1384 nou
1166 1351 1296 1384 tantum
1310 1350 1349 1384 de
1359 1350 1430 1396 lege
1443 1348 1560 1382 morali
1572 1348 1668 1395 loqui
1685 1373 1695 1387 ,
1709 1351 1760 1383 led
1770 1351 1809 1383 de
1821 1362 1896 1384 toto
1907 1349 2009 1384 Mofis
2019 1352 2170 1386 ministe-

321 1405 385 1435 rio:
395 1402 486 1448 quod
499 1401 638 1448 quidem
649 1397 752 1434 Mofis
764 1410 829 1432 etat
839 1402 1025 1447 proprium.
1039 1399 1072 1432 id
1081 1409 1192 1434 autem
1203 1410 1270 1445 erat
1284 1396 1485 1446 praescribere
1496 1399 1631 1432 viuendi
1643 1398 1802 1445 tegulam,
1825 1401 1858 1433 St.
1870 1402 2083 1433 caeremonias
2093 1402 2170 1446 qui-

318 1449 381 1484 bus
391 1449 467 1484 sein
478 1451 541 1484 Dei
553 1448 646 1484 cultu
657 1459 858 1486 exercerent,
871 1445 1104 1496 promiffiones
1114 1447 1234 1482 deinde
1244 1448 1421 1493 adiungere
1436 1449 1468 1479 &
1482 1448 1599 1480 minas.
1611 1448 1717 1492 Qod
1727 1459 1838 1481 aurem
1851 1446 1964 1482 mulrae
1975 1445 2170 1495 promissio-

319 1512 378 1533 ncs
388 1499 428 1532 de
440 1500 582 1546 gratuita
594 1499 658 1531 Dei
671 1493 892 1530 misericordia
918 1501 951 1530 &
963 1496 1002 1530 de
1014 1496 1149 1530 Christo
1159 1494 1290 1530 inclusae
1301 1494 1374 1529 sunt
1387 1493 1455 1528 illic
1464 1521 1473 1534 ,
1491 1507 1562 1540 quae
1575 1495 1614 1528 ad
1626 1493 1724 1529 fidem
1738 1492 1904 1542 pertinent
1917 1509 1926 1530 ·.
1948 1496 2014 1530 hoc
2026 1496 2069 1530 est
2079 1495 2170 1542 quafi

319 1546 521 1582 accidentale
530 1570 539 1584 ‚
554 1551 587 1580 δε
599 1545 732 1580 aliunde
744 1543 946 1582 accersitum,
959 1555 1121 1591 quatenus
1132 1545 1199 1578 Lex
1210 1556 1287 1578 cum
1300 1545 1451 1578 doctrina
1463 1546 1572 1590 gratiae
1585 1543 1765 1577 confertur.
1779 1543 1975 1578 Memineris
1987 1544 2170 1591 ergmhanc

321 1594 380 1629 effe
390 1594 553 1629 summam
564 1595 766 1641 quaestionis,
786 1594 857 1627 Cut
868 1591 952 1628 facta
965 1589 1182 1640 promissione
1191 1593 1326 1626 demum
1339 1591 1528 1639 superuenit
1540 1590 1650 1626 Moses
1660 1604 1738 1626 cum
1751 1605 1842 1626 noua
1855 1590 1911 1625 illa
1921 1594 2171 1639 pastionaQ-‘i

322 1643 433 1678 fecerit
448 1643 515 1678 haec
526 1666 536 1681 ‚
546 1647 636 1677 viuer
650 1645 685 1677 in
697 1640 784 1690 ipsis,
797 1642 997 1677 Maledictus
1006 1651 1117 1676 autem
1128 1643 1272 1688 quinon
1287 1639 1477 1687 impleuerit
1489 1642 1624 1674 omnia?
1645 1653 1686 1674 an
1699 1652 1733 1674 vt
1744 1639 1872 1687 aliquid
1886 1640 2005 1675 melius
2017 1644 2051 1676 ὃ(
2062 1641 2171 1688 perfe-

324 1695 408 1728 ctius
420 1690 566 1726 afferret?
1781 1685 1784 1688 ⁴
1936 1708 1944 1717 ,
2074 1720 2079 1726 ,

369 1752 406 1784 19
455 1739 735 1787 Transgressionum
745 1739 861 1783 caufh.)
911 1737 1092 1786 Multiplex
1113 1738 1157 1772 est
1167 1739 1265 1786 Legis
1277 1735 1367 1772 vsus:
1389 1735 1440 1772 sed
1450 1736 1569 1771 Paulus
1581 1749 1657 1770 eum
1680 1735 1788 1772 solum
1799 1739 1909 1784 attigit
1923 1764 1933 1778 ,
1948 1739 2007 1785 qui
2020 1736 2171 1785 ptaesenti

323 1800 381 1824 cau
387 1788 424 1824 sae
434 1787 603 1824 seruiebat.
637 1788 759 1836 Neque
770 1791 860 1823 enim
871 1787 922 1822 illi
932 1785 1140 1836 propofitum
1153 1798 1219 1821 erat
1229 1784 1375 1821 disserere
1386 1797 1470 1833 quot
1483 1786 1591 1820 modis
1605 1786 1670 1819 Lex
1680 1784 1780 1833 profit
1791 1785 2000 1821 hominibus.
2017 1788 2112 1821 cuius
2122 1788 2172 1822 rei.

323 1839 486 1872 monendi
497 1837 571 1872 stmt
580 1837 732 1872 lectores.
745 1837 850 1871 Video
861 1838 953 1870 enim
965 1833 1140 1884 plerosque
1151 1834 1369 1874 hallucinati,
1391 1835 1483 1882 quod
1494 1832 1623 1868 nullam
1634 1833 1733 1868 aliam
1747 1835 1845 1881 Legis
1857 1833 2036 1869 Vtilitatem
2048 1833 2170 1882 agnos-

323 1897 417 1927 cunt,
432 1887 533 1934 quam
544 1898 616 1933 quae
627 1882 681 1920 hic
692 1896 839 1920 notatur.
850 1886 943 1931 atqui
953 1883 1072 1918 Paulus
1083 1882 1149 1931 ipse
1159 1883 1237 1918 alibi
1246 1895 1406 1931 praecepta
1416 1883 1513 1930 Legis
1523 1883 1757 1917 accommodat
1768 1884 1808 1916 ad
1818 1883 2008 1917 doctrinam
2019 1886 2053 1917 &
2065 1883 2169 1918 exhor

322 1937 477 1970 tationes.
491 1947 562 1969 non
573 1935 618 1968 est
627 1936 729 1981 igitur
740 1933 839 1982 plena
849 1933 917 1968 haec
926 1930 1079 1967 definitio
1089 1933 1128 1966 de
1138 1929 1195 1967 vsu
1206 1934 1323 1979 Legis:
1335 1944 1372 1966 ac
1384 1941 1555 1979 perperam
1565 1930 1692 1965 faciunt
1704 1933 1762 1977 qui
1774 1929 1862 1965 nihil
1872 1931 1962 1966 aliud
1981 1929 2169 1978 agnoscunt.

322 1986 359 2018 in
369 1985 469 2031 Lege.
479 1983 574 2029 Qid
582 1990 692 2016 autem
704 1982 770 2017 hoc
780 1980 953 2029 fignificat,
963 1979 1248 2027 Trfisgteffionum
1259 1978 1362 2015 causa2
1375 1980 1416 2014 fic
1428 1980 1564 2026 quidem
1576 1981 1675 2013 etiam
1686 1977 1880 2027 philosophi
1891 1978 2062 2025 loquutur,
2076 1979 2170 2026 quod

322 2033 389 2067 Lex
399 2031 590 2067 coercendis
603 2029 773 2065 maleficiis
784 2029 820 2064 sit
830 2030 975 2065 condita.
986 2028 1028 2063 sic
1038 2028 1136 2063 habet
1147 2039 1240 2063 vetus
1250 2028 1468 2077 prouerbium
1479 2054 1490 2068 ,
1512 2030 1557 2062 Ex
1567 2027 1664 2063 malis
1674 2027 1824 2062 moribus
1836 2038 1923 2062 ortas
1934 2025 1994 2061 effe
2004 2027 2109 2062 bonas
2120 2029 2169 2062 le—

322 2094 388 2128 ges.
407 2079 529 2114 Verum
542 2079 638 2113 altior
649 2080 693 2113 est
702 2078 797 2113 Pauli
807 2074 1031 2124 sensus,quam
1041 2076 1139 2112 verba
1148 2089 1212 2124 prae
1221 2075 1251 2111 se
1263 2076 1377 2112 fetant.
1388 2078 1512 2123 Legem
1526 2078 1616 2111 enim
1628 2076 1728 2110 latam
1739 2075 1832 2111 fuiffe
1840 2075 2051 2123 intelligit‚vt
2063 2076 2169 2111 trans-

322 2127 500 2177 gteffiones
511 2126 621 2176 palam
633 2124 751 2162 faceret
766 2141 772 2161 ε
786 2125 893 2174 eoque
903 2127 1006 2161 modo
1017 2126 1172 2160 homines
1181 2138 1313 2172 cogeret
1324 2127 1364 2159 ad
1372 2127 1581 2172 agnitionem
1593 2124 1639 2160 sui
1650 2136 1767 2158 reatus.
1778 2125 1868 2158 Nam
1880 2135 1915 2158 vt
1925 2123 2117 2159 naturaliter
2127 2122 2168 2158 si-

322 2178 358 2212 bi
369 2177 464 2212 facile
474 2174 665 2224 ignoscunt,
678 2175 738 2210 nifi
749 2186 925 2223 vrgeantur
935 2176 953 2209 ὲ
962 2177 1063 2222 Lege,
1074 2173 1196 2222 sopitas
1208 2174 1330 2209 habent
1349 2172 1578 2209 conscientias.
1589 2173 1671 2207 hinc
1680 2172 1764 2207 illud
1771 2171 1972 2210 Pauli‚Ante
1983 2174 2104 2219 Legem
2117 2184 2168 2207 ta-

325 2226 417 2261 metsi
430 2236 602 2273 peccatum
615 2222 689 2259 esset
700 2227 734 2259 in
748 2224 890 2264 mundo,
901 2236 970 2258 non
982 2234 1094 2257 tamen
1105 2221 1341 2271 imputabatur.
1355 2224 1454 2256 Venit
1464 2224 1566 2268 igitur
1578 2224 1656 2258 Lex,
1670 2234 1742 2267 quae
1755 2222 1958 2255 dormientes
1974 2220 2166 2268 expergefe-

324 2277 381 2310 cit.
409 2287 487 2309 nam
498 2275 566 2308 haec
578 2285 651 2307 vera
661 2274 704 2307 est
713 2274 753 2306 ad
762 2272 934 2307 Christum
946 2273 1150 2320 praeparatio.
1176 2273 1238 2305 Pet
1248 2273 1383 2319 Legem,
1395 2272 1506 2317 inquit
1516 2270 1556 2303 ad
1565 2272 1741 2304 Romanos
1752 2272 1859 2317 capite
1868 2271 1966 2303 tertio
1981 2292 1990 2306 ‚
2001 2281 2029 2302 c.
2042 2280 2096 2307 zo,
2107 2282 2167 2304 co-

325 2325 436 2372 gnitio
447 2326 583 2370 peccati.
595 2329 672 2356 cut?
693 2332 911 2369 vtpeccatum
924 2318 1014 2354 fieret
1033 2318 1271 2367 supramodum
1281 2331 1431 2367 peccans.
1449 2317 1490 2353 fic
1502 2320 1593 2352 enim
1605 2316 1777 2365 respondet
1803 2318 1909 2364 capite
1918 2315 2071 2365 septimo,
2081 2330 2108 2352 c.
2122 2328 2165 2361 13,

325 2369 633 2418 Transgreffionum
648 2382 727 2417 ergo
737 2367 830 2404 causa
839 2370 906 2403 Lex
919 2367 1023 2416 posita
1033 2368 1087 2405 est,
1101 2379 1135 2402 vt
1145 2381 1196 2402 eas
1207 2369 1381 2415 detegeret:
1393 2366 1446 2401 vel
1456 2367 1753 2413 (quemadmodum
1765 2364 1915 2413 loquitur
1926 2367 1964 2399 ad
1987 2367 2166 2401 Romanos

325 2423 432 2468 capite
442 2420 501 2465 5.d.
514 2420 568 2461 20)
579 2418 745 2453 abundare
755 2417 882 2452 faceret.
891 2419 1043 2464 Torquet
1054 2416 1122 2450 haec
1135 2414 1292 2462 loquutio
1306 2417 1491 2463 Origenem
1503 2428 1511 2448 :
1527 2412 1578 2449 sed
1589 2413 1713 2448 frustra.
1734 2414 1815 2461 quid
1825 2416 1917 2449 enim
1927 2412 2053 2448 absurdi
2066 2415 2110 2449 est
2119 2439 2130 2453 ‚
2141 2413 2164 2449 fi

326 2471 417 2504 Deus
429 2465 702 2503 conscientias'ad
711 2465 855 2512 tribunal
868 2463 963 2500 suum
974 2468 1065 2502 citat,
1075 2476 1110 2498 vt
1120 2476 1209 2499 reatu
1222 2463 1456 2501 humilientur,
1467 2475 1540 2510 quae
1549 2462 1677 2509 alioqui
1688 2461 1745 2496 fibi
1757 2465 1790 2496 in
1804 2461 1898 2497 malis
1911 2461 1974 2497 suis
1984 2462 2165 2510 placerent?

326 2516 347 2551 fi
359 2528 533 2564 torporem
545 2517 680 2555 excutit,
691 2517 751 2561 qui
760 2513 920 2549 obruebat
930 2525 1069 2548 omnem
1081 2513 1196 2547 iudicii
1205 2511 1252 2548 sui
1262 2511 1390 2547 sensum
1402 2519 1411 2544 Ξ
1424 2510 1445 2546 si
1455 2522 1628 2559 peccatum
1640 2534 1650 2548 ‚
1668 2511 1760 2557 quod
1770 2511 1868 2546 instar
1876 2510 1957 2546 furis
1971 2513 2013 2548 >in
2024 2523 2165 2546 cauerna-

327 2563 538 2612 hypocriseos
551 2563 683 2601 latebat,
696 2566 730 2598 in
740 2562 850 2597 lucem
862 2562 1047 2609 protrahit?
1059 2562 1170 2608 Siquis
1181 2564 1250 2595 exci
1278 2565 1333 2598 iat,
1349 2561 1469 2606 Qui
1479 2560 1547 2593 Lex
1558 2560 1671 2606 regula
1681 2558 1717 2593 sir
1731 2558 1785 2606 pie
1798 2563 1831 2594 δι’.
1843 2557 1931 2594 redte
1942 2560 2088 2597 viuendi,
2104 2571 2163 2594 cur

327 2616 442 2661 potius
450 2609 753 2660 transgressionum,
765 2612 866 2657 quam
879 2609 1078 2645 obedientiae
1087 2607 1181 2644 causa
1193 2573 1297 2656 posiia
1306 2610 1448 2644 dicitur?
1466 2605 1667 2655 Respondeo
1678 2631 1687 2645 ,
1699 2619 1871 2654 vtcunque
1881 2619 1992 2642 veram
2002 2608 2164 2642 iustitiam

327 2662 541 2700 demonstret,
560 2672 672 2695 tamen
685 2662 719 2694 in
731 2659 792 2694 hac
803 2670 925 2694 naturae
934 2660 1151 2705 corruptione
1177 2657 1263 2692 nihil
1273 2658 1374 2704 quam
1384 2658 1498 2703 augeri
1505 2653 1770 2703 transgressiones
1782 2658 1854 2690 eius
1863 2656 2015 2690 doctrina
2026 2678 2036 2692 ‚
2054 2657 2164 2690 donec

325 2710 456 2744 accedat
466 2711 605 2757 Spiritus
616 2709 887 2755 regenerationis,
898 2709 957 2753 qui
967 2706 1069 2754 ipsam
1081 2705 1236 2740 cordibus
1247 2705 1405 2740 inscribit.
1416 2705 1471 2739 hic
1481 2715 1593 2739 autem
1605 2717 1675 2739 non
1687 2703 1781 2738 datur
1789 2704 1807 2737 a
1816 2701 1968 2750 Lege‚sed
1981 2702 2044 2737 fide
2055 2705 2163 2751 perci-

323 2761 424 2806 pitur.
434 2759 651 2791 Meminerint
663 2769 741 2803 ergo
752 2755 977 2794 lectoresmon
991 2752 1264 2802 philosophicum
1273 2765 1329 2788 aut
1341 2753 1519 2801 politicum
1530 2751 1589 2786 esse
1598 2752 1664 2787 hoc
1675 2754 1803 2786 dietum
1814 2749 1973 2786 Pauli2sed
1984 2749 2086 2785 finem
2097 2752 2161 2786 Le-

325 2809 374 2855 gis
387 2807 515 2842 notari,
531 2807 590 2851 qui
602 2804 698 2838 fuerit
709 2804 834 2852 semper
844 2804 972 2839 mundo
983 2805 1187 2850 incognitus.
1248 2805 1360 2838 Donec
1368 2803 1602 2844 veniretfimen.
1637 2802 1669 2834 Si
1682 2799 1864 2848 respetstum
1876 2798 1973 2834 habet
1986 2799 2024 2833 ad
2049 2798 2160 2835 semen

326 2868 362 2889 in
374 2866 444 2899 quo
454 2852 589 2888 fundata
601 2853 644 2886 est
653 2852 855 2887 benedictio:
867 2865 945 2900 ergo
955 2850 1041 2885 nihil
1052 2848 1264 2898 promiffioni
1279 2850 1431 2884 detrahit.
1443 2862 1520 2883 nam
1533 2850 1616 2884 istud
1629 2850 1748 2883 Donec
1757 2872 1768 2886 ‚
1783 2848 1918 2896 perinde
1929 2846 2014 2883 valet
2023 2847 2086 2882 acsi
2108 2849 2160 2883 di-

326 2900 429 2939 xilser‚
440 2904 566 2936 Interea
576 2902 656 2935 dum
667 2904 856 2948 expectatur
866 2901 988 2935 semen.
997 2900 1086 2934 vnde
1096 2898 1252 2946 sequitur,
1262 2896 1404 2932 debuisse
1417 2897 1596 2932 subseruire
1604 2921 1614 2936 ‚
1626 2910 1697 2931 non
1707 2907 1818 2931 autem
1830 2895 1981 2938 obtinete
1992 2898 2161 2945 principa-

324 2960 412 2986 tum.
424 2948 576 2995 Eousque
587 2951 677 2983 euim
690 2948 793 2996 posita
804 2960 881 2987 crat,
891 2959 927 2983 vt
938 2951 1075 2996 erigeret
1085 2948 1241 2982 homines
1253 2949 1287 2980 in
1299 2948 1564 2994 expectationem
1576 2945 1709 2980 Christi.
1736 2945 1798 2979 Sed
1807 2944 1963 2990 quaeritur
1977 2942 2090 2980 annon
2103 2945 2162 2979 de-

324 2998 437 3035 buerit
447 3000 572 3034 durare,
585 2996 645 3037 nisi
657 2998 696 3031 ad
705 2996 829 3031 Christi
840 2997 1031 3032 aduentum.
1041 3009 1120 3030 nam
1130 2995 1152 3030 fi
1161 2998 1205 3029 ira
1215 2998 1271 3033 est,
1280 2994 1439 3041 sequitur,
1451 3005 1541 3028 nunc
1551 2991 1611 3027 esse
1620 2992 1823 3040 abrogatam.
1836 2991 2162 3040 Respondeo‚to'tam

328 3049 421 3082 illam
433 3045 754 3081 administrationem
766 3044 984 3092 temporalem
995 3042 1099 3078 fuiffe:
1111 3045 1273 3090 quoniam
1285 3045 1320 3077 in
1331 3056 1408 3078 eum
1420 3041 1521 3077 finem
1535 3041 1638 3089 posita
1648 3052 1714 3075 erat
1724 3065 1732 3078 ‚
1745 3051 1779 3075 vt
1788 3040 1957 3088 populum
1970 3044 2162 3082 veteremin

327 3097 408 3130 Chri
416 3097 452 3130 sti
463 3094 524 3129 fide
534 3096 805 3129 contineret-non
815 3104 927 3127 tamen
939 3093 1100 3132 concedo,
1113 3092 1236 3127 Christi
1246 3092 1391 3126 aduentu
1400 3102 1506 3125 totam
1517 3091 1641 3138 Legem
1650 3085 1741 3125 fuisse
1751 3088 1953 3135 abrogatam.
1965 3090 2085 3136 Neque
2093 3089 2161 3125 hoc

327 3145 406 3180 volu
415 3147 436 3178 it
450 3142 637 3191 Apostolus:
653 3140 703 3176 scd
715 3141 843 3176 tantum
854 3153 958 3188 genus
970 3141 1052 3175 illud
1063 3142 1248 3187 regiminis,
1258 3141 1350 3186 quod
1360 3137 1588 3186 interpositum
1601 3137 1726 3176 fuerat,
1744 3135 1888 3172 debuisse
1899 3136 2000 3172 finem
2013 3141 2081 3172 acci
2109 3151 2161 3172 ere

329 3196 364 3226 in
376 3193 520 3226 Christo:
534 3193 592 3237 qui
605 3191 648 3225 est
658 3186 885 3237 promissionis
894 3186 1195 3236 complementum.
1207 3189 1329 3223 Verum
1339 3189 1378 3222 de
1391 3188 1450 3222 hac
1458 3199 1493 3222 re
1501 3185 1644 3235 amplius
1657 3198 1734 3220 mox
1745 3187 1923 3220 dicendum
1935 3189 2004 3226 erit.
2020 3188 2067 3220 Or
2089 3189 2159 3227 ipa-

327 3252 363 3273 τα
371 3252 426 3287 per
435 3242 468 3273 A
472 3243 582 3286 ›Jgeloiu
632 3239 667 3272 Id
678 3239 718 3272 ad
728 3238 1061 3273 commendationem
1071 3237 1169 3283 Legis
1204 3239 1335 3273 ertinet‚
1346 3237 1437 3283 quod
1448 3235 1546 3270 fuerit
1556 3247 1612 3283 per
1623 3234 1770 3282 Angelos
1783 3235 1909 3269 tradita.
1920 3236 2010 3268 Idem
2020 3232 2161 3278 affirmat

327 3292 361 3322 v&
375 3289 560 3334 Stephanus
571 3289 806 3332 A&or.7.e.39.
817 3286 907 3320 Nam
919 3285 1011 3331 quod
1021 3297 1077 3332 per
1088 3250 1236 3332 Angesos
1246 3285 1378 3331 quidam
1395 3283 1523 3318 Mosem
1536 3287 1568 3318 ὅ(
1581 3285 1695 3318 Aaron
1708 3287 1741 3316 &
1752 3284 1940 3318 Sacerdotes
1952 3276 2165 3329 intelligunt*¹

328 3347 481 3381 argutum
493 3337 537 3369 cst
551 3338 655 3382 magis
667 3336 768 3382 quam
781 3333 927 3368 firmum.
937 3334 1039 3367 Porro
1052 3336 1175 3367 mirum
1187 3345 1257 3367 nou
1269 3334 1323 3369 est,
1341 3332 1550 3380 Angelis‚per
1559 3344 1644 3378 quos
1656 3333 1746 3367 Deus
1759 3334 1899 3366 minima
1910 3344 2048 3379 quaeque
2058 3330 2160 3364 bene'-

326 3383 400 3418 tiela
410 3382 508 3418 uobis
518 3384 695 3422 distribuit,
710 3384 775 3419 hoc
788 3395 924 3430 quoque
935 3393 1057 3418 munus
1066 3383 1260 3417 iniunctum
1275 3378 1346 3420 effe,
1359 3392 1392 3417 vt
1406 3382 1486 3437 Regi
1496 3378 1746 3428 promulgandae
1758 3380 1849 3416 testes
1861 3379 2163 3460 adciseiit.22}m;31n

2070 3439 2086 3461 e
2110 3439 2160 3460 ἰή·
