2268 3705
301 147 355 191 316
851 105 934 190 IN
983 142 1064 189 ΕΡ
1085 143 1103 188 Ι
1122 144 1148 188 S
1165 141 1220 188 ‘F-
1265 140 1517 190 PAVLOE
1572 154 1612 190 'i
1644 166 1682 191 ,η

286 220 327 256 de
337 212 548 256 caeflemon'iis
558 209 893 264 motam'fuiffequ'od
904 220 936 252 δέ
949 229 1012 251 nos
1023 213 1175 250 fatemur.
1184 215 1257 248 Cur
1267 215 1533 262 ergo,inquiunt,
1545 212 1562 246 a
1572 210 1761 260 particulari
1770 212 2146 259 advvnittersalijcaufam*

289 268 438 305 ‘trisiliret
446 267 584 303 Paulus?
596 268 675 303 Hae'c
685 265 754 301 ''so-la
764 268 908 313 Origeni
921 269 954 300 &
966 266 1177 308 Hieronymo
1187 263 1314 296 errandi
1325 262 1452 296 occalio
1463 261 1759 308 fuitzznequerenim
1771 261 1932 309 putabant
1943 267 2140 304 conuenite,

293 330 330 353 vt
340 330 447 364 quum
461 317 499 352 de
509 315 586 352 solis
597 318 796 360 ceremoniis
805 314 1020 349 cotenderent
1030 309 1307 360 pseudoapostoli,
1317 309 1659 358 plusapptehenderet
1669 310 1804 345 Paulus.
1837 311 1963 352 Velim)
1974 325 2045 347 non
2055 325 2139 348 con-

293 366 446 403 siderarfit
453 365 542 402 hanc
552 364 655 413 ipsam
667 363 794 400 causam
807 362 857 397 illi
870 359 962 396 fuisse
971 372 1040 395 tam
1051 364 1166 394 acriter
1176 361 1359 406 pugnandi,
1371 360 1463 406 quod
1473 359 1597 406 dogma
1607 358 1690 394 illud
1700 359 1892 407 longiorem
1904 360 2052 399 trahebat
2062 371 2141 396 cau-

294 416 489 463 dam,quam
503 418 610 464 prima
620 414 730 449 fronte
741 425 804 460 prae
814 410 844 445 se
855 409 1098 455 serebattneque
1110 409 1200 442 enim
1213 418 1281 441 tam
1292 406 1432 442 molesti‘i
1442 404 1547 442 fuiss‘et
1558 407 1663 443 Paulo
1672 410 1884 442 caeremonias
1894 407 2024 447 seruati,
2035 411 2137 456 quam

293 464 463 501 trans-fetri
474 463 629 499 fiduciam
642 467 675 497 δ’.
688 459 784 495 simul
794 459 935 507 gloriam
948 455 1061 492 salutis·
1071 456 1111 490 ad
1121 456 1519 504 opera-quemadmodum
1530 469 1634 503 quum
1646 457 1684 491 de
1698 455 1929 503 prohibitione
1938 461 2088 492 carnium
2099 461 2140 494 ad

293 525 404 549 certos
414 514 482 548 dies
494 516 611 560 agitur,
621 523 691 545 non
703 521 770 543 tam
781 508 966 555 spectamus
976 507 1078 552 quam
1091 517 1190 552 graue
1199 504 1236 539 sit
1248 503 1439 543 illud‚esum
1450 507 1600 538 carnium
1612 506 1776 543 interdici,
1787 507 1888 551 quam
1899 505 1938 540 de
1949 505 2070 552 laqueo
2080 512 2140 542 c6⁴

292 562 506 598 scientiarum
518 560 635 595 soliciti
649 558 771 593 sumus.
790 556 872 590 Non
884 567 963 602 ergo
973 565 1061 589 extra
1070 550 1196 588 causam
1209 552 1363 601 spatiatur
1375 552 1495 588 Paulus
1505 579 1515 593 ‚
1527 556 1634 599 quum
1645 552 1905 600 disputationem
1915 553 1954 589 de
1967 567 2038 589 tota
2048 557 2137 603 Lege

293 613 449 649 instituit:
460 607 585 645 tametli
596 608 634 640 de
645 606 851 640 caeremoniis
861 605 1018 638 duntaxat
1027 601 1293 650 digladiabantur
1303 600 1579 648 pseudoapostoli.
1590 615 1668 636 narn
1680 603 1755 635 ideo
1765 605 1977 647 caeremonias
1988 603 2135 651 vrgebat,

295 672 332 696 vt
351 657 486 694 salutem
498 667 678 704 quaererent
696 654 852 689 homines
872 655 906 687 iii
917 650 1147 686 obseruatione
1161 651 1259 697 Legis
1270 663 1278 684 ε
1289 652 1367 697 quia
1385 647 1508 684 scilicet
1525 649 1653 684 cultum
1665 652 1873 684 meritorium
1885 649 1945 686 else
1957 651 2139 700 fingebant.

293 719 397 758 quate
408 720 478 741 non
486 707 610 753 Legem
623 703 783 738 moralem
794 701 859 736 illis
871 702 1016 749 opponit
1026 698 1211 734 Pauluszsed
1222 697 1323 732 solam
1334 698 1458 733 Christi
1467 700 1618 745 gratiam.
1638 699 1758 745 Neque
1767 709 1878 733 tamen
1888 697 1991 734 inista
2004 704 2139 736 vniuer-

296 757 353 794 sali
364 753 603 803 disceptatione
614 764 684 787 tota
695 749 838 800 Epistola
853 747 1206 785 coni'umitur:tande1n
1216 750 1306 781 enim
1316 748 1356 780 ad
1367 748 1579 781 caeremonias
1590 746 1763 795 speciatim
1773 744 1978 782 descedit.sed
1991 752 2069 795 quia
2080 751 2137 786 hic

295 808 482 856 praecipuus
492 813 558 837 erat
578 802 685 837 nodus
695 824 705 837 ,
717 802 836 834 Vtrum
846 797 1002 847 operibus
1012 810 1054 831 an
1066 795 1127 830 fide
1137 796 1259 830 iustitia
1269 794 1366 830 nobis
1378 797 1600 841 contingeret,
1619 798 1654 830 in
1665 798 1781 843 primis
1793 795 1938 842 expediti
1948 798 2136 844 oportebat,

336 857 472 889 uoniam
484 852 584 886 hodie
596 848 737 897 Papistas
750 847 835 882 male
849 846 946 881 habet
958 844 979 880 si
990 854 1246 892 extorqueamus
1256 843 1324 879 sola
1335 843 1397 878 fide
1408 843 1574 878 iustificari
1584 845 1753 881 homines,
1766 845 1930 891 grauatim
1945 850 2137 882 concedunt

295 901 354 938 sub
366 901 522 950 operibus
533 897 783 947 Legis‚irioralia
793 892 1147 943 comprehendi.multi
1158 895 1256 928 etiam
1268 904 1384 927 eorum
1397 889 1499 940 glossa
1509 892 1845 939 Hieronymiobietsta
1855 918 1866 933 ,
1877 891 1964 927 belle:
1973 891 2003 928 se
2014 894 2135 930 defun-

295 954 369 988 etos
382 948 564 999 putant:sed
578 958 752 984 contextus
763 947 894 979 euincet
903 945 942 978 de
952 944 1039 990 Lege
1049 955 1186 989 quoque
1198 941 1316 976 morali
1329 940 1398 975 fieti
1411 940 1518 975 verba.
1654 976 1656 978 ,
1709 962 1729 982 2..
1832 967 1835 969 Α
1862 976 1864 978 v

342 1002 378 1033 16
427 999 511 1046 Qtfi
513 1009 568 1047 per
573 996 692 1044 fidem.)
705 995 789 1029 Non
799 991 960 1040 significat
969 991 1100 1026 tantum
1111 992 1322 1025 caeremonias
1332 989 1388 1024 aut
1398 991 1524 1036 quaeiiis
1531 1000 1631 1036 opera
1640 1002 1712 1024 non
1722 985 1943 1031 sufficeremisi
1952 991 2082 1025 accedat
2094 990 2134 1027 fi·-

291 1049 344 1083 dei
356 1046 599 1082 adminiculum
611 1058 619 1079 :
629 1043 679 1078 sed
691 1040 914 1091 propositioni
925 1041 1086 1088 negatiuae
1105 1038 1302 1074 exclusiuam
1314 1040 1460 1086 opponit
1471 1051 1479 1071 :
1491 1037 1552 1072 acsi
1561 1038 1682 1072 diecret
1691 1063 1701 1076 ,
1712 1052 1782 1073 non
1794 1038 1950 1087 operibus
1963 1065 1974 1080 ‚
1995 1037 2049 1074 sed
2063 1039 2133 1076 sola

291 1095 418 1132 Christi
431 1095 502 1130 fide.
515 1094 657 1140 Alioqui
668 1095 780 1139 inepta
791 1087 864 1124 effer
875 1101 974 1136 atquc
985 1087 1025 1123 ab
1036 1088 1188 1122 instituto
1199 1099 1350 1121 extranea
1361 1086 1611 1121 sententia.nam
1623 1085 1891 1135 pseudoapostoli
1899 1101 1969 1126 non
1980 1090 2134 1136 repudia-

290 1144 372 1181 bant
383 1145 553 1180 Christum
566 1154 674 1189 neque
685 1139 784 1174 fidem
794 1152 802 1172 ·.
814 1136 865 1172 sed
874 1136 1086 1186 'postulabant
1102 1137 1320 1171 caeremonias
1328 1137 1502 1182 coniungi.
1528 1136 1561 1168 Si
1571 1133 1734 1170 eiusmodi
1753 1138 2035 1171 coniunctionem
2045 1150 2135 1172 recem

316 1193 384 1230 isset
393 1192 513 1227 Paulus
524 1215 533 1229 ,
547 1194 610 1224 iam
625 1189 743 1237 plenus
754 1185 928 1222 consensus
942 1182 1048 1220 fuiss'et
1060 1187 1144 1218 inter
1155 1197 1221 1230 eos.
1235 1183 1347 1217 frustra
1357 1185 1458 1231 igitur
1471 1182 1589 1216 Paulus
1601 1194 1666 1217 tam
1679 1185 1792 1218 odiosa
1802 1188 2052 1223 concertatione
2064 1197 2135 1220 tur-

287 1241 387 1278 bass'et
397 1239 582 1277 Ecclesiam.
593 1241 728 1273 Maneat
739 1238 840 1284 igitur
851 1234 934 1270 illud
946 1231 1238 1269 constitutumzhic
1249 1231 1514 1280 propositionem
1526 1229 1585 1265 effe
1595 1231 1882 1269 excliisiuam‚Nos
1892 1247 1963 1268 non
1974 1234 2067 1268 aliter
2079 1237 2133 1269 iu-

290 1289 419 1326 stificari
435 1291 535 1336 quam
547 1286 620 1322 fide:
630 1278 785 1325 aut.Non
797 1283 857 1319 nisi
867 1283 929 1318 fide
942 1281 1108 1317 iustificati
1121 1283 1193 1316 :cui
1205 1279 1264 1315 ista
1272 1279 1478 1328 aequipollet,
1495 1279 1569 1314 Nos
1583 1279 1649 1315 sola
1660 1279 1722 1314 fide
1732 1279 1908 1316 iustificari.
1922 1283 2018 1317 Vnde
2029 1295 2136 1331 appa-

289 1352 339 1374 ret
350 1341 450 1386 quam
463 1336 632 1386 pueriliter
645 1335 744 1369 hodie
756 1335 921 1381 ineptiant
932 1331 1111 1379 Papiste‚de
1121 1330 1270 1365 dictione
1280 1328 1357 1363 Sola
1368 1327 1542 1363 nobiscum
1555 1329 1842 1376 rixando‚perinde
1852 1329 1913 1364 acsi
1925 1331 2033 1364 nostra
2044 1331 2130 1366 ess'et.

289 1389 353 1424 Sed
363 1386 464 1422 Paulo
476 1385 597 1421 scilicet
606 1382 780 1429 theologia
792 1382 992 1428 Papistarum
1003 1383 1119 1427 ignota
1131 1390 1206 1413 etat.
1225 1376 1287 1412 fide
1298 1378 1473 1411 hominem
1486 1375 1652 1411 iustificari
1662 1378 1816 1412 dictitant
1828 1391 1835 1411 :
1861 1390 1988 1426 partem
2001 1380 2132 1415 iustitia:

287 1437 402 1473 locant
414 1438 448 1470 in
459 1432 730 1483 operibus.talem
739 1430 912 1464 dimidiam
923 1429 1082 1463 iustitiam
1093 1425 1254 1462 nesciebat
1263 1425 1364 1460 Paulu
1370 1438 1477 1460 snam
1488 1438 1594 1472 quum
1605 1439 1668 1460 nos
1679 1424 1742 1459 fide
1751 1427 1852 1461 iustos
1863 1424 1923 1461 effe
1933 1428 2041 1465 docet,
2052 1431 2133 1475 quia

288 1484 447 1534 operibus
459 1497 529 1517 nori
542 1481 722 1530 possumus:
737 1491 799 1527 pro
810 1477 956 1513 confesso
968 1475 1067 1511 sumit
1078 1476 1169 1523 quod
1180 1487 1295 1509 vetum
1308 1475 1351 1508 est
1360 1497 1370 1511 ‚
1382 1487 1444 1508 nos
1455 1474 1576 1509 Christi
1587 1475 1713 1508 iustiriae
1724 1488 1793 1508 non
1808 1473 1900 1509 aliter
1910 1473 1970 1510 else
1981 1488 2129 1523 capaces,

288 1536 390 1582 quam
402 1532 424 1567 si
436 1534 576 1580 propriae
588 1528 717 1564 iustitia:
728 1530 846 1575 inopes
856 1524 1020 1574 egenique
1032 1523 1142 1558 simus.
1165 1526 1251 1571 Ergo
1263 1534 1319 1557 aut
1330 1522 1415 1557 nihil
1427 1533 1482 1557 aut
1493 1534 1604 1556 totum
1616 1521 1750 1557 adscribi
1762 1522 1857 1557 debet
1869 1522 1945 1557 fidei
1954 1524 2005 1558 vel
2018 1527 2131 1572 operi-

286 1581 401 1619 bus.de
410 1579 576 1615 vocabulo
586 1575 879 1613 Iustificationis‚&
895 1573 1036 1621 qualiter
1045 1575 1114 1607 eius
1126 1571 1218 1607 causa
1228 1571 1264 1607 lit
1275 1571 1352 1606 fides
1362 1595 1372 1609 2
1383 1571 1494 1618 postea
1504 1571 1680 1606 videbitur.
1724 1572 1804 1605 Non
1814 1571 2026 1619 iustificabitur
2034 1576 2131 1610 omnis

288 1645 368 1666 caro.
380 1626 632 1664 Conscientiam
644 1627 729 1660 Petri
743 1628 775 1659 &
787 1623 931 1658 aliorum
942 1623 1032 1670 prius
1043 1622 1156 1657 testem
1167 1622 1333 1655 citauerat.
1346 1631 1437 1654 nunc
1449 1622 1553 1667 magis
1563 1619 1753 1660 confirmat,
1763 1621 2072 1668 ptonuiitiandovita
2083 1620 2130 1655 es-

287 1678 397 1715 scthoc
407 1677 648 1715 est‚Neminem
661 1671 854 1708 mortalium
865 1670 1021 1719 operibus
1033 1671 1131 1718 Legis
1142 1669 1338 1718 adepturum
1347 1668 1516 1702 iustitiam.
1556 1669 1633 1702 Hoc
1642 1667 1899 1704 fundamentum
1917 1670 1961 1704 est
1980 1672 2129 1716 gratuitae

286 1730 430 1766 iustitiae,
442 1739 548 1772 quum
560 1721 826 1774 propria‘iustitia
835 1721 1009 1756 nudamur.
1020 1719 1123 1753 Pottb
1134 1730 1328 1765 quenquam
1341 1715 1535 1761 mortalium
1545 1715 1710 1762 iustificari
1723 1729 1859 1764 negans,
1870 1720 2066 1757 tantundem
2076 1717 2128 1753 su-

284 1774 425 1815 mit,acs1
435 1775 557 1809 diceret
568 1773 697 1809 excludi
707 1771 848 1805 cunctos
859 1767 1016 1805 mortales
1025 1769 1045 1802 a
1053 1768 1176 1802 iustitia
1186 1768 1360 1814 Legis‚nec
1369 1764 1439 1800 fieri
1455 1763 1544 1813 poise
1554 1776 1589 1801 vt
1600 1768 1676 1813 quis
1684 1766 1724 1800 ad
1734 1778 1806 1800 eam
1817 1769 2000 1814 perueniat.

341 1887 382 1925 17
438 1871 577 1928 Porrbfi
584 1879 776 1925 quarentes
788 1866 965 1923 iustificari
976 1869 1018 1908 in
1029 1864 1171 1919 christo,
1177 1868 1317 1907 inuenti
1315 1863 1440 1920 summ
1450 1862 1513 1921 ipfi
1519 1877 1654 1921 queque
1660 1868 1862 1920 peccatores:
1875 1877 1960 1920 ergo
1971 1863 2127 1919 chrislus

280 1935 408 1990 peccati
417 1929 575 1984 minister
583 1927 646 1980 est?
655 1924 751 1979 absit.
1710 1961 1713 1963 -
1722 1969 1725 1976 k
1843 1957 1846 1959 Α
1993 1937 1996 1939 Α

340 1990 378 2027 18
437 1995 537 2027 Nam·
536 1986 570 2040 Ji
576 1998 646 2038 quae
654 1982 820 2035 destruxi,
827 1981 892 2022 haec
899 1979 1034 2035 rursiam
1044 1979 1470 2036 adfico‚praeuaricatorem
1481 1974 1642 2033 meipfhm
1652 1976 1822 2033 constitua.

336 2059 374 2093 19
432 2051 505 2099 Ego
515 2047 609 2082 em'm
616 2051 680 2094 per
692 2047 823 2095 Legem
838 2042 927 2094 Legi
937 2034 1232 2089 mortuusfiam,vt
1242 2042 1314 2073 Deo
1323 2040 1503 2076 viuerem:
1513 2049 1590 2074 cum
1602 2033 1733 2087 Christo
1733 2034 1814 2088 fiam
1829 2030 1921 2075 c'ruci
1945 2028 2022 2075 im.

335 2116 382 2140 20
440 2107 531 2139 Viuo
548 2109 664 2138 autem
675 2110 746 2135 non
757 2096 903 2150 amplius
914 2090 1053 2150 egofid
1063 2098 1160 2133 viuit
1167 2096 1206 2133 in
1223 2105 1277 2131 me
1287 2091 1438 2146 Christus
1451 2108 1458 2130 :
1473 2091 1571 2147 quod
1576 2101 1694 2131 autem
1706 2106 1802 2132 nunc
1813 2095 1902 2131 vino
1910 2097 1950 2133 in
1960 2105 2076 2139 carne,
2085 2095 2125 2133 in

276 2160 346 2219 fide
358 2162 446 2198 viuo
459 2155 538 2210 Ρέίῇ
552 2159 629 2198 Dei,
638 2157 701 2208 qui
711 2153 842 2194 dilexit
851 2152 963 2198 mes&
973 2149 1125 2190 tradidit
1125 2145 1277 2205 seipfiaem
1281 2159 1345 2203 pro
1354 2164 1418 2188 me.

278 2230 280 2232 ·
335 2229 375 2255 21
432 2220 523 2263 Koa
533 2210 652 2252 abiicio
661 2214 820 2265 gratiam
833 2213 911 2249 Dei.
921 2208 951 2262 fi
959 2212 1053 2247 enim
1058 2219 1122 2262 per
1133 2213 1267 2262 Legem
1276 2205 1409 2260 iustitia
1421 2223 1434 2245 .·
1446 2219 1528 2260 ergo
1540 2203 1697 2257 Christus
1705 2206 1819 2260 grani·
1829 2215 1982 2244 mortuus
1992 2205 2048 2260 est,

327 2315 364 2350 17
416 2303 449 2336 Si
459 2300 646 2347 quarentes.)
663 2299 765 2333 Redit
777 2310 867 2333 nunc
879 2298 918 2332 ad
929 2296 1193 2343 Galatas‚nequis
1204 2295 1289 2330 hanc
1300 2292 1459 2330 sententia
1467 2305 1709 2329 contexatcum
1721 2289 1753 2328 su
1757 2292 1953 2341 periorigacfi
1964 2307 2036 2342 pars
2049 2293 2124 2330 efflet

279 2354 444 2389 orationis
455 2351 496 2385 ad
505 2352 638 2384 Petrum
650 2346 778 2381 habitae.
790 2345 948 2394 quorsum
960 2348 1050 2380 enim
1065 2344 1116 2379 his
1128 2343 1233 2380 fuisset
1243 2356 1328 2390 opus
1348 2344 1388 2377 ad
1400 2344 1554 2377 Petrum?
1574 2342 1638 2377 Etsi
1649 2343 1714 2377 hoc
1723 2341 1809 2377 nibil
1828 2343 1867 2377 ad
1876 2354 1944 2376 tem
1957 2342 2009 2377 vel
2020 2346 2123 2378 mini-

281 2398 468 2439 mum‚ideo
481 2398 580 2446 eligat
590 2394 729 2443 quisque
740 2407 850 2430 vtrum
864 2393 962 2428 volet.
985 2392 1086 2428 Potrb
1099 2394 1234 2440 quidam
1244 2389 1442 2426 affirmatiue
1454 2390 1570 2439 legunt
1581 2414 1592 2428 ‚
1604 2393 1690 2426 inter
1701 2403 1785 2437 quos
1798 2391 1841 2425 est
1851 2390 2119 2434 Chrysostomus:

280 2450 444 2496 huncque*
452 2448 578 2485 faciunt
588 2442 678 2480 sensu
684 2445 765 2487 m‚Si
777 2454 958 2490 quaetentes
968 2441 1135 2477 iustificati
1144 2444 1180 2477 in
1193 2440 1456 2478 Christomo'ndii
1467 2439 1564 2487 plene
1578 2440 1651 2476 iusti
1665 2436 1844 2476 sumus‚sed
1853 2440 1961 2476 adhuc
1969 2443 2123 2475 immun·

281 2500 441 2545 dimeque
451 2493 570 2531 sufficit
581 2491 678 2528 nobis
691 2492 842 2526 Christus
850 2492 889 2525 ad
900 2491 1068 2525 iustitiam:
1081 2488 1227 2537 sequitur
1245 2488 1415 2523 Christum
1428 2488 1615 2522 ministrum
1628 2487 1697 2523 esse‘
1706 2488 1866 2524 doctrinae
1875 2501 1948 2534 quae
1958 2490 1993 2523 in
2005 2501 2124 2536 pecca-

282 2559 320 2581 to
334 2546 489 2580 homines
501 2542 669 2589 relinquit.
683 2539 771 2587 qua-si
781 2540 847 2575 hoc
857 2534 1580 2587 absurdo·proposito‚blasphemiae·insimulet
1589 2535 1710 2572 Paulus
1719 2548 1776 2575 eos
1791 2538 1850 2583 qui
1860 2545 1987 2584 partem
1997 2538 2121 2581 iustitie

283 2596 365 2642 Legi
377 2593 540 2628 tribuunt.
550 2591 610 2626 Sed
621 2592 701 2636 quia
713 2602 791 2623 mox
801 2587 945 2635 sequitur
955 2600 1018 2621 vox
1029 2585 1275 2626 abominantis,
1295 2583 1529 2632 quam'Paulus
1546 2582 1708 2632 nusquam
1729 2583 1790 2622 nisi
1800 2585 2122 2633 interrogationibus

281 2642 441 2679 subiicere
451 2640 542 2675 solet:
555 2641 658 2685 magis
671 2638 736 2672 hoc
750 2638 877 2671 dictum
887 2634 1027 2670 arbitror
1037 2635 1076 2669 ad
1085 2635 1322 2670 remouendam
1332 2632 1561 2669 absurditatem
1571 2632 1823 2680 quae.videbatur
1833 2631 2000 2680 consequi.
2022 2633 2123 2669 More

283 2691 385 2741 igitur
394 2690 452 2724 suo
463 2687 698 2734 interrogando
711 2683 956 2733 occupat‚quasi
966 2681 1225 2719 aduersariorum
1236 2680 1389 2731 persona:
1402 2682 1522 2720 Sihoc.
1533 2684 1656 2730 inquit,
1665 2680 1889 2718 affertiustitia
1899 2680 1994 2722 fidei,
2009 2692 2122 2722 vtnos

280 2743 381 2775 etiam
392 2739 502 2775 Iudaei,
517 2738 575 2783 qui
586 2735 626 2770 ab
636 2747 729 2768 vtero
740 2731 933 2769 sanctificati
944 2731 1055 2768 sumus
1065 2734 1129 2770 ‚rei
1139 2730 1327 2766 censeamur
1339 2735 1373 2765 Sc
1385 2729 1508 2778 polluti
1520 2728 1728 2765 :dicemusne
1745 2728 1915 2764 Christum
1925 2732 2052 2777 peccati
2061 2743 2121 2764 au·-

279 2789 412 2824 thotem
425 2783 498 2826 effe,
508 2794 622 2832 vtpote
633 2785 690 2829 qui
703 2785 814 2830 vigete
831 2781 927 2816 faciat
936 2783 1062 2828 peccati
1073 2782 1257 2829 potentiam
1279 2782 1314 2814 in
1326 2776 1401 2814 suis.
1427 2779 1506 2814 Inde
1518 2778 1684 2814 oriebatur
1693 2779 1761 2813 haec
1771 2777 1934 2815 dubitatio
1946 2803 1956 2816 ‚
1967 2777 2120 2824 qubddi-

273 2842 368 2874 ‘xerat
378 2835 502 2870 Iudaeos
514 2835 549 2867 in
561 2831 732 2866 Christum
743 2830 905 2865 credendo
915 2853 926 2868 ‚
940 2828 970 2863 se
978 2829 1128 2865 abdicate
1141 2829 1238 2876 Legis
1249 2828 1370 2862 iustitia
1381 2841 1388 2862 z
1400 2840 1478 2862 nam
1489 2838 1621 2862 remoto
1632 2827 1766 2862 Christo
1777 2850 1787 2864 ‚
1799 2827 1898 2862 Iudaei
1909 2827 1927 2861 a
1940 2830 2120 2862 communi

281 2886 443 2921 Gentium
456 2880 646 2930 pollutione
656 2878 811 2926 segregati
823 2902 833 2916 ‚
851 2880 897 2912 ita
906 2878 1062 2924 videntur
1076 2876 1140 2912 effe
1149 2876 1403 2924 quodammodo
1423 2879 1567 2923 exempti
1581 2887 1726 2910 numero.
1765 2885 1963 2915 eccasstotum.
1994 2875 2120 2911 Christi

279 2926 384 2984 gratia
393 2941 498 2978 aequat
510 2929 585 2963 illos
597 2928 770 2962 Gentibus:
784 2930 817 2961 δι’.
829 2927 1014 2962 remedium
1025 2926 1116 2972 quod
1127 2926 1170 2960 est
1180 2923 1324 2971 Vtrisque
1335 2935 1519 2958 commune
1528 2947 1537 2960 ‚
1550 2923 1708 2970 :equalem
1721 2887 1780 2957 esse
1792 2922 1948 2967 morbum
1964 2924 2119 2965 ostendit.

278 2984 357 3019 Huc
369 2980 445 3016 facit
461 2976 619 3028 particula
629 2987 756 3021 qnoque.
766 2975 841 3009 Nos
852 2977 951 3009 etiam
959 2973 1231 3022 ipsi,inquit‚noti
1240 2973 1279 3006 de
1288 2970 1489 3019 quibussibet
1499 2972 1682 3017 loquimur,
1694 2970 1743 3005 sed
1754 2971 1793 3005 de
1812 2973 1952 3009 eximiis,
1960 2971 2073 3018 quales
2084 2985 2119 3006 e-

281 3040 355 3068 rant
366 3029 475 3063 ludaei.
513 3024 635 3072 QAbsit.
654 3023 777 3058 Merito
789 3021 872 3058 illud
882 3024 998 3058 reiicit.
1021 3036 1130 3069 neque
1141 3023 1231 3059 enim
1245 3020 1393 3056 Christus
1405 3031 1577 3068 peccatum
1588 3020 1771 3065 detegendo
1783 3020 1874 3065 quod
1886 3018 2006 3055 latebat
2016 3043 2025 3059 ‚
2036 3033 2115 3067 pec-

238 3104 241 3106 >
281 3081 346 3114 cati
359 3076 506 3112 minister
515 3075 568 3108 est:
580 3070 668 3120 quasi
678 3073 844 3106 exinanita
853 3071 987 3107 iustitia,
1001 3067 1138 3118 peccato
1148 3071 1271 3118 aperiat
1282 3071 1415 3103 ianuam
1428 3080 1555 3115 :neque
1564 3070 1662 3102 ctiam
1672 3066 1761 3113 quasi
1773 3066 1912 3102 stabiliat
1924 3069 2030 3115 regni}
2040 3081 2118 3116 pec-

280 3126 444 3169 cati2H0c
458 3121 588 3159 fallebat
601 3121 723 3155 ludaeos
734 3119 825 3166 quod
838 3117 896 3153 fibi
905 3118 1102 3166 arrogabant
1111 3130 1198 3153 extra
1210 3118 1379 3152 Christum
1393 3115 1540 3163 aliquam
1553 3114 1769 3153 sanctitatem,
1786 3128 1858 3162 quae
1867 3116 2044 3155 nullaerat.
2054 3119 2119 3152 fin-

281 3177 320 3209 de
331 3169 688 3222 quetiinonia‚Etgone
697 3169 789 3202 venit
799 3165 999 3205 Christus,v.t
1011 3168 1166 3201 iustitiam
1179 3168 1275 3212 Legis
1285 3165 1383 3199 nobis
1394 3166 1528 3212 eripiat?
1548 3176 1585 3197 vt
1602 3163 1746 3198 faciatcx
1756 3163 1875 3199 sanetis
1891 3164 2059 3211 pollutos?
2071 3166 2115 3204 xit

280 3236 343 3258 nos
353 3233 489 3269 peccato
501 3223 534 3254 &
546 3220 649 3253 reatui
661 3215 828 3251 subiiciat?
845 3215 955 3262 Negat
965 3214 1085 3249 Paulus
1097 3218 1141 3249 ita
1151 3214 1210 3250 ess'e
1220 3238 1230 3253 ,
1240 3213 1388 3260 adeoque
1399 3213 1484 3247 hanc
1494 3210 1732 3259 blasphemiam
1746 3225 1822 3247 cum
1842 3214 2118 3260 detestationem-

278 3269 386 3319 pellit:
399 3281 506 3315 neque
518 3269 607 3301 enim
619 3262 771 3300 afferebat
781 3263 931 3299 Christus
941 3274 1075 3311 peccatu
1081 3263 1180 3301 m‚sed
1190 3261 1371 3297 reuelabat:
1391 3273 1500 3308 neque
1509 3260 1674 3296 auferebat
1683 3261 1853 3298 iustitiam,
1864 3260 1913 3296 sed
1926 3259 2041 3297 fallam
2049 3260 2115 3299 lan*-

279 3330 358 3353 uam
367 3315 554 3352 detrahebat
567 3315 694 3349 ludaeis.
1444 3324 1447 3328 ·
1972 3319 1974 3321 ’
2004 3344 2008 3348 .
2069 3316 2075 3328 ⁷

328 3367 362 3400 18
417 3365 456 3400 N
457 3378 507 3398 ‚am
511 3365 543 3411 si
550 3375 608 3410 quae
617 3361 785 3409 destruxi.)
827 3359 961 3410 Duplex
971 3357 1015 3395 est
1026 3357 1203 3406 responsio.
1223 3360 1292 3395 haec
1305 3362 1396 3408 prior
1407 3359 1577 3401 indirecta,
1588 3357 1669 3392 dum
1679 3357 1835 3393 admonet
1847 3359 1880 3394 id
1891 3331 2112 3442 ciimdtolttasu‘a

900 3417 906 3421 ’
1932 3439 1935 3442 ,
1982 3418 2024 3443 0.
2040 3412 2112 3444 tina
