2268 3705
551 90 666 137 AD
717 84 1143 139 GALATAS
1194 89 1372 138 CAP·
1422 94 1492 140 11-
1874 111 1927 149 312

61 185 63 188 .
75 166 186 220 potius
195 167 240 200 ita
250 177 312 200 nos
326 160 529 209 acquiescere
539 164 703 196 conuenit
713 164 749 196 in
761 162 850 196 nuda
860 163 924 196 Dei
934 163 1082 199 veritate,
1092 173 1126 197 vt
1136 175 1245 209 neque
1255 163 1536 213 homines,neque
1549 167 1669 216 Angeli
1682 173 1821 208 vniuersi
1831 177 1911 212 inde

73 229 136 253 nos
148 216 352 248 dimoueant.
367 209 523 244 Rudibus
534 221 647 244 tamen
660 215 693 244 ὅ(
706 212 765 256 qui
775 211 912 244 vixdum
925 221 1061 245 tenuem
1071 210 1196 246 habent
1205 212 1338 258 gustum
1350 211 1433 248 san’ae
1442 215 1613 254 doctrinae,
1625 216 1763 266 eamque
1775 225 1910 269 peaorc

76 269 111 300 &
124 261 276 297 medullis
287 259 439 295 nondum
451 261 586 306 penitus
595 258 813 299 imbiberunt,
825 261 878 293 vix
886 257 1068 294 tolerabilis
1078 260 1121 293 est
1131 262 1394 307 tentati0,qunm
1406 264 1545 297 audiunt
1556 268 1740 313 praecipuos
1751 271 1904 307 doctores

72 311 198 349 inter‘se
209 308 363 345 diffidere.
374 307 448 341 Imb
458 306 610 341 robustos
631 320 767 354 quoque
777 307 945 341 interdum
958 307 1109 355 percellit
1120 310 1216 344 Satan
1226 310 1292 343 hoc
1303 309 1445 345 artificio
1454 335 1465 350 ‚
1475 324 1581 358 quum
1593 326 1710 348 corum
1724 323 1907 356 certamina

73 366 108 397 &
122 358 328 394 dissenfioncs
339 355 559 401 obiicir,quos
573 357 716 389 maxime
728 368 831 390 vnum
846 353 964 389 sentire
975 359 1009 390 δι
1022 356 1116 403 loqui
1127 358 1370 392 decueratDici
1380 362 1434 393 vix
1449 361 1555 407 potest
1569 362 1670 407 quam
1684 364 1809 400 multos
1821 379 1904 403 retas

70 411 197 444 dauerit
208 406 247 440 ab
258 405 453 451 Euangeho,
467 405 567 450 qu‘am
581 402 766 438 multorum
780 402 877 438 fidem
889 403 1085 438 concufferit
1097 405 1234 441 infausta
1243 405 1298 440 illa
1310 407 1349 441 de
1359 407 1484 442 Christi
1494 421 1634 457 corpore
1644 411 1852 458 digladiatio:
1863 430 1904 451 eo

70 458 165 504 quod
175 456 335 504 primariae
346 452 556 487 authoritatis
587 454 677 486 viros
687 452 866 486 cernebant
875 452 958 486 adeo
968 452 1133 488 hostiliter
1145 467 1294 503 pugnate
1309 456 1347 489 ‹le
1358 459 1538 502 quaeilione
1549 461 1702 493 maxima.
1714 460 1819 497 rursus
1831 477 1904 500 non

69 506 143 542 leue
154 505 197 538 est
206 501 404 537 stabiliendae
414 499 489 534 fidei
499 499 756 541 adminiculum,
767 501 944 537 doetorum
957 502 1114 538 omnium
1125 501 1309 537 consensus.
1322 505 1408 552 Ergo
1419 508 1582 552 quoniam
1593 506 1651 542 tali
1661 509 1729 542 astu
1739 511 1903 546 molieba-

69 565 124 589 tur
133 554 229 587 Satan
244 548 374 585 cursum
384 549 557 598 Euangelii
567 549 738 596 impedire,
750 549 887 584 obuiam
899 551 945 583 ire
954 549 1063 584 voluit
1073 550 1203 585 Paulus:
1218 564 1296 584 nam
1309 556 1483 600 postquam
1495 558 1658 603 apparuit,
1670 556 1754 592 bene
1763 558 1812 593 illi
1823 572 1902 596 cum

66 599 239 649 Apostolis
250 597 410 633 omnibus
421 600 614 634 conuenire,
625 596 749 632 sublata
763 596 826 632 fuit
836 600 988 645 protinus
999 610 1137 632 remora:
1150 597 1243 635 nulla
1252 600 1396 647 amplius
1407 600 1626 638 alternatione
1637 607 1749 641 iastati
1760 606 1836 642 sunt
1845 613 1902 645 ani

69 653 116 686 mi
127 649 275 686 rudium,
287 660 389 694 quern
399 646 488 692 sequi
498 645 664 681 deberent.
675 647 751 680 Hoc
762 646 806 681 cst
818 649 918 693 igitur
929 647 1022 693 quod
1032 647 1126 685 dicit,
1136 647 1190 682 Ne
1199 648 1365 695 periissent
1374 650 1451 684 ante
1461 649 1584 699 sumpti
1597 652 1737 692 labores,
1751 659 1785 691 ὅ(
1798 659 1900 704 porra,

68 697 134 734 sine
144 695 253 731 frusta
265 708 447 744 pergerem,
457 694 703 729 dubitationem
714 694 805 729 illam
818 694 929 728 firstuli
939 718 949 733 ,
964 707 1037 742 qux
1049 695 1174 730 multos
1183 695 1354 730 turbabat:
1368 697 1498 732 mihine
1509 712 1551 734 an
1562 701 1659 736 Petro
1671 701 1769 741 fidem
1780 705 1901 742 habere

67 745 222 782 deberent
239 758 247 778 ε
259 757 328 779 vno
343 746 433 780 enim
444 740 603 777 consensu
612 741 757 791 amplexi
768 742 879 777 sumus
891 745 983 790 quod
994 742 1120 794 semper
1129 745 1319 779 docueram.
1339 746 1446 791 Qd
1455 746 1478 781 st
1488 748 1587 783 hodie
1599 751 1714 786 multis
1726 764 1795 788 tam
1806 756 1900 790 cordi

8 802 12 803 ⁷
67 792 141 831 essct
153 791 327 828 :edificatio
338 793 438 840 qu'am
448 791 552 826 Paulo
561 790 638 831 fuit,
649 793 775 825 maiore
784 789 1014 828 consentiendi
1025 794 1110 827 inter
1120 791 1149 827 se
1158 805 1235 827 cura
1245 804 1470 842 tangerentur.

115 855 129 888 3
188 840 252 875 Sed
258 853 354 887 neque
364 841 486 882 Tuus.)
535 839 617 874 Alio
627 850 827 888 argumento
838 838 1056 889 probat‚nihil
1067 841 1085 875 a
1095 839 1126 876 se
1135 840 1300 875 diuersum
1311 840 1430 877 sentire
1440 845 1711 892 Apostolosssnam
1724 850 1899 886 adduxerat

23 927 25 929 ,
67 892 107 927 ad
117 904 173 926 eos
183 890 360 925 hominem
371 886 643 928 incircuncisurn‚
653 901 754 936 quem
765 886 940 935 agnoscere
949 888 1027 924 loco
1037 888 1142 931 ffatris
1154 903 1225 925 non
1235 890 1440 926 dubitarunt.
1450 892 1591 928 Causam
1602 896 1692 930 addit
1703 908 1760 933 cur
1772 903 1816 933 n6
1828 898 1901 934 fue-

21 972 25 976 .
64 944 108 976 rit
119 935 338 976 circuncisus:
360 950 436 971 nam
449 935 658 972 Circuncifio
670 949 776 983 quum
787 949 836 971 res
845 938 954 971 media
967 936 1061 975 efflet,
1104 941 1191 973 otuit
1201 939 1252 975 vel
1262 942 1376 975 omitti
1396 940 1446 974 vel
1458 940 1604 991 vsurpari
1636 956 1697 991 pro
1707 945 1900 983 aedificatio-

33 986 39 994 .
65 998 120 1025 ne.
147 986 306 1022 Tenenda
316 987 407 1021 enim
427 984 552 1034 semper
561 985 604 1018 est
616 984 672 1018 illa
689 984 803 1034 regula
822 1007 832 1022 ,
853 987 886 1020 Si
898 987 1015 1020 omnia
1036 998 1082 1022 no
1109 989 1136 1021 is
1154 986 1257 1022 licent
1281 1014 1292 1028 ,
1312 1000 1346 1022 vr
1357 989 1525 1025 videamus
1538 992 1625 1038 quid‘
1635 994 1802 1040 expediat:⁴
1823 997 1898 1031 ide&

26 1026 30 1031 Ι
63 1036 287 1073 Timotheum
298 1035 498 1069 circuncidit
507 1060 518 1074 ,
532 1046 572 1067 ne
582 1032 823 1068 offendiculum
835 1032 977 1069 infirmis
988 1046 1109 1070 crearet
1119 1038 1188 1070 eius
1198 1039 1419 1083 praeputium:
1432 1049 1513 1073 tunc
1524 1042 1616 1074 enim
1625 1041 1742 1088 agebat
1752 1054 1828 1079 cum
1841 1047 1897 1078 in-

62 1083 303 1131 firmis‚quibus
313 1082 427 1119 debuit
439 1094 579 1130 parcere.
606 1084 644 1116 Et
657 1081 798 1116 libenter
808 1084 844 1117 in
853 1084 934 1116 Tito
947 1083 1035 1117 idem
1048 1085 1255 1131 praestitiffet:
1269 1085 1351 1119 adei>
1363 1099 1538 1133 nunquam
1553 1087 1704 1136 fatigatus
1717 1089 1781 1125 fuit
1795 1095 1829 1127 in
1843 1103 1897 1127 to-

14 1131 22 1146 *
63 1133 202 1170 letandis
214 1131 373 1167 infirmis:
394 1128 446 1165 sed
457 1143 522 1166 erar
536 1130 661 1164 diuersa
678 1133 784 1164 ratio:
804 1143 882 1164 nam
893 1130 1133 1169 calumniandae
1160 1135 1229 1167 eius
1240 1134 1398 1168 doctrinae
1409 1135 1574 1171 occasioni
1584 1137 1807 1174 imminebant
1817 1144 1897 1188 qui-
1928 1146 1929 1150 ’

63 1183 138 1217 dam
149 1180 216 1216 falfi
224 1179 354 1220 fratres,
378 1180 557 1226 quistatim
568 1177 691 1213 firmam
708 1176 883 1226 sparsissent
895 1205 905 1220 ,
924 1181 973 1213 En
984 1174 1041 1213 iste
1057 1191 1125 1215 tam
1135 1182 1237 1217 audax
1248 1181 1406 1217 libertatis
1418 1185 1556 1226 vindex,
1581 1198 1688 1234 quum
1700 1189 1735 1221 in
1755 1190 1896 1237 conspe-

66 1233 159 1269 &um
180 1228 421 1278 Apostolorum
440 1231 534 1262 venit
548 1253 559 1268 ,
578 1228 718 1275 deponit
729 1226 806 1262 illos
822 1227 932 1261 viriles
945 1225 1077 1274 spiritus
1092 1253 1102 1266 ,
1125 1233 1160 1264 &
1174 1230 1331 1265 ferociam
1345 1243 1410 1277 qua
1433 1232 1565 1268 inflatus
1601 1234 1644 1268 est
1653 1237 1739 1269 inter
1757 1239 1898 1285 imperia

63 1286 128 1315 tos.
153 1278 454 1325 Qmadmodum
471 1287 584 1310 autem
595 1275 736 1310 infirmis
747 1287 960 1323 attemperare
970 1289 1032 1311 nos
1044 1281 1206 1312 conuenit
1219 1292 1227 1312 ι
1250 1281 1295 1312 ita
1307 1279 1464 1323 malignis
1476 1305 1486 1318 ‚
1500 1286 1534 1316 δε
1548 1284 1605 1329 qui
1618 1283 1690 1317 data
1703 1296 1803 1332 opera
1814 1286 1895 1321 infla

20 1349 49 1365 w.—
63 1329 194 1363 diantur
206 1326 348 1361 libertati
359 1327 475 1360 nostra:
486 1352 495 1365 ‚
514 1324 643 1359 fortiter
652 1323 862 1359 resistendum
875 1325 927 1358 est.
939 1324 1060 1370 Neque
1069 1328 1161 1360 enim
1174 1326 1342 1362 charitatis
1355 1316 1467 1362 officia
1477 1342 1597 1364 nocere
1607 1331 1728 1366 debent
1742 1331 1829 1369 fidei.
1841 1347 1892 1369 er-

63 1388 108 1424 go
118 1376 256 1411 charitas
268 1378 303 1410 in
323 1372 378 1409 vsu
390 1386 500 1408 rerum
518 1370 780 1408 indifferentium
799 1374 928 1423 optima
939 1374 1000 1406 erit
1012 1374 1229 1415 moderatrix,
1252 1374 1274 1409 fi
1286 1375 1390 1410 modo
1402 1374 1529 1426 semper
1540 1381 1668 1428 primus
1677 1379 1835 1419 habeatur
1855 1381 1896 1418 fi<

60 1422 298 1472 deirespeekus.

111 1483 138 1519 4
188 1476 313 1520 Propter
313 1468 534 1516 fitbittgreffos.)
583 1467 717 1516 Duplex
728 1469 835 1516 potest
846 1467 906 1505 effe
915 1466 1033 1507 sensus.
1045 1469 1137 1519 quod
1147 1483 1219 1505 non
1230 1469 1328 1506 fuerit
1338 1472 1631 1511 circuncisusffium
1642 1485 1754 1512 tamen
1767 1481 1810 1513 im
1817 1492 1896 1526 proa-

60 1519 104 1556 be
114 1520 147 1554 id
157 1518 343 1567 flagitarent
355 1510 423 1553 salii
433 1518 557 1555 fratres,
569 1521 604 1552 &
616 1529 734 1565 cogere
744 1530 821 1551 eum
832 1517 1024 1553 vellem-vel
1035 1519 1127 1565 quod
1137 1519 1209 1553 data
1219 1533 1320 1567 opera
1329 1525 1375 1555 no
1386 1523 1585 1557 circuncidit
1596 1537 1673 1558 eum
1684 1526 1898 1574 Paulus,quia

1 1585 4 1587 ¹
58 1568 192 1603 videbat
203 1570 311 1603 stat-im
322 1566 392 1601 fore
401 1579 435 1601 vt
446 1566 495 1601 illi
505 1566 670 1600 traherent
681 1569 717 1599 in
727 1565 944 1600 calumniam.
955 1567 1027 1601 Hac
1038 1569 1128 1601 enim
1140 1567 1180 1603 de
1190 1568 1283 1602 caula
1297 1567 1326 1603 se
1335 1569 1582 1605 infinuauerant
1593 1574 1630 1606 in
1649 1571 1801 1609 sodalitii]
1810 1577 1897 1611 Pau·

57 1616 134 1655 li‚vt
144 1616 338 1651 alterutrum
350 1626 516 1663 captarent
527 1626 565 1648 ex
572 1603 713 1648 duobus:
723 1627 846 1662 nempe
857 1614 879 1649 fi
890 1613 992 1650 libere
1002 1626 1233 1651 contemneret
1245 1621 1468 1657 caeremonias,
1482 1620 1645 1654 inuidiam
1658 1622 1736 1657 inde
1748 1623 1798 1657 illi
1812 1636 1897 1661 con—

56 1665 175 1701 flarent
185 1665 272 1713 apud
281 1664 418 1698 Iudaeos:
430 1662 476 1697 sin
488 1661 565 1696 veto
576 1661 751 1696 abstineret
760 1665 796 1699 in
818 1673 930 1697 toturn
942 1665 960 1698 a
971 1663 1123 1699 libertate
1134 1687 1144 1702 ‚
1157 1667 1311 1711 protinus
1325 1667 1364 1700 de
1373 1667 1435 1702 illo
1446 1669 1692 1715 triumpharent
1703 1672 1790 1718 apud
1801 1674 1896 1708 Gen-

55 1712 208 1760 tes-quast
218 1713 344 1762 pudore
354 1710 510 1746 confusus
519 1708 713 1748 retrastalset
723 1711 814 1747 suam
836 1712 1036 1746 doctrinam.
1055 1714 1121 1746 Hic
1131 1711 1291 1748 fecundus
1303 1713 1410 1749 sensus
1425 1715 1510 1749 mihi
1546 1716 1646 1751 lacet:
1669 1719 1762 1765 quod
1772 1721 1894 1756 Paulus

55 1760 289 1798 animaduersis
300 1762 416 1796 eorum
429 1758 566 1796 insidiis,
577 1758 725 1794 noluerit
742 1761 863 1795 Titum
873 1761 1106 1797 circuncidere.
1115 1762 1209 1799 Dicit
1218 1773 1329 1797 autem
1346 1762 1376 1798 se
1386 1777 1458 1798 non
1468 1729 1559 1799 fuisle
1575 1768 1785 1805 coaetumm
1795 1769 1897 1805 intel-

56 1810 164 1858 ligant
179 1809 317 1845 lestores
330 1807 619 1844 Circuncifionem
628 1820 686 1856 per
695 1805 725 1842 se
733 1821 806 1846 non
816 1810 964 1843 damnari
975 1833 985 1847 ,
998 1808 1060 1844 acsi
1068 1821 1117 1844 res
1130 1809 1217 1846 mala
1227 1810 1312 1846 effer:
1324 1811 1440 1846 verum
1451 1814 1489 1846 de
1500 1812 1765 1863 neceffitateeius
1783 1816 1892 1853 obser.

54 1859 164 1894 uanda
175 1860 327 1906 pugnari.
336 1856 398 1894 acsi
407 1858 539 1894 diceret,
549 1858 682 1891 Paratus
693 1855 822 1892 fuiffem
833 1857 1129 1893 circuncideremisi
1139 1859 1178 1894 de
1186 1871 1220 1895 re
1231 1863 1350 1911 niaiori
1360 1863 1472 1896 aetum
1484 1859 1602 1898 fuisset.
1612 1864 1736 1914 Legem
1747 1869 1836 1901 enim
1848 1870 1898 1902 im

56 1919 182 1958 ponere
190 1906 359 1941 volebant:
370 1907 540 1941 coastioni
552 1905 714 1940 eiusmodi
723 1919 795 1940 non
806 1905 870 1940 fuit
883 1906 1079 1944 cedendum.

103 1965 119 2000 5
167 1954 289 2002 Quibus
298 1968 335 1989 ne
343 1954 387 1989 ad
395 1953 499 1998 horam
507 1953 654 2000 quidem.)
703 1953 784 1988 Haec
792 1955 976 1989 constantia
987 1954 1130 2002 sigillum
1142 1956 1205 1991 fuit
1214 1955 1359 1994 Paulina:
1369 1957 1620 1995 doCHinaemam
1633 1974 1739 2008 quum
1752 1966 1780 1998 ci
1793 1961 1893 1998 insta-

54 2015 129 2038 rent
138 2002 206 2039 falfi
215 2003 338 2044 fratres,
351 2005 407 2050 qui
419 2000 505 2039 nihil
515 2001 606 2037 aliud
614 2001 794 2049 cupiebant
805 2005 907 2050 quam
923 2001 1030 2050 ipsum
1040 2006 1210 2039 criminari
1224 2031 1235 2045 ‚
1248 2009 1282 2040 &
1294 2003 1361 2052 ipse
1371 2007 1534 2054 intrepide
1546 2009 1658 2050 staret,
1676 2013 1710 2045 in
1723 2013 1892 2058 posterum

55 2062 196 2092 omnem
208 2051 453 2086 dubitationem
462 2050 611 2086 tollebat.
622 2051 745 2099 Neque
755 2054 847 2085 enim
860 2050 1043 2086 insimulari
1053 2055 1118 2086 iam
1132 2051 1238 2100 potest
1248 2076 1258 2091 ‚
1267 2054 1363 2101 quod
1372 2054 1554 2101 Apostolos
1564 2056 1726 2092 fefellerit.
1753 2071 1852 2106 negat
1864 2063 1892 2094 i-

37 2115 40 2117 *
55 2103 145 2150 gitur
156 2098 186 2135 se
195 2100 247 2134 vel
257 2101 296 2134 ad
307 2111 519 2135 momentum
532 2097 597 2134 illis
608 2097 725 2136 ceffiffe
761 2112 793 2134 er
804 2097 1056 2135 subit-&ionem
1071 2101 1137 2135 hoc
1149 2102 1204 2140 est,
1215 2104 1249 2136 in
1264 2103 1402 2140 modum
1415 2101 1630 2142 subiectionis,
1645 2119 1652 2139 :
1666 2109 1710 2140 ita
1721 2118 1756 2143 vt
1767 2108 1841 2142 effer
1853 2121 1892 2142 o-

54 2161 117 2197 pus
128 2148 211 2183 illud
221 2148 309 2195 quafi
320 2150 564 2183 documentum
575 2145 729 2196 oppressa:
736 2112 900 2182 libertatis
917 2148 1063 2195 :alioqui
1075 2149 1325 2186 mansuetudine
1337 2154 1369 2184 &
1384 2151 1560 2189 tolerantia
1571 2152 1697 2202 semper
1706 2157 1745 2189 ad
1757 2158 1830 2190 vitae
1840 2156 1894 2190 vs-·

55 2210 121 2243 que
131 2195 230 2231 finem
244 2197 403 2232 omnibus
413 2197 524 2231 cedere
533 2207 663 2243 paratus
675 2195 748 2230 fuit.
769 2198 817 2229 Vt
826 2208 945 2230 vernas
956 2198 1123 2246 euangelii.
1161 2198 1246 2233 Non
1256 2210 1322 2232 erat
1334 2199 1520 2251 periculum
1534 2215 1574 2234 ne
1584 2200 1733 2237 libertate
1743 2202 1797 2238 sua
1808 2207 1894 2239 Pau-

55 2244 107 2279 lus
118 2243 328 2292 spoliaretur,
349 2247 447 2280 etiam
460 2244 533 2279 aliis
548 2242 577 2278 se
597 2243 818 2280 subiiciendo:
846 2244 896 2278 sed
911 2244 983 2279 aliis
1001 2245 1163 2285 nocuisset
1173 2246 1375 2295 exemplum.
1395 2249 1572 2296 prudenter
1582 2263 1660 2298 ergo
1669 2251 1891 2288 considerauit

52 2295 137 2339 quid
148 2295 320 2341 expediret.
333 2287 380 2327 lta
387 2295 539 2328 videmus
552 2297 584 2327 δὲ
598 2305 760 2339 quatenus
770 2294 903 2327 vitanda
915 2293 975 2328 sint
987 2293 1144 2333 scandala,
1160 2297 1286 2345 ‹Sc‘quid
1297 2294 1424 2342 semper
1438 2299 1473 2330 in
1484 2297 1579 2332 rebus
1592 2300 1708 2334 mediis
1720 2300 1758 2334 fit
1769 2299 1894 2348 specta-

57 2343 149 2377 dum:
160 2355 279 2390 nempe
288 2341 470 2377 aedificatio.
492 2342 629 2375 Summa
641 2341 695 2379 est,
712 2354 775 2379 nos
784 2340 920 2375 fratrum
931 2341 990 2376 effe
1000 2342 1110 2378 seruos
1123 2343 1241 2378 :sedin
1254 2344 1345 2379 hunc
1358 2343 1457 2379 finem
1472 2368 1482 2382 ‚
1493 2358 1527 2379 vt
1539 2346 1634 2381 fimul
1646 2361 1763 2383 omnes
1774 2349 1896 2384 seruia-

56 2402 131 2424 mus
141 2392 345 2428 Domino‚&
356 2390 566 2426 conscientiis
577 2388 662 2423 salua
672 2401 803 2424 maneat
814 2388 868 2424 sua
876 2389 1104 2427 libertas.narn'
1113 2393 1191 2439 quia
1199 2391 1357 2428 volebant
1368 2391 1434 2427 falli
1447 2391 1557 2428 fratres
1569 2398 1604 2430 in
1621 2395 1813 2432 seruitutem
1824 2399 1896 2432 adi-

55 2450 131 2489 gere
141 2441 227 2486 pios,
240 2452 310 2473 non
323 2438 384 2473 fuit
395 2437 462 2473 illis
473 2451 544 2472 mos
557 2439 728 2485 gerendus.
740 2440 866 2475 Veritas
877 2438 1051 2489 Euangelii
1059 2442 1251 2490 accipienda
1260 2453 1321 2489 pro
1332 2443 1480 2488 genuina
1492 2445 1561 2478 eius
1574 2447 1725 2491 puritate:
1738 2445 1790 2480 vel
1802 2447 1896 2494 quod

54 2487 144 2521 idem
155 2485 211 2525 est,
225 2499 284 2535 pro
297 2499 377 2535 pura
388 2488 562 2533 &integra
574 2488 643 2520 eius
653 2487 815 2524 doeh-ina.
829 2500 938 2534 neque
948 2490 1038 2521 enim
1049 2491 1181 2539 penitus
1192 2490 1413 2536 Euangelium
1428 2489 1606 2526 abolebant
1615 2492 1895 2543 pseudoapostoli,

55 2534 108 2570 sed
116 2534 343 2571 adulterabant
360 2534 424 2570 suis
436 2537 650 2573 commentis:
666 2537 710 2569 ita
724 2546 758 2569 vt
770 2538 836 2570 iam
848 2534 965 2571 fictum
977 2535 1037 2570 effe
1050 2536 1213 2585 inciperet-⁸
1223 2542 1257 2572 δ(
1272 2538 1454 2584 laruarum:
1476 2540 1573 2585 quale
1583 2541 1707 2589 semper
1718 2544 1761 2577 est
1772 2543 1828 2577 vbi
1840 2544 1895 2578 vel

54 2581 231 2631 paululum
242 2586 259 2619 ἓι
270 2585 394 2619 Christi
403 2582 612 2631 simplicitate
621 2583 838 2619 defleekimus.
867 2586 946 2631 Q
957 2587 1060 2633 igitur
1069 2584 1179 2622 fronte
1190 2599 1304 2621 verum
1319 2586 1348 2620 se
1360 2588 1449 2621 Euan
1456 2588 1580 2634 gelium
1595 2589 1712 2624 habere
1723 2591 1896 2630 iactabant

53 2632 188 2679 Papistae
199 2632 313 2679 ?quod
325 2646 395 2667 non
405 2632 535 2668 tantum
547 2631 661 2666 multis
674 2631 843 2679 figmentis
854 2634 898 2667 est
907 2642 1123 2681 corruptum:
1137 2634 1186 2668 sed
1200 2633 1314 2673 multis
1327 2638 1439 2683 impiis
1449 2639 1662 2684 dogmatibus
1673 2638 1850 2687 plusquam
1861 2653 1897 2674 a-

54 2680 256 2716 dulteratum
265 2685 281 2713 ,Ρ
301 2683 558 2716 Meminerimus
568 2692 646 2730 ergo
657 2694 728 2714 non
750 2678 823 2715 satis
838 2677 898 2717 else
924 2689 1035 2716 tenere
1046 2695 1174 2717 nornen
1187 2682 1377 2731 Euangelii,
1392 2687 1426 2718 &
1438 2686 1708 2733 qualemcunque
1719 2686 1897 2728 summam,

54 2727 116 2761 nisi
126 2725 226 2767 solida
247 2732 345 2764 etiam
378 2732 501 2776 puritas
522 2740 653 2763 maneat
676 2728 812 2763 illibata.
839 2729 905 2764 Vbi
915 2728 991 2764 sunt
1010 2733 1069 2777 qui
1078 2730 1195 2766 fucatis
1215 2732 1502 2768 moderationibus
1523 2734 1702 2770 conciliare
1715 2749 1775 2771 nos
1798 2738 1863 2784 Pap
1869 2740 1898 2771 i-

56 2774 111 2809 stis
132 2776 269 2816 volunt,
289 2777 378 2825 quasi
389 2777 434 2812 fas
456 2777 492 2811 sit
505 2789 541 2810 ex
554 2776 727 2824 religionis
738 2777 891 2812 doctrina
913 2802 922 2816 ‚
945 2777 1038 2813 sicuti
1053 2793 1090 2813 ex
1102 2782 1243 2828 pecunia
1262 2781 1314 2815 vel
1327 2781 1453 2828 praediis
1464 2806 1473 2819 ‚
1496 2782 1625 2829 aliquid
1636 2785 1806 2819 decidere?
1836 2787 1896 2819 Vi·-

55 2823 171 2904 defnus
181 2837 343 2872 quantuni
355 2827 394 2863 ab
424 2826 490 2860 hoc
499 2838 618 2873 genere
629 2824 861 2864 transactionis
875 2826 1085 2864 abhorruerit
1093 2829 1213 2864 Paulus
1230 2852 1240 2866 ‚
1261 2831 1321 2876 qui
1331 2840 1429 2876 negat
1440 2842 1554 2866 verum
1567 2829 1628 2867 effe
1648 2832 1870 2880 Euangelium
1882 2855 1894 2871 ,

0 2917 3 2920 .
56 2883 93 2906 m
107 2883 255 2919 ipurum.

119 2956 140 2990 6
195 2952 247 2994 Ab
264 2957 308 2996 iis
329 2966 442 2995 autem
462 2959 522 3012 qui
541 2954 753 2995 videbantur
779 2955 919 3012 aliquid
935 2957 997 3012 effi
1013 2961 1032 3006 (
1043 2957 1164 3013 quales
1183 2957 1372 3013 aliquando
1385 2959 1520 3013 fhert'nt
1536 2990 1546 3007 ,
1570 2959 1664 3000 m'hil
1678 2975 1755 3002 mea
1776 2959 1884 3016 refert.
1904 2992 2014 3019 Deumo
2036 2988 2053 3021 d
2065 3001 2095 3028 ¹7

51 3005 228 3065 personam
237 3009 384 3052 hominu
393 3019 488 3051 Deus
496 3027 567 3051 non
576 3014 718 3066 accipit)
747 3024 834 3060 nam*
841 3011 932 3054 mihi
941 3017 1001 3067 qui
1007 3011 1220 3054 videbantur
1225 3014 1286 3070 effe
1296 3019 1336 3055 in
1339 3019 1462 3070 pretio,
1474 3016 1569 3057 nihil
1575 3017 1796 3056 contulerunt.
1901 3038 1925 3056 2.
1925 3038 1997 3067 para.
2008 3013 2104 3067 1'9.i›.7:

109 3075 137 3114 7
195 3065 265 3105 lmb
273 3066 503 3122 contrAEquum
515 3067 684 3123 vidissent
689 3065 780 3106 mihi
788 3068 1115 3124 concreditumfuiffi·
1123 3076 1153 3109 E
1154 3070 1348 3126 nangelt'um
1355 3075 1518 3128 praeputii,
1523 3071 1812 3128 quemadmodum
1820 3081 1883 3112 Pe·
1903 3069 1999 3104 ‘⁰b‘34·
2016 3072 2038 3099 ὓ·
2063 3084 2104 3103 ¹⁹·

53 3129 108 3160 tro
119 3121 313 3177 Circumtfio
317 3126 383 3162 nis.

1896 3108 2102 3146 sap.6.b.8.etrle.

1901 3148 2106 3184 35.b.16.-45}.10

112 3185 136 3216 8
194 3180 307 3222 (Nam
323 3181 383 3232 qui
402 3176 606 3235 efficaxfust
625 3185 665 3221 in
688 3188 785 3220 Petro
803 3178 855 3217 ad
861 3181 1088 3236 Apostolatum
1102 3181 1362 3238 circuncisionis
1380 3214 1391 3231 ‚
1410 3180 1607 3239 efficaxfuit
1625 3182 1665 3229 ά·
1683 3185 1722 3221 in
1737 3197 1794 3224 me
1808 3199 1885 3243 erga
1904 3198 2033 3223 e.34.r0m.
2053 3192 2105 3220 ab·

58 3233 204 3280 Gentes)

1861 3245 1868 3254 1
1907 3228 2066 3265 iimpbefish.
2077 3238 2105 3260 9.

1903 3265 2106 3311 col.3.d.25.1,f12'.

116 3302 139 3336 9
194 3285 383 3343 Qtimque
399 3292 618 3346 cognouiffent
620 3294 771 3347 gratiam
796 3289 885 3330 mihi
896 3292 1014 3332 datam
1025 3291 1159 3333 lacobus
1169 3292 1213 3340 ὀ·-
1221 3293 1353 3348 cephas
1365 3295 1407 3341 (ῤ’
1419 3303 1563 3333 loannes
1574 3322 1583 3337 ‚
1605 3297 1666 3349 qui
1678 3294 1890 3337 videbantur
1902 3314 2021 3346 ‘mx-¹7·

56 3342 212 3384 columna
222 3342 297 3399 effe,
306 3343 448 3386 dextras
457 3346 625 3388 dederunt
631 3346 721 3389 mihi
733 3363 772 3387 ac
781 3346 955 3399 Barnabae,
962 3345 1141 3404 fhcietatis:
1155 3360 1200 3390 vt
1206 3364 1269 3393 ,nos
1279 3353 1371 3389 inter
1385 3357 1521 3395 Gentes,
1530 3350 1590 3407 ipfi
1597 3349 1680 3390 ven>
1693 3354 1731 3390 in
1740 3355 1884 3408 ciram-¹
