2268 3705
523 129 637 176 AD
684 127 1134 175 EPHizsios
1185 130 1361 177 CAP·
1409 134 1503 179 v1÷
1720 111 1732 121 ”
1845 144 1901 195 3⁸3

133 220 147 244 1
191 209 267 243 Filii
277 200 416 246 obedite.)
466 202 617 236 Honoris
636 213 763 236 nomen
772 199 870 234 latius
885 210 973 247 patet
983 223 994 238 ‚
1005 202 1107 248 quam
1117 200 1339 237 Obedientiae.
1360 204 1432 239 Cur
1441 218 1520 253 ergo
1529 219 1633 254 genus
1642 212 1681 247 ad
1691 211 1829 262 speciem
1849 231 1901 253 te-

79 258 234 305 stringit?
246 266 364 301 nempe
374 253 453 298 quia
463 249 650 284 obedientia
661 249 891 283 testimonium
912 249 956 283 cst
967 251 1036 283 eius
1047 249 1188 284 honoris
1198 263 1299 297 quem
1309 251 1429 288 debent
1440 252 1501 288 filii
1513 260 1722 303 parentibus:
1740 265 1816 299 ideo
1827 280 1901 302 eam

80 304 289 358 potissimiim
299 303 411 347 exigit,
421 299 538 333 deinde
549 300 584 332 in
595 310 630 332 ea
639 298 816 346 praestanda
827 296 902 344 plus
913 297 957 330 est
967 296 1180 333 difficultatis.
1191 301 1211 332 F
1214 302 1286 346 ugit
1296 303 1387 334 enim
1398 300 1638 340 subiectionem
1651 309 1835 347 humanum
1847 317 1902 350 in-

84 358 237 394 ocnium,
248 356 280 386 &
291 349 320 384 se
329 348 412 396 aegte
423 346 482 382 sub
490 345 622 381 alterius
634 349 813 394 imperium
825 349 902 392 cogi
912 348 1046 393 patitur.
1054 348 1163 381 Docet
1173 351 1374 395 experientia
1385 352 1486 396 quam
1496 364 1564 387 rara
1574 353 1611 388 fit
1620 354 1688 390 haec
1699 360 1811 394 virtus.
1822 375 1901 398 nam

81 385 383 451 {uotumqucnque
392 398 557 431 cernimus
567 393 757 442 patentibus
769 393 831 428 suis
843 395 1064 440 morigerum?
1077 396 1128 429 Est
1140 397 1242 443 igitur
1253 400 1287 430 in
1298 397 1390 432 Pauli
1400 399 1552 435 doc‘trina
1563 400 1829 448 synecdochen&
1838 423 1904 444 no-

84 455 230 488 minatur
238 448 402 495 Praecjpua
413 456 484 492 pars
493 467 504 481 ,
516 447 547 477 ἃ
558 456 630 489 quae
641 443 782 490 reliquas
793 454 911 477 omnes
922 442 1032 476 secum
1043 444 1153 477 trahit.
1203 445 1242 477 In
1252 447 1392 481 Domino.
1445 450 1560 484 Praeter
1569 463 1691 487 naturae
1703 453 1810 501 legem
1830 470 1903 503 quae

85 508 215 545 recepta
226 497 268 529 cit
280 497 364 528 inter
372 505 490 528 omnes
501 502 626 538 gentes,
639 492 703 525 Dei
714 503 850 538 quoque
867 489 1066 525 authoritate
1074 490 1231 525 sancitam
1241 493 1337 528 docet
1350 494 1497 532 filiorum
1515 498 1751 536 obedientiam.
1763 505 1843 538 Inde
1853 517 1885 539 ta
1893 524 1903 531 =

81 561 161 583 men
171 544 326 590 sequitur,
338 553 469 575 eatenus
480 540 702 574 obediendum
714 540 774 573 elle
781 538 984 587 parentibus,
996 552 1037 573 ne
1047 538 1181 574 let-datur
1189 552 1263 587 erga
1272 542 1383 577 Deum
1395 547 1497 592 pietas
1508 572 1518 584 ,
1528 560 1600 594 quae
1611 552 1756 597 primum
1767 554 1907 599 gradum

81 596 222 631 obtinet·
233 592 321 626 Nam
332 589 353 624 si
363 590 402 623 ad
412 591 475 623 Dei
486 589 673 622 institutum
684 599 844 634 tanquam
853 589 893 621 ad
905 586 994 622 suam
1004 587 1152 635 regulam
1163 611 1173 626 ,
1191 591 1349 636 exigenda
1360 593 1403 626 est
1418 592 1565 629 filiorum
1576 594 1754 633 subiectio:
1773 613 1858 649 praep
1865 615 1905 635 o-

79 643 202 679 sterum
223 639 306 674 foret
317 662 326 676 ,
346 650 401 685 pet
412 650 484 671 cam
508 636 548 670 ab
559 635 629 684 ipso
643 637 717 670 Deo
730 637 858 670 abduci.
909 638 1072 669 Hocemm
1082 634 1245 681 estiustum.
1296 640 1372 673 Hoc
1382 641 1529 677 additum
1548 645 1591 678 cst
1601 646 1794 683 cohibendae
1812 648 1904 685 illius

79 690 211 727 ferocia:
221 685 324 725 causa,
335 699 436 733 quam
448 684 606 720 omnibus
617 684 682 718 fere
701 685 718 718 a
730 696 845 718 natura
858 683 987 718 infitam
997 685 1152 718 diximus.
1170 684 1295 720 Iustum
1306 699 1416 722 autem
1428 689 1564 737 probat,
1584 697 1661 739 quia
1672 697 1841 732 Dominus
1852 701 1898 732 ita

76 739 232 789 ptaecepit
241 749 371 782 :neque
381 737 472 768 enim
482 733 642 780 disputare
651 731 696 766 fas
708 732 764 770 est,
773 745 829 767 aut
840 734 876 767 in
886 732 1144 768 controuersiam
1155 745 1308 769 reuocare
1319 736 1414 782 quale
1423 737 1461 771 lit
1470 741 1561 785 quod
1571 742 1721 783 statuit‚is
1732 748 1826 780 cuius
1839 759 1903 781 vo-

80 790 190 823 luntas
200 782 373 820 certiffima
383 784 427 817 est
435 781 547 830 regula
556 782 684 815 iustitia:
697 786 729 815 ὃ(
742 782 959 816 rectitudinis.
969 782 1071 816 Porro
1081 784 1160 829 quia
1169 795 1206 816 ex
1216 782 1345 817 honore
1355 784 1579 823 obedientiam
1589 790 1816 829 elicit,mirum
1827 808 1902 830 non

79 838 134 871 cst.
146 848 222 870 nam
234 835 323 868 Deus
333 832 542 866 caeremonias
561 843 632 864 non
647 840 803 863 moratur.
816 832 930 875 Itaque
939 828 996 864 sub
1008 842 1089 864 voce
1108 832 1260 865 Honoris
1273 832 1510 881 complectitur
1521 840 1637 872 omnia
1646 839 1757 876 officia
1777 842 1901 889 quibus

75 885 159 921 scrib
170 883 261 917 suam
272 894 346 927 erga
356 890 504 927 patentes
515 876 758 912 obseruantiam
771 881 805 911 δε
818 880 972 924 pietatem
983 879 1140 913 testantur
1149 878 1220 913 filii.

128 945 146 967 2
193 928 289 979 Qod
299 929 338 973 es}
346 926 524 961 mandatum
529 929 684 975 primum.)
736 928 821 972 Qae
832 929 1001 973 praeceptis
1010 939 1144 961 annexae
1155 926 1231 962 sunt
1241 930 1472 979 promiffiones
1483 956 1493 971 ‚
1502 934 1540 968 ad
1551 947 1613 969 nos
1623 935 1817 974 alliciendos
1828 940 1899 987 spe—

80 986 184 1020 stant,
200 991 268 1025 quo
279 976 437 1010 libentius
448 987 627 1023 pareamus.
638 975 778 1023 proinde
789 974 854 1008 hoc
865 973 965 1008 veluti
976 977 1194 1010 condimento
1204 976 1335 1013 suauem
1349 984 1383 1014 δε
1393 981 1570 1017 amabilem
1580 985 1684 1018 reddit
1693 986 1812 1021 Paulus
1822 987 1898 1022 sub-

78 1033 260 1066 iectionem
273 1037 373 1071 quam
386 1023 462 1058 filiis
475 1026 633 1070 imponit.
647 1025 684 1057 Et
696 1036 764 1056 non
777 1021 966 1070 simpliciter
977 1035 1220 1059 commemorat
1232 1029 1413 1063 mercedem
1424 1030 1442 1063 ὲ
1453 1031 1526 1064 Deo
1548 1030 1609 1066 effe
1617 1033 1820 1081 propositam
1832 1059 1843 1074 ‚
1859 1036 1903 1071 si-

77 1081 153 1126 quis
165 1078 246 1125 patri
260 1078 293 1108 &
306 1076 401 1107 matri
411 1072 554 1107 obediat:
565 1069 615 1105 sed
626 1071 704 1105 huic
715 1072 871 1105 mandato
882 1072 915 1105 id
925 1069 983 1106 effe
994 1072 1168 1119 peculiare.
1179 1075 1212 1108 Si
1222 1073 1349 1122 singula
1358 1089 1519 1126 praecepta
1527 1078 1596 1115 suas
1605 1080 1763 1117 haberent
1773 1083 1907 1132 promis

77 1128 196 1163 fimes,
213 1136 282 1158 non
295 1133 423 1156 tantam
433 1123 502 1154 vim
513 1119 646 1154 haberet
658 1120 736 1156 haec.
746 1121 784 1153 de
795 1132 859 1166 qua
867 1131 958 1154 nunc
967 1122 1077 1167 agitur
1091 1144 1101 1158 ‚
1117 1123 1156 1155 ad
1166 1125 1494 1160 commendationem
1511 1133 1674 1177 praecepti.
1685 1133 1729 1165 At
1749 1144 1901 1179 primum

76 1177 120 1211 est
131 1175 196 1209 hoc
206 1181 405 1221 praeccptum
419 1195 428 1209 ‚
437 1171 548 1215 inquit
561 1167 678 1202 Paulus
691 1191 700 1205 ‚
712 1169 803 1218 quod
814 1167 969 1214 singulari
981 1167 1197 1216 promiffione
1208 1170 1297 1217 quasi
1307 1172 1415 1219 sigillo
1427 1197 1437 1214 ,
1462 1177 1553 1210 Deus
1561 1177 1758 1214 confirmate
1777 1180 1899 1216 voluit.

76 1227 284 1270 Qianquam
294 1221 326 1252 id
336 1215 530 1251 difficultate
541 1230 609 1250 non
620 1229 716 1250 caret:
730 1218 908 1251 lecundum
919 1218 1009 1250 enim
1017 1229 1216 1265 praeceptum
1230 1218 1377 1255 similiter
1386 1222 1638 1269 prorniffionem
1648 1231 1802 1263 continet
1810 1254 1821 1270 ‚
1831 1233 1903 1278 Ego

74 1273 172 1307 Deus
183 1271 242 1317 qui
251 1267 339 1302 facio
352 1264 621 1301 misericordiam,
636 1263 756 1299 &c-sed
767 1277 873 1311 quum
885 1277 920 1298 ea
929 1263 966 1298 fit
975 1266 1255 1313 vniuersalis‚quae
1265 1269 1304 1301 ad
1317 1281 1422 1304 totam
1432 1271 1540 1319 legem
1550 1276 1738 1320 promiscue
1747 1281 1905 1324 pertinet,

77 1333 151 1357 non
159 1319 307 1353 dicemus
317 1327 478 1349 annexam
490 1311 550 1347 esse
560 1314 728 1348 mandato.
739 1316 863 1347 Verum
873 1325 951 1359 ergo
962 1324 1073 1347 manet
1083 1315 1175 1360 quod
1186 1317 1267 1349 dicit
1278 1316 1395 1351 Paulus
1405 1342 1415 1356 ‚
1436 1333 1507 1354 non
1519 1321 1607 1355 aliud
1620 1325 1810 1360 mandatum
1821 1340 1903 1374 pro-

75 1366 230 1403 miffione
241 1363 404 1411 insigniri,
415 1363 516 1409 quam
529 1375 571 1408 qu
577 1362 618 1396 od
629 1362 665 1395 de
675 1360 863 1396 obedientia
872 1360 1018 1409 patribus
1029 1360 1137 1395 debita
1146 1366 1241 1409 praeci
1244 1367 1304 1411 pit.
1313 1366 1486 1401 Promiffio
1498 1369 1541 1402 est
1552 1371 1591 1404 de
1600 1371 1812 1419 longitudine
1823 1379 1904 1419 vite.-

75 1417 164 1451 vnde
176 1412 409 1459 intelligimus,
422 1408 612 1458 praesentem
623 1413 725 1444 vitam
735 1408 855 1444 censeri
867 1413 952 1443 inter
961 1422 1033 1443 non
1043 1412 1289 1445 contemnenda
1299 1413 1368 1446 Dei
1378 1414 1476 1449 dona.
1488 1418 1548 1451 Sed
1562 1422 1596 1452 δε
1607 1419 1671 1454 hoc
1682 1424 1716 1455 &
1729 1421 1792 1456 alia
1801 1436 1837 1457 ex
1847 1427 1904 1459 In-

75 1466 250 1500 stitutione
261 1459 383 1495 discant
393 1459 532 1493 lectores
544 1472 550 1492 ε
563 1457 690 1492 tantum
703 1458 757 1492 hic
767 1457 910 1492 breuiter
920 1456 1046 1493 notabo
1056 1483 1066 1495 ‚
1078 1460 1261 1493 mercedem
1271 1464 1426 1507 promitti
1436 1461 1583 1499 filiorum
1596 1479 1670 1514 erga
1684 1479 1790 1515 patres
1807 1471 1903 1507 obse-

74 1516 162 1560 quio
174 1510 277 1560 probe
288 1518 541 1554 congruentem:
559 1519 663 1553 quum
674 1506 758 1540 bene
769 1505 835 1546 illis
846 1505 916 1541 fore
924 1508 1121 1553 pronuntiat
1132 1508 1222 1543 Deus
1231 1510 1268 1542 in
1278 1509 1339 1545 hae
1351 1513 1416 1545 vita
1424 1534 1436 1548 ,
1447 1515 1506 1559 qui
1516 1511 1546 1547 se
1558 1526 1668 1562 gratos
1688 1517 1897 1556 exhibuerint

75 1554 281 1610 parentibus,
294 1570 350 1605 per
361 1568 445 1602 quos
459 1568 530 1590 earn
543 1557 650 1601 adepti
667 1553 750 1588 sunt.

125 1621 140 1655 3
186 1611 283 1656 Super
293 1606 437 1645 terram.)
485 1604 585 1649 Apud
595 1601 712 1636 Mosen
722 1604 924 1636 nominatim
936 1613 1018 1637 terra
1029 1604 1189 1640 Chanaan
1200 1608 1405 1654 exprimitur:
1417 1610 1507 1656 quod
1516 1611 1630 1646 Iudaeis
1640 1623 1727 1648 extra
1737 1613 1827 1651 illam
1841 1628 1903 1653 nec·

73 1656 169 1693 foefix
180 1681 191 1694 ‚
213 1667 274 1690 nec
285 1652 440 1701 optabilis
454 1654 521 1686 vita
531 1650 590 1684 effe
600 1660 729 1697 poterat
746 1649 816 1684 :sed
826 1653 904 1697 quia
915 1653 951 1685 in
966 1662 1075 1687 totum
1086 1653 1201 1688 orbem
1211 1655 1310 1690 hodie
1320 1654 1418 1691 effusa
1429 1659 1473 1692 est
1484 1660 1595 1693 eadem
1606 1663 1671 1695 Dei
1687 1662 1890 1704 benedictio,

76 1705 200 1742 merito
209 1704 276 1738 loci
284 1700 542 1747 designationem
553 1697 664 1733 omifit
674 1698 793 1734 Paulus
802 1722 813 1737 ‚
821 1709 894 1746 quae
904 1712 941 1734 ex
951 1700 1138 1736 discrimine
1147 1701 1208 1737 illo
1219 1704 1382 1751 pendebat
1390 1728 1401 1743 ,
1411 1708 1503 1753 quod
1511 1720 1583 1743 non
1593 1710 1652 1744 nili
1660 1712 1699 1745 ad
1711 1712 1834 1748 Christi
1844 1716 1900 1749 ad·-

76 1766 217 1790 uenturn
228 1753 368 1786 durauit.

123 1815 150 1849 4
197 1803 265 1836 Vos
273 1802 365 1832 etiam
369 1807 480 1845 patres.
485 1799 506 1838 )
557 1795 707 1832 Viciffim
734 1797 887 1832 hortatur
897 1808 1002 1845 patres
1011 1812 1054 1833 ne
1063 1800 1245 1835 immodica
1256 1800 1377 1837 saeuitia
1392 1801 1480 1839 filios
1491 1805 1687 1853 exasperent.
1706 1809 1798 1845 Hinc
1809 1813 1901 1847 enim

72 1849 217 1887 nascitur
225 1848 343 1883 odium
355 1858 412 1880 :ex
420 1859 489 1893 quo
501 1844 538 1880 fit
548 1846 683 1880 demum
695 1857 729 1880 vt
740 1848 857 1893 iugum
869 1844 997 1893 prorsus
1008 1851 1186 1883 excutiant.
1196 1850 1274 1884 Ideo
1283 1852 1322 1884 ad
1334 1851 1541 1888 Coloffenses
1552 1856 1748 1894 additur‚Ne
1756 1859 1901 1908 despon-

73 1900 173 1934 deant
184 1899 348 1932 animum.
358 1898 506 1941 Ingenua
515 1896 606 1928 enim
619 1897 770 1930 tractatio
782 1900 814 1929 &
828 1895 994 1929 moderata
1006 1899 1111 1944 magis
1121 1895 1242 1932 liberos
1253 1902 1370 1934 retinet
1381 1903 1416 1935 in
1427 1914 1601 1948 parentum
1614 1907 1747 1947 timore,
1760 1911 1794 1941 δι
1807 1909 1902 1944 obse-

71 1948 198 1993 quendi
208 1946 352 1980 studium
361 1955 398 1977 ac
408 1942 608 1977 alacritatem
620 1942 686 1977 illis
695 1954 803 1989 auget.
814 1944 930 1977 contra
939 1944 1074 1979 durities
1086 1949 1120 1980 &
1132 1945 1302 1980 illiberalis
1311 1946 1478 1983 austeritas
1489 1964 1545 1985 eos
1555 1952 1595 1984 ad
1603 1958 1850 1991 contumaciam
1864 1961 1900 1995 i'n

73 1995 225 2029 flammat
234 2021 245 2035 ,
260 1997 293 2028 &
305 1994 379 2040 pios
390 1990 526 2026 affectus
538 1994 713 2039 extinguit.
738 1992 880 2025 Proinde
892 1990 983 2025 iubet
991 1992 1111 2027 Paulus
1120 2017 1131 2031 ‚
1151 1994 1340 2029 humaniter
1350 2009 1406 2030 eos
1416 1996 1532 2032 foueri.
1559 2000 1649 2034 Nam
1661 2002 1796 2037 vei-bum
1808 2004 1906 2048 ἕκτῇ-1

70 2057 123 2083 <par
133 2041 363 2090 proculdubio
376 2039 619 2086 indulgentiam
632 2046 666 2074 δε
677 2042 870 2075 comitatem
881 2038 984 2073 sonat.
996 2039 1120 2075 Rursus
1130 2052 1241 2076 tamen
1253 2065 1263 2079 ,
1281 2056 1322 2077 ne
1333 2044 1401 2078 haec
1413 2044 1450 2078 fir
1460 2050 1605 2081 nimium
1616 2047 1768 2085 diss‘oluta
1776 2074 1786 2088 ,
1797 2064 1833 2087 vt
1843 2057 1897 2090 in-

73 2094 207 2126 terdum
219 2089 278 2124 effe
287 2089 380 2125 solet,
392 2087 481 2134 quasi
492 2090 617 2133 iniedto
627 2087 729 2123 fraeno
740 2100 812 2123 eam
825 2088 991 2122 contrahit
1002 2111 1013 2125 ‚
1023 2089 1146 2126 dicens,
1158 2091 1197 2122 In
1208 2089 1367 2140 disciplina
1379 2096 1415 2131 &¹
1425 2106 1610 2144 correptione
1617 2099 1754 2132 Domini.
1780 2102 1901 2150 Neque

73 2142 164 2174 enim
177 2142 223 2173 ita
230 2137 369 2172 blandos
381 2135 456 2169 filiis
467 2148 615 2182 parentes
626 2136 698 2170 vult
708 2135 767 2171 eise
776 2138 879 2176 Deus,
893 2147 927 2169 vt
942 2137 1105 2183 parcendo
1117 2150 1343 2186 corrumpant.
1355 2142 1401 2174 Sit
1410 2144 1511 2188 igitur
1522 2147 1661 2179 comitas
1672 2157 1737 2180 tem
1741 2160 1901 2194 perata‚vt

71 2191 285 2223 contineatur
295 2189 330 2219 in
340 2182 513 2231 disciplina
523 2186 676 2222 Domini,
689 2190 723 2220 δε
734 2187 941 2231 corrigantur
952 2186 1051 2218 etiam
1061 2186 1141 2220 dum
1152 2199 1269 2222 errant.
1285 2189 1482 2235 Frequenter
1493 2194 1583 2227 enim
1594 2194 1802 2230 admonenda
1813 2200 1857 2234 est
1867 2212 1902 2243 ς-

72 2245 122 2269 tas
132 2235 199 2274 illa,
209 2248 245 2270 ac
257 2234 358 2269 fraeno
368 2235 468 2266 etiam
480 2233 659 2267 coercenda
669 2246 711 2267 ne
721 2232 876 2267 lasciuiat.

132 2322 148 2359 5
206 2311 301 2347 Serui
313 2338 323 2353 ,
334 2304 466 2344 obedite
476 2304 628 2345 dominis
625 2305 815 2360 secundum
823 2320 971 2352 carnem,
981 2320 1055 2346 cum
1063 2308 1183 2349 timore
1191 2309 1231 2357 ὁ*
1241 2320 1384 2350 tremore
1391 2315 1430 2354 in
1429 2311 1611 2369 fimplicita
1615 2325 1648 2355 te
1659 2316 1769 2357 cordis
1782 2319 1899 2371 vestri,

72 2374 241 2419 tanquam
251 2362 395 2414 chnsto:

125 2425 146 2456 6
205 2427 294 2469 Qu
305 2417 402 2474 quast
417 2418 469 2456 ad
470 2418 599 2457 oculum
604 2416 788 2469 [incientes
800 2450 811 2465 ‚
832 2428 999 2474 tanquam
1007 2417 1203 2460 hominibus
1201 2421 1383 2474 studentes
1389 2425 1521 2481 placere
1528 2457 1540 2473 ‚
1551 2424 1624 2481 sed
1628 2438 1794 2483 tanquam
1800 2430 1908 2484 strui·

72 2474 378 2529 Christi‚fhcientes
388 2474 602 2514 voluntatem
613 2477 684 2513 Dei
690 2489 737 2513 ex
745 2478 874 2521 animo,

126 2545 152 2583 7
208 2539 297 2570 Cum
307 2528 735 2582 beneuolentiafiruientes
744 2535 896 2571 Domino
907 2530 947 2577 ἀ
958 2546 1028 2571 non
1036 2529 1232 2572 hominibus
1240 2546 1255 2568 .-

100 2641 121 2683 ᾗ
127 2590 150 2626 8
215 2592 366 2627 scientes
383 2581 749 2639 qubdvnusqufflquc.)
757 2588 924 2642 quicquid
929 2585 1129 2640 bomsecerit
1135 2617 1147 2634 ,
1172 2593 1308 2646 recipiet
1314 2589 1335 2631 ἃ
1346 2596 1497 2637 Domino
1506 2625 1517 2642 ,
1522 2595 1756 2651 fiuwftruus
1766 2630 1777 2646 ‚
1783 2600 1896 2656 fiac.)

71 2643 101 2684 Ii
121 2658 167 2684 er.

127 2715 148 2749 9
205 2707 323 2740 Etvas
330 2697 476 2744 domini,
486 2707 641 2737 mutuum
649 2712 668 2737 o
692 2699 948 2752 iciampraeffate
955 2713 1031 2756 erga
1039 2700 1130 2747 illos,
1140 2706 1349 2744 remittentes
1359 2708 1474 2745 minas
1484 2705 1644 2760 :seientes
1652 2708 1748 2765 qubd
1758 2711 1893 2754 illorum

76 2754 118 2802 ό·
127 2755 235 2809 vester
244 2756 414 2795 Dominus
425 2758 476 2792 effi
481 2756 520 2792 in
529 2754 627 2800 celis,
640 2756 679 2800 ἀι
688 2769 758 2793 non
768 2757 821 2793 eit
826 2755 918 2810 apud
927 2756 1223 2812 eumpeefonarum
1233 2764 1386 2816 acceptio.

123 2821 140 2855 5
188 2813 274 2845 Serui
285 2807 402 2843 obedzte
412 2809 568 2853 dominis.)
616 2811 725 2844 Seruis
735 2808 946 2845 exhortandis
954 2813 1028 2846 ideo
1041 2815 1146 2859 tnagis
1156 2813 1282 2852 insistit,
1294 2817 1388 2862 quod
1397 2816 1533 2854 illorum
1544 2822 1748 2862 conditio‚vt
1760 2823 1804 2859 est
1820 2837 1897 2860 mo-

73 2857 153 2892 lesta
167 2863 199 2894 &
210 2858 335 2896 acerba,
345 2860 390 2892 ita
399 2856 544 2892 difficilis
556 2857 600 2891 est
609 2858 649 2891 ad
658 2857 840 2892 ferendum.
860 2859 934 2894 Nec
944 2861 982 2894 de
992 2863 1132 2895 externis
1142 2862 1272 2897 tantum
1282 2863 1450 2912 obsequiis
1459 2879 1679 2905 concionatur
1698 2896 1708 2910 ,
1728 2871 1780 2907 sed
1790 2876 1896 2908 mavis

72 2907 114 2940 de
124 2905 310 2942 voluntario
321 2907 532 2952 timore2quia
542 2904 736 2940 rariffimum
748 2906 938 2954 exemplum
949 2908 993 2942 est
1008 2920 1042 2943 vt
1050 2911 1125 2956 quis
1133 2909 1163 2943 se
1173 2909 1314 2946 libenter
1322 2911 1432 2948 alieno
1443 2917 1585 2963 imperio
1596 2916 1777 2954 submittat.
1790 2902 1894 2955 Portib

73 2967 146 2988 non
157 2955 305 3002 loquitur
314 2956 353 2989 de
365 2956 573 2988 mercenariis
586 2953 730 2992 famulis,
743 2953 854 3001 quales
865 2955 964 2990 hodie
974 2954 1048 2990 sunt
1059 2960 1095 2991 in
1104 2955 1160 2992 vsu
1174 2957 1243 2993 :sed
1251 2959 1415 2996 veteribus
1425 2962 1491 2998 illis
1501 2977 1647 3011 quotum
1658 2956 1814 3015 perpetua
1828 2980 1896 3005 erat

73 3001 224 3043 seruitus,
235 3003 294 3038 nifi
304 3005 377 3049 quis
387 3003 519 3036 domini
528 3000 692 3037 beneficio
707 3001 921 3038 manumissus
932 3004 1026 3038 foret:
1035 3018 1120 3052 quos
1131 3004 1173 3040 fic
1181 3007 1312 3042 domini
1324 3009 1476 3046 emebant
1485 3017 1628 3060 pecunia
1638 3037 1648 3051 ‚
1664 3017 1745 3049 vtad
1755 3015 1898 3050 sordiffi-

73 3063 144 3085 mas
156 3063 268 3098 operas
282 3050 502 3085 abuterentur:
523 3049 671 3097 adeoque
682 3053 732 3085 ius
742 3049 899 3086 haberent
923 3054 959 3087 in
970 3065 1026 3087 eos
1035 3055 1111 3087 vitae
1122 3057 1156 3088 ὃς
1167 3058 1257 3090 necis
1268 3055 1326 3091 fibi
1336 3057 1465 3106 legibus
1476 3060 1677 3107 permissum.
1688 3063 1784 3097 Tales
1805 3065 1897 3100 iubet

73 3100 222 3133 dominis
231 3097 374 3133 obedire:
385 3112 426 3132 ne
434 3099 541 3133 carnis
552 3097 736 3133 libertatem
748 3099 909 3147 Eufigelio
918 3099 977 3135 fibi
986 3112 1111 3149 partam
1123 3100 1182 3136 esse
1191 3102 1369 3140 somnien't.
1384 3109 1448 3142 Sed
1458 3112 1620 3154 quoniam
1632 3109 1786 3158 peffimos
1798 3115 1900 3147 etiam

35 3164 37 3176 .
72 3145 224 3194 quosque
233 3159 337 3194 poenae
348 3148 448 3180 timor
457 3146 608 3193 cogebat,
619 3146 824 3182 Christianos
835 3147 944 3183 seruos
954 3148 994 3183 ab
1003 3151 1115 3197 impiis
1124 3149 1276 3187 discernit
1287 3151 1418 3196 affectu.
1468 3159 1495 3188 C
1495 3169 1547 3190 nm
1556 3160 1661 3191 timore
1669 3183 1679 3195 ,
1716 3161 1829 3205 inquit
1841 3186 1850 3198 ‚
1861 3166 1902 3201 όν

72 3207 211 3232 tremore,
221 3195 287 3229 hoc
297 3195 350 3231 est,
362 3206 438 3228 cum
450 3190 576 3231 solicita
587 3198 780 3233 reuerentia,
793 3208 893 3241 quarn
903 3195 1023 3232 efficiet
1033 3199 1141 3232 cordis
1150 3198 1350 3248 simplicitas.
1370 3204 1430 3237 Sed
1440 3206 1517 3250 quia
1526 3202 1660 3239 difficile
1670 3207 1714 3240 est
1725 3209 1901 3254 impetrare

71 3255 107 3278 vt
119 3245 252 3278 homini
262 3254 392 3277 tantum
402 3241 545 3277 deferant
560 3267 570 3281 ,
581 3242 640 3277 nisi
655 3257 721 3290 qua
733 3242 877 3291 superior
890 3244 1056 3280 neceffitas
1069 3260 1124 3281 eos
1133 3248 1326 3297 adstringat:
1343 3250 1435 3285 iubet
1445 3265 1500 3285 eos
1509 3254 1620 3286 Deum
1630 3251 1798 3301 respicere.
1818 3258 1901 3292 Inde

71 3292 230 3339 sequitur,
242 3290 395 3342 non-satis
408 3288 467 3323 effe
476 3288 497 3323 fi
508 3289 663 3338 obsequia
675 3290 729 3326 sita
739 3291 881 3340 probent
890 3293 1072 3329 hominum
1082 3295 1199 3331 oculis:
1210 3300 1348 3344 requirit
1358 3302 1448 3333 enim
1457 3300 1548 3333 Deus
1565 3303 1735 3336 veritatem
1751 3306 1784 3338 &
1797 3302 1901 3339 fince-

72 3352 148 3374 1um
160 3341 267 3376 cordis
277 3340 441 3373 astestum.
451 3339 525 3371 Deo
535 3350 645 3374 autern
656 3340 884 3388 obtemperare
896 3355 952 3377 eos
962 3343 1214 3391 testatur,quum
1227 3344 1364 3380 fideliter
1375 3345 1520 3380 seruiunt
1531 3348 1687 3384 dominis:
1699 3349 1760 3385 acfi
1769 3351 1902 3391 diceret,

71 3388 190 3424 Nolite
202 3399 317 3438 putare
325 3387 506 3437 hominum
515 3386 652 3437 arbitrio
663 3401 724 3440 vos
734 3391 770 3426 in
779 3387 972 3442 seruitutem
982 3394 1154 3430 coniectos
1165 3391 1244 3429 effe:
1255 3395 1348 3430 Deus
1357 3395 1402 3429 est
1412 3397 1470 3442 qui
1479 3395 1575 3431 vobis
1588 3396 1655 3433 hoc
1665 3401 1776 3435 oneris
1787 3403 1902 3450 impe:

1921 1223 2097 1263 exodumiissq

1919 1854 2039 1891 colof3s.
2044 1864 2079 1894 aa
