2268 3705
19 169 21 202 ἦ
517 122 624 170 AD
673 114 1033 175 TIM‘OTH-
1082 115 1250 160 C-AP-
1301 113 1438 158 1111.
1823 126 1883 164 527

18 223 21 246 ι
45 206 142 247 valet.
162 200 246 240 'Plus
256 202 345 237 onim
356 195 512 244 quiddam
525 194 579 231 cst,
593 191 765 226 committi
775 189 873 224 instat
883 185 1146 234 depofiti,·quam
1155 181 1349 230 simpliciter
1360 184 1454 216 tradi.
1465 181 1569 216 Porro
1579 181 1781 219 Timotheus
1803 199 1875 222 non

18 251 20 268 '
49 254 138 305 quali
147 265 231 287 vnus
242 246 404 297 quispiam
419 245 436 280 ὲ
446 243 548 290 vulgo
560 242 695 275 edoctus
706 237 819 272 fuerat:
830 235 882 271 sed
893 247 927 270 vt
938 234 1012 270 aliis
1023 219 1165 269 fideliter
1173 243 1230 280 per
1245 244 1362 265 manus
1372 232 1509 266 traderet
1520 232 1612 276 quod
1623 244 1800 279 acceperat.

17 273 20 331 l
94 313 123 348 15
163 302 205 333 Et
213 296 294 345 quod
301 294 321 330 ἁ
326 295 497 344 pueritia.)1
533 291 609 324 Hoc
623 299 758 335 quoque
767 299 839 322 non
851 283 982 332 vulgare
994 294 1059 318 erat
1069 283 1313 320 adiumentum,
1324 279 1415 327 quod
1430 281 1446 314 a
1457 281 1597 326 pueritia
1606 279 1798 316 affueraetus
1808 294 1874 316 crat

0 385 2 387 ,
48 345 376 398 Scripturaelestioni.
397 353 474 376 nam
490 338 557 373 haec
568 333 670 384 longa
680 335 869 370 exercitatio
881 332 989 366 multo
1003 330 1249 365 instructiorem
1261 328 1388 362 reddere
1401 329 1575 361 hominem
1597 330 1703 374 potest
1722 331 1874 365 nduetsus

15 409 28 433 ιΔ
44 410 165 436 omnes
174 392 486 430 circumuentiones.
510 389 624 432 Itaque
636 385 810 433 prudenter
819 380 903 416 olim
918 391 1052 414 cautum
1063 378 1137 416 fuit,
1148 389 1182 412 vt
1193 379 1251 424 qui
1262 375 1505 411 destinabantur
1519 375 1617 409 Verbi
1629 378 1810 412 ministerio
1824 402 1833 415 ‚
1855 381 1873 412 a

49 449 157 497 pueris
169 433 370 485 erudirentur
380 440 414 472 in
425 434 580 479 solidiore
589 435 718 482 pietatis
728 432 891 470 doctrina,
901 425 1050 474 adeoque
1058 429 1166 461 Sacras
1177 425 1285 460 literas
1295 427 1426 472 penitus
1438 422 1648 464 imbiberent,
1662 438 1703 459 ne
1713 426 1753 458 ad
1764 424 1874 472 ipsum

0 506 8 530 'v
52 505 171 532 munus
181 490 368 525 accederent
379 487 462 520 noui
472 483 579 518 adhuc
593 487 625 516 ὃς
641 492 784 526 tyrones.
805 482 915 524 Atque
926 477 993 511 hoc
1004 479 1039 510 in
1050 474 1205 522 singulari
1216 476 1279 508 Dei
1289 472 1453 508 beneficio
1464 473 1659 521 ponendum
1672 472 1876 519 est‚s1quisi—

0 540 16 586 ;!
51 557 82 579 m
92 543 187 577 fucrit
198 541 217 574 a
229 538 348 572 teneris
356 537 528 580 Scripturae
541 532 738 578 cognitione
749 526 907 561 imbutus.

12 617 15 629 ,
93 591 169 638 Qsse
177 600 213 636 po
235 596 288 620 unt
296 586 348 626 te.)
400 580 530 628 insigne
541 581 712 625 Scriptnrae
726 575 816 610 sactae
827 575 1034 610 encomium,
1046 571 1138 618 quod
1148 583 1217 605 non
1230 570 1363 604 aliunde
1374 571 1513 617 petenda
1525 570 1561 605 fit
1572 570 1731 618 sapientia
1753 583 1825 618 quae
1836 571 1877 604 ad

0 631 14 670 ⁸.
46 634 184 676 'fitlutein
201 632 346 670 sufficiat:
362 630 455 665 sicuti
469 631 567 663 etiam
579 629 730 674 proxima
750 623 910 658 sententia
920 621 1049 669 plenius
1060 621 1226 667 exprimit.
1248 620 1368 652 Verum
1381 618 1476 652 limul
1487 621 1568 665 quid
1579 623 1613 653 in
1625 621 1792 667 Scriptura
1809 618 1877 666 ipsa

0 692 14 728 ii
47 685 260 736 quur-ndum
271 681 318 719 fit,
329 681 495 715 admonet.
508 688 586 710 nam
599 679 629 709 δι
644 671 935 722 pseudoprophetae
944 682 1014 704 eam
1027 679 1218 717 praetexunt.
1228 669 1341 714 Qare
1351 679 1385 700 vr
1398 667 1497 701 nobis
1508 669 1547 701 ad
1561 667 1696 702 salutem
1724 667 1760 701 sit
1772 669 1877 704 Vtilis,

0 727 13 776 ’μ’
47 747 157 772 tenere
167 735 295 767 reetum
307 728 405 779 ipfius
415 724 507 761 Vsum
518 722 640 758 neccsse
651 724 703 756 est.
723 721 816 765 Quid
829 722 918 753 enim
931 718 952 753 fi
965 716 1100 754 curiolis
1110 717 1239 750 tantum
1251 715 1489 762 quaestionibus
1510 719 1584 761 quis
1596 716 1787 763 indulgeat?
1800 715 1821 750 si
1841 718 1878 750 in

0 786 11 825 ζ’·
50 786 143 822 litera
154 780 255 816 modo
266 779 363 826 Legis
375 777 501 811 haeteau
513 783 573 806 nec
583 783 702 818 quaerat
715 769 907 804 Christum?
935 766 1046 813 quidsi
1057 775 1219 813 peruertat
1231 766 1417 811 genuinum
1430 761 1517 797 sensu
1524 778 1554 797 ni
1567 764 1682 798 alicnis
1701 777 1879 799 commen..

49 837 92 870 tis
101 836 116 864 ,θ
125 829 267 865 Proinde
278 840 348 862 non
360 821 529 859 immerito
539 832 600 855 nos
611 820 650 853 ad
661 818 758 853 fidem
774 815 896 851 Christi
907 826 1054 855 reuocat,
1066 824 1225 859 tanquam
1235 814 1274 846 ad
1285 811 1420 859 scopum
1431 823 1530 858 atque
1543 812 1622 846 adeo
1634 811 1809 847 luminam.
1826 813 1879 848 Na

25 873 34 886 ⁶
47 887 83 919 &
95 893 131 915 ex
143 891 180 914 ea
187 876 372 924 dependent
384 884 455 920 qua:
467 881 546 904 mox
560 867 751 915 sequuntur.

98 930 136 964 16
183 927 292 960 Omnis
302 921 488 971 Scriptura.)
538 916 612 957 Vel,
623 918 721 950 Tota.
729 925 922 962 ¹quanquam
933 912 972 947 ad
981 910 1111 946 sensum
1121 907 1207 945 nihil
1219 909 1360 942 interest.
1371 907 1582 955 Prosequitur
1592 908 1675 943 illud
1685 912 1881 945 encomium

48 977 142 1027 quod
151 964 295 1010 breu'ite:
306 969 545 1019 perstrinxerat.
557 970 605 999 Ac
618 962 764 1012 primum
774 963 910 1011 quidem
920 961 961 995 ab
971 959 1170 995 authoritate
1181 959 1382 1004 Scripturam
1396 957 1620 991 commendat:
1635 958 1753 991 deinde
1766 958 1805 993 ab
1817 961 1883 992 vti-

19 1040 26 1045 ”
44 1027 141 1064 ⁴litate
150 1035 221 1071 qua:
230 1021 307 1056 inde
318 1018 484 1066 prouenit.
498 1016 542 1048 Vt
553 1015 725 1060 Scripturae
735 1012 970 1047 authoritatem
980 1007 1091 1042 afferat
1100 1030 1109 1044 ‚
1148 1008 1315 1042 Diuim'tus
1325 1005 1379 1051 effe
1389 1003 1566 1053 inspiratam
1575 1006 1681 1040 docet.
1701 1007 1791 1039 Nam
1806 1005 1827 1040 si
1839 1009 1885 1040 ita

48 1076 105 1112 est,
115 1071 200 1108 nihil
209 1068 350 1117 amplius
363 1064 455 1100 restat
465 1060 695 1098 controuerfiae
706 1063 787 1107 quin
802 1069 986 1093 reuerenter
997 1054 1197 1103 suscipienda
1209 1053 1245 1087 fit
1256 1052 1295 1087 ab
1306 1054 1513 1088 hominibus.
1529 1055 1606 1088 Hoc
1619 1056 1824 1101 principium
1840 1055 1885 1088 est

47 1118 349 1173 quod'religionem
359 1111 506 1149 nostram
517 1111 556 1145 ab
568 1110 639 1145 aliis
651 1106 984 1143 omnibus-discernit,
997 1105 1088 1152 quod
1099 1103 1218 1138 scimus
1228 1104 1339 1136 Deum
1350 1101 1448 1137 nobis
1459 1101 1641 1149 loquutum
1653 1101 1885 1149 esse,cert6que

36 1167 185 1221 *persuasi
195 1166 319 1202 sumus,
329 1176 399 1199 non
411 1174 446 1196 ex
461 1160 518 1195 suo
529 1157 618 1193 sensu
629 1157 790 1204 loquutos
801 1155 860 1190 effe
872 1155 1062 1203 Prophetas,
1074 1151 1126 1186 sed
1136 1163 1170 1186 vt
1181 1162 1271 1185 erant
1282 1152 1420 1198 Spiritus
1432 1151 1533 1186 iaani
1543 1150 1810 1198 organa,tantsiin
1825 1163 1886 1198 pro

45 1216 155 1257 tulisse
165 1227 238 1264 quae
248 1212 372 1248 caelitus
385 1211 535 1244 mandata
549 1207 688 1242 fuerant.
700 1203 862 1251 Qisquis
878 1215 957 1250 ergo
967 1202 1038 1236 vult
1051 1204 1086 1235 in
1097 1202 1272 1247 Scripturis
1283 1197 1522 1246 proficere,hoc
1532 1197 1641 1237 seclum
1653 1202 1686 1233 in
1699 1201 1816 1246 primis
1826 1202 1886 1235 εὸ-

48 1269 174 1306 stituat,
185 1265 309 1310 Legem
322 1265 355 1295 Sc
366 1258 560 1306 Prophetias
584 1268 654 1289 non
665 1251 724 1288 elle
736 1254 922 1288 doctrinam
933 1250 1115 1284 hominurn
1126 1247 1262 1282 arbitrio
1273 1248 1438 1294 proditam
1452 1246 1521 1281 :sed
1531 1248 1548 1281 a
1559 1249 1682 1294 Spiritu
1694 1248 1806 1283 sancto
1836 1249 1888 1281 di-

25 1302 30 1316 l
54 1319 188 1354 &atam-
207 1313 318 1357 Siquis
328 1308 476 1343 obiiciat,
488 1303 655 1339 vnde'nam
667 1304 699 1336 id
711 1300 781 1336 sciri
792 1298 899 1349 possit:
910 1297 1252 1346 respondeo‚eiusdem
1263 1298 1400 1342 Spiritus
1411 1295 1624 1336 reuelatione,
1638 1308 1704 1330 tam
1717 1296 1887 1344 discipulis

49 1366 155 1413 quam
163 1358 370 1396 moeroribus
382 1358 494 1390 Deum
506 1351 652 1401 patefieri
662 1351 846 1385 authorem.
866 1349 989 1393 Neque
1001 1348 1091 1380 enim
1102 1343 1212 1379 Moses
1222 1347 1255 1378 ὅ(
1266 1344 1436 1390 Propheta:
1446 1355 1567 1377 temere
1579 1346 1795 1390 prodiderunt
1814 1357 1888 1391 quae

49 1408 211 1450 habemus
221 1421 258 1442 ex
270 1418 386 1441 eorum
399 1415 511 1438 manu:
524 1400 574 1435 sed
584 1412 689 1447 quum
703 1400 766 1432 Dei
777 1395 921 1445 impulsu
932 1395 1166 1441 loquerentur,
1181 1390 1385 1426 confidenter
1395 1404 1431 1425 ac
1441 1392 1602 1438 intrepide
1622 1416 1631 1429 ‚
1641 1404 1675 1425 vt
1687 1405 1734 1427 res
1751 1403 1826 1430 erat,
1838 1404 1890 1427 te-

0 1453 3 1495 l
47 1461 123 1498 stati
137 1453 224 1498 sunt,
235 1469 274 1490 os
285 1455 432 1490 Domini
444 1451 626 1497 loquutum
639 1446 709 1482 effe.
718 1447 809 1481 Idem
823 1457 902 1491 ergo
914 1445 1055 1491 Spiritus
1065 1440 1251 1488 quiMosen
1264 1443 1297 1474 &
1310 1439 1489 1486 Prophetas
1502 1442 1687 1474 vocationis
1709 1441 1769 1475 sust>
1780 1441 1887 1475 reddi—-

49 1509 100 1545 dit
109 1509 276 1545 certiores,
285 1513 376 1538 nunc
386 1512 522 1548 quoque
532 1498 662 1531 testatur
674 1494 827 1530 cordibus
839 1493 970 1532 nostris,
981 1502 1098 1525 eorum
1109 1488 1138 1523 se
1150 1489 1333 1526 ministerio
1342 1487 1435 1522 vsum
1445 1485 1505 1522 esse
1516 1489 1554 1522 ad
1566 1501 1627 1522 nos
1639 1491 1890 1523 docendos-Ita-

0 1570 3 1585 ¹
22 1554 26 1559 ⁵
48 1569 117 1606 que
128 1568 199 1591 non
213 1556 337 1588 mirum
348 1549 369 1584 si
379 1549 530 1597 plerique
541 1547 580 1580 de
591 1544 730 1579 authore
742 1544 916 1589 Scripturae
926 1537 1183 1574 dubitent.Nam
1197 1548 1366 1583 vrcunque
1376 1536 1445 1571 illic
1455 1538 1519 1570 Dei
1531 1537 1677 1570 maiestas
1688 1535 1717 1571 se
1727 1538 1885 1572 ostendat:

0 1592 123 1643 [finon
135 1615 248 1638 tamen
257 1599 380 1636 habent
389 1595 506 1632 oculos
518 1593 577 1628 nisi
589 1589 732 1639 quisunt
748 1592 765 1626 ὲ
774 1592 898 1638 Spiritu
910 1586 1023 1623 sancto
1033 1586 1229 1623 illuminati,
1243 1597 1278 1619 vt
1289 1596 1424 1620 cernant
1436 1585 1532 1632 quod·
1544 1585 1703 1620 omnibus
1717 1587 1817 1632 quide
1828 1584 1888 1620 effe

48 1652 200 1690 debebat,
211 1649 288 1685 solis
299 1659 410 1682 tamen
421 1644 532 1678 electis
542 1643 586 1676 est
594 1639 824 1688 conspicuum.
838 1639 915 1672 Hoc
926 1638 1016 1685 prius
1026 1636 1070 1670 est
1082 1634 1272 1668 membrum
1285 1647 1293 1667 ε
1325 1634 1462 1668 eandem
1474 1635 1648 1682 Scripturae
1669 1636 1890 1668 reuerentiam

48 1701 160 1738 deberi
168 1711 269 1747 quam
281 1699 355 1732 Deo
365 1692 554 1731 deferimus,
564 1692 643 1736 quia
653 1689 694 1723 ab
708 1701 748 1723 eo
762 1685 834 1722 solo
848 1687 996 1720 manauit
1009 1708 1018 1724 ‚
1031 1695 1092 1718 nec
1102 1685 1283 1729 quicquam
1303 1679 1444 1715 humani
1455 1681 1554 1717 habet
1564 1683 1750 1716 admistum.
1777 1684 1815 1714 Et
1823 1685 1889 1715 vti-

28 1784 31 1788 ,
49 1754 103 1792 lis,
118 1754 184 1785 &c.
195 1747 349 1793 Sequitur
360 1752 451 1778 nunc
459 1739 559 1774 altera
569 1750 641 1786 pars
653 1736 971 1773 commendationiS,
984 1734 1061 1779 quia
1071 1729 1250 1778 perfeo‘tam
1261 1729 1345 1764 bene
1356 1729 1517 1777 beate'que
1536 1731 1672 1765 viuendi
1683 1730 1795 1777 regula
1804 1742 1889 1764 con—

48 1803 165 1834 tineat.
175 1791 279 1842 Qod
289 1804 394 1840 quum
405 1790 486 1823 dicit
497 1811 507 1826 ,
521 1785 680 1835 fignificat
690 1798 762 1819 eam
773 1784 943 1829 corrumpi
955 1793 1058 1829 prauo
1072 1776 1186 1816 abusu,
1195 1777 1254 1813 vbi
1263 1791 1334 1812 non
1345 1781 1502 1824 quaeritur
1511 1779 1579 1813 haec
1590 1778 1722 1813 vtilitas.
1737 1783 1848 1825 Atque
1860 1781 1889 1813 i-

50 1859 84 1883 ta
91 1845 232 1895 oblique
242 1840 426 1878 nebulones
437 1836 514 1872 illos
523 1836 721 1884 perstringit,
733 1835 793 1880 qui
802 1833 894 1866 vanis
903 1827 1197 1877 speculationibus,
1210 1838 1370 1873 tanquam
1384 1838 1499 1865 vento,
1508 1826 1674 1874 populum
1694 1827 1882 1876 pascebant,

49 1898 131 1942 Qa
149 1895 278 1928 ratione
287 1887 456 1938 possumus
474 1885 576 1920 hodie
591 1885 746 1917 damnare
777 1891 895 1914 omnes
908 1880 965 1925 qui
978 1875 1166 1924 posthabito
1177 1873 1404 1910 aedificationis
1415 1875 1539 1912 studio,
1562 1868 1695 1922 argutas
1704 1876 1835 1910 tantum
1850 1880 1887 1911 δε

50 1940 390 1987 ξέὶαοΙαεςιιπίὶίοηεε
402 1937 539 1982 agitant.
565 1932 639 1966 Imb
652 1932 784 1977 quoties
796 1927 924 1962 friuolae
934 1924 1095 1960 eiusmodi
1105 1926 1239 1971 argutiae
1250 1925 1448 1970 ingeruntur
1457 1926 1492 1957 in
1505 1924 1651 1958 medium
1662 1947 1671 1961 ³
1689 1925 1753 1958 hoc
1765 1915 1884 1972 clypeo

50 1990 244 2040 repellenda:
257 1986 342 2024 sunt,
359 1984 449 2031 quod
461 1981 550 2016 vtilis
564 1980 600 2015 sit
615 1981 788 2026 Scriptura.
802 1977 888 2011 vnde
899 1971 1147 2022 sequiturmefas
1159 1971 1218 2005 effe
1229 1984 1300 2005 eam
1312 1974 1448 2006 tractare
1464 1972 1639 2010 inutiliter,
1664 1973 1784 2019 Neque
1796 1976 1889 2007 enim

49 2041 104 2076 vel
116 2036 294 2078 curiositati
305 2033 421 2069 nostrae
432 2030 580 2076 obsequi,
594 2027 643 2062 vel
654 2027 869 2061 ostentationi
882 2023 1053 2069 indulgere
1065 2048 1074 2059 ‚
1085 2020 1137 2055 vel
1150 2019 1364 2054 fabulandi&
1380 2021 1543 2066 garriendi
1556 2021 1630 2054 dare
1640 2023 1812 2055 materiam
1828 2033 1891 2056 vo*

52 2088 116 2127 luit
128 2088 310 2121 Dominus,
321 2094 427 2129 quum
439 2082 618 2125 Scripturas
629 2075 727 2110 nobis
736 2074 878 2108 tradidit:
889 2071 938 2105 sed
950 2067 1104 2119 prodelse.
1117 2068 1256 2116 proinde
1265 2070 1372 2102 restris
1384 2069 1556 2115 Scriptura:
1567 2068 1642 2102 vsus
1652 2069 1690 2102 ad
1700 2068 1892 2117 profectum

50 2137 183 2172 tendere
205 2132 331 2179 semper
342 2130 448 2163 debet.
495 2125 554 2160 Ad
564 2124 743 2159 dominam.
787 2121 853 2156 Hic
865 2132 920 2168 per
929 2118 1049 2166 species
1063 2127 1232 2151 enumerat
1243 2117 1342 2162 quarn
1355 2118 1442 2150 varia
1460 2115 1496 2149 lit
1507 2128 1543 2150 ac
1556 2117 1730 2165 multiplex
1749 2117 1885 2152 vtilitas.

51 2187 102 2221 Ac
114 2186 225 2233 primo
239 2181 375 2228 quidem
387 2177 464 2211 loco
474 2177 572 2224 ponit
581 2174 779 2208 doetrinam:
796 2168 888 2204 sicuti
901 2168 1017 2202 ordine
1027 2165 1091 2200 alia
1100 2167 1216 2199 omnia
1228 2163 1507 2211 praecedir.frustra
1518 2168 1607 2199 enim
1619 2165 1827 2203 horteris,vel
1838 2179 1890 2200 ar-

51 2246 146 2282 guas,
157 2230 216 2266 nisi
229 2229 318 2277 prius
328 2227 490 2261 docueris.
509 2223 570 2258 Sed
585 2223 662 2269 quia
673 2219 752 2267 saepe
762 2217 859 2265 friget
873 2215 970 2265 perse
979 2217 1143 2252 doctrina,
1153 2214 1242 2247 addit
1251 2211 1490 2259 redargutionem
1500 2236 1509 2250 ‚
1523 2216 1557 2247 ὃς
1569 2216 1786 2247 εοννεῖῖῑοηηη,
1806 2216 1897 2249 Por—,

47 2283 88 2317 xo
103 2280 183 2328 quid
193 2291 231 2313 ex
241 2269 415 2325 Scripturis
426 2271 602 2308 discamus,
621 2271 722 2304 nimis
733 2267 877 2314 longum
897 2263 971 2299 effer
982 2262 1163 2311 explicare:
1185 2266 1219 2295 &
1232 2263 1299 2295 iarn
1312 2261 1402 2308 prius
1415 2260 1557 2295 breuiter
1570 2261 1731 2296 summam
1760 2266 1892 2297 notauit

50 2322 112 2365 sub
129 2328 219 2362 Fidei
229 2327 380 2360 nomine.
395 2323 475 2356 Haec
485 2322 588 2368 igitur
599 2319 763 2366 praecipua
777 2316 821 2349 cst
833 2312 978 2350 scientia,
993 2311 1071 2346 fides
1082 2313 1118 2345 in
1129 2310 1277 2345 Christo.
1295 2311 1391 2344 Hanc
1405 2308 1549 2356 sequitur
1562 2312 1727 2344 institutio
1737 2309 1889 2346 forman-

53 2379 102 2412 dae
111 2379 196 2411 vitae:
206 2371 364 2409 accedunt
374 2369 499 2406 stimuli
509 2368 779 2403 exhortationum
794 2368 828 2398 ὃς
841 2359 1144 2410 reprehensionum.
1164 2361 1212 2392 Ita
1222 2360 1280 2404 qui
1295 2359 1469 2405 Scripturis
1481 2361 1541 2392 rite
1551 2361 1599 2393 vti
1613 2358 1670 2394 scir
1682 2385 1691 2399 ‚
1716 2358 1794 2394 huic
1805 2359 1893 2394 nihil

53 2427 95 2460 ad
105 2423 252 2461 salutem,
265 2419 350 2456 nihil
360 2420 399 2454 ad
409 2418 493 2453 bene
501 2416 686 2451 viuendum
699 2413 794 2447 deest.
805 2412 1009 2457 Redargutio
1021 2412 1056 2443 &
1066 2409 1230 2442 correctio
1240 2418 1356 2454 parum
1368 2404 1523 2440 differunt
1534 2430 1544 2443 ‚
1557 2406 1614 2440 nili
1628 2408 1718 2454 quod
1726 2409 1891 2455 vposter-ius

52 2487 93 2509 ex
102 2475 211 2521 priore
223 2480 344 2505 manat.
353 2479 432 2502 narn
441 2463 665 2514 resipiscentiae
675 2463 812 2496 initium
839 2483 849 2497 ‚
863 2459 906 2493 est
917 2457 1081 2492 malorum
1093 2457 1285 2491 nostrorum
1295 2457 1427 2503 agnitio
1436 2478 1447 2493 ,
1467 2459 1501 2490 <Sc
1513 2456 1634 2490 Diuini
1646 2457 1761 2491 iudicii
1773 2454 1891 2492 sensus.

52 2523 213 2558 Institutio
223 2522 256 2553 in
264 2516 386 2560 iustitia,
406 2515 460 2564 pie
472 2512 647 2560 sancteque
659 2510 793 2544 viuendi
805 2510 968 2543 rationem
979 2503 1149 2553 fignificat.
1311 2524 1314 2530 ·
1700 2526 1704 2530 .
1720 2506 1787 2532 aaut

67 2591 69 2594 ¹
101 2590 140 2625 ¹7
189 2579 224 2612 V
224 2587 238 2610 t
245 2580 359 2623 integer
361 2575 428 2621 fit.)
477 2575 607 2619 Integer
620 2580 680 2617 pro
690 2564 841 2602 absoluto
857 2567 996 2612 capitur,
1011 2566 1045 2597 in
1056 2573 1126 2609 quo
1137 2557 1225 2596 nihil
1238 2561 1276 2595 fit
1287 2560 1458 2595 mutilum.
1469 2560 1661 2609 [impliciter
1671 2557 1890 2604 enini§.illinit³

55 2631 262 2676 Scripturam
277 2625 315 2658 ad
325 2621 564 2671 perfeetionem
581 2617 736 2653 sufficere.
763 2617 849 2662 Ergo
860 2612 1009 2660 quisquis
1027 2609 1461 2658 Scripturacontentusnon
1473 2610 1516 2643 est
1530 2634 1541 2647 ‚
1561 2609 1635 2657 plus
1644 2608 1761 2657 sapere„
1769 2603 1893 2657 eipetit

56 2677 158 2725 quam
170 2672 321 2722 oporteat
333 2671 383 2706 vel
395 2671 556 2717 expediat.
566 2667 689 2701 Verum
700 2664 756 2699 hic
768 2663 928 2698 obiicitur
938 2661 1086 2708 quaestio:
1096 2671 1202 2705 quum
1211 2657 1331 2693 Paulus
1342 2658 1557 2705 deScriptura
1567 2657 1746 2705 loquatunJ
1758 2657 1805 2700 *ue
1815 2670 1896 2693 cen-

56 2724 140 2762 setur
150 2723 207 2758 sub
217 2724 356 2757 nomine
366 2721 492 2754 Veteris
504 2715 701 2751 testamenti,
716 2711 891 2759 quomodo
903 2722 939 2744 ea
949 2709 1070 2743 dicitur
1080 2706 1256 2749 hominem
1268 2709 1364 2741 omni
1375 2718 1412 2740 ex
1422 2717 1512 2754 parte
1523 2705 1702 2741 absoluere.
1719 2670 1803 2741 <xiim
1816 2704 1838 2741 fi
1851 2710 1897 2741 ita

59 2775 115 2812 est,
123 2773 251 2808 videtur
262 2767 322 2804 effe
331 2768 568 2815 superuacuum
581 2763 741 2810 quicquid
751 2760 869 2795 deinde
879 2771 935 2806 pet
946 2755 1126 2806 Apostolos
1140 2752 1278 2790 acceffit.
1290 2754 1500 2802 Respondeo,
1519 2766 1682 2801 quantum
1693 2756 1734 2789 ad
1748 2753 1897 2794 substan-

57 2825 140 2858 tiam
155 2820 287 2868 spectat,
300 2817 385 2852 nihil
397 2813 487 2850 fuisse
498 2813 656 2847 additum.
678 2808 764 2844 nihil
776 2811 866 2843 enim
877 2810 1054 2842 continent
1067 2803 1308 2851 Apostolorum
1326 2803 1442 2850 scripta
1454 2804 1556 2849 quam
1575 2816 1699 2837 meram
1713 2799 1898 2850 acgerma-

57 2876 136 2906 nam
147 2870 245 2915 Legis
264 2871 298 2901 δε
309 2864 549 2913 Prophetarum
560 2859 825 2907 nexplicationem
838 2857 902 2891 vna
917 2867 994 2890 cum
1015 2864 1124 2888 rerum
1138 2851 1354 2887 exhibitione.
1376 2853 1519 2887 Proinde
1530 2852 1596 2886 hoc
1607 2850 1718 2899 elogio
1729 2863 1799 2886 non
1813 2850 1899 2885 male

58 2921 260 2966 Scripturam
271 2915 390 2949 Paulus
402 2913 536 2947 ornauit
551 2923 559 2943 :
571 2913 605 2944 &
617 2920 722 2954 quum
734 2906 833 2940 hodie
844 2902 1023 2952 pleniorsit
1034 2907 1067 2936 &
1079 2899 1282 2935 luculentior
1297 2899 1474 2946 Euangelii
1490 2898 1671 2935 aceeffione
1683 2903 1750 2934 eius
1774 2898 1901 2934 doctri-

58 2979 112 3006 na,
125 2966 204 3013 quid
218 2964 282 2997 dici
295 2963 401 3010 p‘otest
411 2984 420 2998 ,
445 2957 504 2994 nifi
514 2958 605 2993 certo
617 2955 858 3004 sperandum'vr
872 2951 1098 2998 multomagis
1122 2946 1153 2983 se
1163 2959 1269 2983 exerat
1285 2950 1342 2984 ista
1351 2948 1475 2985 vtilitas
1493 2961 1594 2996 quam
1605 2947 1724 2983 Paulus
1735 2948 1899 2995 prae'dicat‚

60 3013 85 3050 si
95 3015 191 3050 nobis
205 3010 309 3060 ipsam
321 3010 457 3058 experiri
468 3007 567 3042 libeat
582 3019 618 3041 ac
628 3007 816 3053 percipere?

798 3100 829 3134 C
847 3102 877 3134 A
894 3100 930 3134 P.
977 3100 993 3132 I
1012 3099 1029 3132 I
1047 3100 1062 3132 1
1081 3099 1105 3131 1.

175 3210 306 3248 Bteffor
313 3209 415 3261 igitur
424 3219 480 3261 ego
491 3217 599 3244 coram
613 3210 688 3241 Deo
699 3200 740 3246 ὠ·
752 3201 907 3238 Domino
915 3194 986 3249 lesit
997 3193 1130 3247 christo
1148 3223 1159 3240 ‚
1171 3194 1235 3250 qui
1245 3191 1454 3234 iudicaturus
1462 3196 1514 3232 eft
1529 3194 1634 3231 viuo‘s
1646 3189 1686 3237 ὂ
1693 3199 1846 3230 mortuos
1865 3193 1904 3231 in

65 3217 172 3316 O
256 3263 462 3317 apparitione
464 3259 530 3315 fisa
542 3261 627 3307 &in
637 3271 738 3312 regno
745 3253 823 3308 fito,
841 3300 846 3304 v
1364 3300 1367 3301 γ
1425 3294 1428 3298 „

153 3338 175 3361 2
233 3316 374 3358 Praedica
374 3315 567 3369 sermonem
575 3345 587 3364 ,
599 3317 691 3355 infra
699 3307 902 3367 tempestiue,
913 3308 1161 3365 intempestiue,
1170 3307 1469 3363 arguudncrepa,
1480 3303 1614 3345 hortare
1622 3316 1696 3344 cum
1712 3306 1807 3345 omni
1816 3302 1903 3344 leni-

67 3389 137 3420 tate
148 3380 188 3428 ό*
201 3375 368 3416 Δοὸῗνίηα.
