2268 3705
129 1314 327 1356 1.The.J4.d.16.

134 2209 294 2247 Effundam

331 94 398 144 ¹⁶4
943 96 1038 143 IN
1085 89 1686 145 EPIST·PAVL1

344 171 458 205 &ione
468 160 522 202 sua
532 170 735 217 promeritus
746 169 790 204 est
799 180 835 205 vt
847 178 915 204 tam
927 173 962 204 in
973 181 1080 205 morte
1091 171 1193 217 quam
1205 173 1240 205 in
1249 172 1318 204 vita
1327 193 1337 207 ‚
1348 168 1461 216 gloriae
1472 171 1623 204 nominis
1633 166 1681 202 sui
1689 166 1879 201 seruiamus.
1907 164 2014 212 de
2023 166 2078 202 hic
2088 167 2190 204 habe.-

343 228 397 251 tur
406 240 416 254 ,
432 218 610 261 Resurrextt
623 221 784 257 &reuixit
793 242 803 256 ‚
816 219 952 266 perinde
963 218 1047 252 valet
1058 230 1156 265 atque
1166 232 1223 267 per
1244 218 1518 252 resurredtionem
1529 229 1662 252 nouum
1680 217 1755 250 vitae
1766 215 1884 267 statum
1896 218 1926 249 ei
1938 214 2029 250 fuisse
2047 229 2190 264 partum.

343 266 384 299 Et
395 267 474 312 quia
485 269 514 301 vi
519 278 550 301 ta
561 280 662 315 quam
673 280 764 302 nunc
774 267 917 311 obtinet,
923 269 1104 301 mutationi
1114 266 1263 301 obnoxia
1274 279 1345 300 non
1356 266 1572 302 est‚aeternum
1584 276 1721 312 quoque
1731 266 1800 298 eius
1811 264 1870 298 esse
1882 266 1916 297 in
1927 277 1990 298 nos
2001 267 2192 312 imperium.

402 353 443 377 10
500 346 559 380 Tu
568 339 650 380 verb
661 341 753 396 quid
758 338 893 380 iudicas
893 337 1042 392 fratrem
1050 349 1148 379 tuum
1157 342 1175 378 Ρ
1187 349 1247 378 aut
1256 343 1360 378 etiam
1369 349 1410 378 tu
1417 368 1426 385 ,
1438 339 1530 393 quid
1536 339 1723 377 contemnis
1723 334 1870 390 fratrem
1878 348 1979 376 tuum
1988 342 2004 377 ?
2017 345 2144 378 onmes
2153 349 2190 378 e·

346 398 422 435 nim
423 396 641 452 fistemuraa'
643 396 797 436 tribunal
808 393 946 444 Christi.
2235 403 2241 445 j

409 468 420 491 1
428 468 441 492 1
498 459 655 509 Scriptum
664 452 711 504 cst
718 455 823 497 enim,
833 453 927 492 Viuo
938 448 1095 505 ego‚dicit
1101 453 1288 498 Dominus,
1293 449 1382 491 mihi
1379 452 1549 505 fledffetur
1555 465 1657 491 omne
1661 465 1754 506 genu
1763 478 1773 497 ,
1786 450 1826 497 ἀ
1837 453 1953 491 omnis
1962 450 2078 509 lingua
2088 451 2182 502 confi
2180 472 2195 479 -
2234 471 2235 474 ¹

345 507 471 549 rebitur
483 517 570 548 Deo.
1303 507 1305 509 ’

409 580 450 606 12.
508 572 538 605 V
540 562 743 619 nusquifiyue
752 561 947 619 igiturdese
957 565 1126 602 rationem
1133 562 1257 602 reddet
1265 570 1351 602 Deo.

404 638 416 662 1
424 638 440 673 3
501 629 635 676 Ques
640 635 683 658 ne
693 620 838 676 amplius
849 619 1035 659 iudicemus
1044 618 1132 658 alius
1144 619 1266 657 alium:
1273 619 1343 673 sed
1349 617 1411 659 hoc
1419 618 1569 662 iudicate
1572 623 1707 676 potius,
1717 632 1760 659 ne
1768 618 1880 674 lapfics
1892 617 2007 674 occasio
2017 617 2118 657 detur
2116 617 2193 674 fra·
2234 652 2237 673 ,Ι

345 681 469 725 maus
478 676 728 732 offendiculum.
2246 686 2248 690 ³

394 764 429 786 10
474 753 530 786 Tu
540 747 636 796 verb.)
688 754 865 800 Qoniarn
877 754 1035 787 omnium
1045 752 1195 787 nostrum
1204 754 1308 786 vitam
1319 765 1355 787 ac
1365 764 1511 788 mortem
1521 751 1655 786 Christo
1665 751 1839 788 addixerat,
1852 751 1928 785 inde
1937 751 2108 787 transitum
2121 752 2199 792 facit
2222 744 2251 792 ,ἦ

346 802 386 835 ad
401 803 614 835 mentionem
629 803 746 835 iudicii
759 802 851 848 quod
874 802 966 835 Pater
981 800 1029 834 illi
1042 802 1106 835 vna
1118 813 1197 836 cum
1218 800 1288 835 caeli
1298 814 1335 836 ac
1344 813 1435 836 terrae
1445 802 1601 836 dominio
1617 798 1746 833 detulit.
1775 800 1868 833 Vnde
1880 798 2011 847 colligit
2031 802 2205 848 importu—'
2223 788 2255 866 J!

347 862 427 884 nam
440 848 500 884 esse
510 849 678 884 audaciam
691 873 701 888 ,
711 849 810 896 siquis
822 851 984 884 iudicium
1004 849 1063 883 sibi
1075 852 1110 884 in
1129 849 1261 884 fratrem
1285 849 1418 898 vsurpat
1432 864 1440 884 ι
1453 849 1588 896 quando
1607 849 1669 882 hac
1687 846 1822 881 licentia
1840 847 1975 882 Christo
1986 850 2144 884 Domino
2162 864 2208 884 e--
2237 863 2255 890 -ῖ,

348 900 468 945 ripitur
477 898 618 946 potestas
628 911 730 945 quam
742 897 830 932 solus
847 900 967 932 aPatre
981 900 1119 946 accepit.
1149 899 1210 933 Sed
1222 899 1370 945 primum
1387 902 1509 933 Fratris
1527 899 1668 932 nomine
1681 897 1811 931 co'ercet
1830 897 2101 932 istamiudicandi
2120 897 2200 933 libi-
2240 895 2254 941 ',

346 946 473 980 dinem.
500 948 534 981 Si
548 949 639 980 enim
654 946 800 981 fraternae
811 945 974 981 societatis
985 948 1036 981 ius
1049 949 1134 981 inter
1145 959 1208 981 nos
1219 948 1329 981 statuit
1339 949 1512 982 Dominus
1522 970 1531 983 ‚
1543 944 1767 991 aequalitatem
1781 941 1898 978 seruari
1907 957 2058 993 oportet:
2070 948 2202 994 impot-
2218 958 2227 992 j

346 996 429 1030 tune
441 1008 520 1043 ergo
532 994 630 1029 faciet
650 994 732 1030 alius
742 994 885 1041 quilibet
896 1021 907 1036 ‚
929 995 1047 1029 iudicis
1059 994 1233 1043 personam
1245 995 1303 1030 fibi
1315 994 1489 1030 assumens.
1515 994 1646 1028 Deinde
1657 994 1697 1026 ad
1707 995 1846 1028 vnicum
1856 992 1960 1027 ‚illum
1970 995 2117 1030 Iudicem
2135 1009 2200 1030 nos
2226 994 2227 997 ¹

347 1055 486 1078 reuocat
495 1067 506 1081 ‚
528 1046 582 1078 cui
592 1057 663 1078 non
675 1042 782 1078 solum
804 1044 946 1078 adimere
958 1042 1048 1078 suam
1059 1044 1255 1092 potestatem
1274 1057 1377 1078 nemo
1388 1042 1495 1092 potest
1507 1067 1518 1081 ,
1539 1042 1593 1076 sed
1604 1055 1646 1077 ne
1657 1044 1726 1075 eius
1740 1041 1876 1088 quidem
1888 1041 2035 1077 tribunal
2045 1041 2199 1091 effugere.
2214 1053 2227 1058 '⁴

347 1093 465 1139 Qam
491 1095 593 1140 igitur
603 1090 777 1127 absurdum
790 1089 864 1125 esset
876 1094 962 1125 inter
972 1092 1130 1127 homines
1140 1116 1151 1130 ‚
1165 1091 1188 1126 si
1198 1104 1271 1126 reus
1282 1094 1343 1138 qui
1355 1095 1391 1126 in
1402 1090 1554 1127 subsellio
1566 1092 1669 1124 iacere
1681 1089 1778 1124 debet
1789 1112 1800 1127 ‚
1820 1090 1984 1125 inuolatet
1995 1093 2030 1125 in
2054 1091 2204 1127 tribunal.
2228 1099 2229 1129 j

346 1142 484 1176 iudicis:
505 1152 574 1175 tam
596 1138 773 1174 absurdum
786 1141 829 1174 est
842 1140 1070 1174 Christianum
1080 1141 1260 1175 hominem
1274 1141 1456 1175 iudicandae
1466 1139 1614 1175 fraternae
1625 1137 1837 1173 conscientiae
1851 1138 2024 1174 licentiam
2043 1141 2083 1174 ad
2096 1139 2126 1175 se
2137 1152 2207 1183 tra-3

346 1188 433 1224 here.
461 1189 542 1223 Tale
553 1188 618 1222 fere
628 1189 671 1222 est
683 1199 920 1236 argumentum
930 1187 1043 1222 lacobi
1053 1201 1125 1237 cap.
1134 1200 1172 1234 4.
1184 1200 1211 1223 c.
1222 1201 1258 1223 10
1269 1211 1279 1226 ‚
1300 1189 1408 1236 Qd
1422 1191 1482 1236 qui
1492 1187 1626 1223 fratrem
1636 1188 1759 1221 iudicat
1771 1211 1782 1225 ,
1791 1187 1914 1222 iudicat
1924 1190 2049 1236 Legem
2056 1202 2067 1226 ,:
2075 1192 2137 1236 qui
2146 1199 2208 1224 ve-*
2223 1199 2226 1203 '

346 1239 384 1272 ro
396 1239 518 1272 iudicat
529 1238 654 1284 Legem
666 1263 675 1278 ,
687 1250 758 1271 non
768 1238 866 1284 Legis
882 1238 925 1271 est
937 1236 1129 1272 obseruator
1139 1264 1150 1278 ‚
1162 1235 1214 1271 sed
1223 1236 1346 1285 praeses.
1377 1238 1510 1272 Contr‘a
1521 1235 1600 1271 vero
1609 1258 1619 1272 ‚
1632 1237 1745 1282 inquit
1756 1261 1767 1276 ‚
1783 1237 1876 1270 Vnus
1887 1237 1932 1270 cst
1941 1236 2124 1284 Legissator
2143 1241 2221 1286 qui,

345 1288 452 1335 potest
466 1286 590 1320 seruare
603 1289 638 1320 ὃς
650 1286 794 1333 perdere.
847 1284 1009 1319 Trahunal
1017 1309 1027 1323 ‚
1046 1299 1107 1334 pro
1124 1286 1292 1320 iudicandi
1313 1284 1470 1321 facultate
1480 1285 1614 1321 Christo
1626 1282 1795 1325 attribuit,
1815 1283 1958 1330 qualiter
1969 1297 2035 1320 vox
2051 1287 2206 1332 Archan-
2219 1303 2227 1326 χ

345 1334 413 1382 geli
433 1346 499 1382 qua
516 1332 697 1368 citabimur
716 1357 726 1372 ,
750 1333 848 1369 Tuba
858 1336 1057 1369 nominatur
1068 1333 1164 1369 alibi:
1178 1336 1258 1381 quia
1267 1333 1325 1370 suo
1339 1334 1430 1371 velut
1440 1334 1620 1382 clangore,
1642 1335 1800 1368 omnium
1810 1344 1938 1369 mentes
1951 1332 2106 1382 auresque
2126 1332 2243 1384 per-js,

347 1383 453 1418 cellet.

392 1443 421 1466 11
460 1436 610 1481 Scriptum
621 1430 660 1470 est
669 1436 761 1470 enim,
773 1435 859 1467 viuo
870 1436 946 1481 ego.)
995 1434 1072 1468 Hoc
1081 1433 1254 1482 Prophetae
1264 1433 1496 1469 testimonium
1515 1445 1586 1468 non
1598 1443 1664 1467 tam
1678 1432 1718 1466 ad
1734 1431 1970 1480 probationem
1982 1429 2151 1468 sententiae
2160 1432 2205 1468 il-

343 1480 409 1516 lius
419 1481 458 1515 de
469 1482 595 1515 iudicio
609 1481 824 1528 Christi‚quae
835 1481 1023 1517 indubitata
1033 1493 1100 1516 erat
1109 1483 1196 1530 apud
1206 1496 1324 1517 omnes
1336 1481 1666 1519 Chi·istianos,citasse
1677 1482 1763 1515 mihi
1774 1481 1915 1522 videtur,
1933 1483 2035 1529 quam
2046 1492 2082 1517 vt
2093 1483 2204 1518 osten·
2230 1497 2231 1501 ¹

343 1531 432 1564 deret
444 1530 609 1565 iudicium
620 1529 702 1564 illud
713 1528 841 1564 summa
851 1542 929 1565 cum
939 1530 1131 1565 humilitate
1142 1534 1176 1565 &
1190 1529 1404 1566 submissione
1413 1531 1574 1565 omnibus
1588 1528 1647 1564 effe
1659 1530 2011 1577 expc&andum:quod
2024 1529 2123 1565 verba
2132 1544 2204 1580 quo
2225 1547 2227 1550 ¹

343 1591 410 1626 que
421 1575 550 1612 sonant.
572 1578 664 1612 Prius
686 1591 764 1626 ergo
775 1576 838 1613 suis
849 1579 957 1613 verbis
971 1580 1104 1613 testatus
1114 1580 1157 1612 est
1167 1603 1177 1617 ‚
1198 1592 1298 1627 penes
1310 1580 1482 1614 Christum
1493 1591 1600 1613 vnum
1612 1577 1673 1612 effe
1686 1579 1848 1612 iudicium
1858 1581 1894 1613 in
1904 1592 2024 1613 omnes
2033 1579 2207 1615 homines:

343 1639 435 1662 nunc
447 1628 520 1661 Pro*
538 1627 620 1661 hetae
633 1626 743 1661 verbis
755 1628 968 1666 demonstrat,
980 1638 1134 1675 oportere
1146 1627 1236 1663 illius
1248 1629 1363 1663 iudicii
1374 1630 1605 1676 expectatione
1615 1639 1754 1661 omnem
1767 1639 1901 1661 carnem
1913 1627 2099 1662 humiliari:
2112 1629 2214 1676 quodi

344 1688 402 1724 per
413 1688 502 1723 genu
511 1640 690 1710 dexionem
701 1686 848 1711 notatur.
860 1676 1026 1710 Caeterum
1037 1689 1232 1723 quanquam
1242 1679 1278 1711 in
1288 1675 1348 1711 illo
1358 1676 1530 1724 Prophetae
1542 1675 1621 1710 loco
1631 1676 1804 1709 Dominus
1815 1677 1849 1709 in
1860 1688 1979 1723 genere
1991 1678 2138 1724 praedicit
2149 1677 2203 1712 fo-
2241 1684 2251 1717 '⁷

341 1736 377 1758 re
387 1734 422 1757 vt
437 1722 616 1758 illustretur
625 1724 733 1772 gloria
743 1722 797 1759 sua
808 1725 897 1773 apud
907 1736 1026 1759 omnes
1037 1726 1176 1766 Gentes,
1189 1738 1226 1760 ac
1240 1727 1387 1760 maiestas
1400 1724 1454 1759 sua
1463 1724 1587 1771 vbique
1600 1726 1745 1758 emineat
1758 1749 1769 1763 ,
1780 1735 1852 1770 quae
1863 1735 1944 1758 tunc
1954 1727 2040 1759 inter
2051 1725 2206 1773 pauciffi-
2238 1726 2250 1765 “-,

343 1771 525 1813 mos‚veh·1t
537 1775 572 1808 in
581 1772 722 1808 obscuro
734 1773 849 1820 aliquo
862 1774 980 1808 mundi
990 1769 1417 1821 anguloidelitescebatztam
1423 1787 1463 1808 en
1474 1772 1496 1807 fi
1506 1773 1644 1821 propius
1653 1773 1886 1819 expendimus,
1897 1772 2008 1820 palam
2021 1776 2065 1808 est
2075 1777 2146 1810 eius
2156 1778 2209 1816 rei*
2237 1770 2243 1774 ⁸

341 1820 636 1868 complementum
646 1835 717 1857 non
730 1833 836 1856 extare
847 1834 1066 1869 nunc,neque
1077 1835 1225 1869 vnquam
1236 1821 1372 1857 extitisse
1381 1825 1417 1856 in
1429 1822 1494 1856 hoc
1507 1822 1622 1856 mudo:
1635 1833 1744 1867 neque
1757 1820 1836 1854 verb
1847 1823 1917 1855 eius
1927 1825 1974 1855 rei
1984 1824 2019 1856 in
2029 1824 2204 1870 posterum
2243 1859 2249 1873 ἱ

343 1869 415 1918 spes
425 1870 479 1903 est.
494 1870 578 1904 Non
589 1869 682 1905 aliter
692 1883 783 1906 nunc
794 1882 911 1919 regnat
921 1873 957 1905 in
970 1866 1101 1905 mundo
1111 1872 1203 1907 Deus
1213 1896 1224 1910 ,
1246 1873 1347 1919 quam
1358 1883 1415 1920 per
1425 1869 1652 1918 Euangelium
1666 1880 1747 1903 :nec
1757 1868 1853 1903 aliter
1861 1872 1922 1903 rite
1933 1870 2119 1906 honoratur
2130 1875 2204 1908 eius
2242 1903 2245 1908 ,

342 1919 504 1959 maiestas,
511 1919 613 1965 quam
625 1919 682 1954 vbi
697 1932 734 1954 ex
745 1918 848 1954 verbo
860 1923 973 1967 agnita
983 1919 1166 1968 suspicitur.
1191 1922 1300 1967 Atqui
1310 1920 1435 1967 semper
1445 1918 1563 1953 habuit
1574 1919 1642 1952 Dei
1654 1916 1793 1952 verbum
1804 1918 1914 1952 hostes
1927 1915 2002 1953 suos
2013 1923 2073 1966 qui
2090 1922 2204 1968 perui·
2236 1903 2254 1965 l,

343 1970 465 2002 caciter
476 1968 674 2002 restiterunt:
687 1972 720 2003 &
733 1980 995 2016 contemptores,
1011 1971 1070 2015 qui
1079 1967 1225 2003 ludibrio
1235 1969 1321 2004 illud
1330 1968 1422 2004 velut
1432 1980 1503 2002 rem
1513 1966 1675 2002 ludicram
1684 1978 1721 2000 ac
1730 1964 1915 2000 fabulosam
1925 1966 2121 2003 habuerunt.
2138 1969 2204 2004 ho·
2242 1972 2253 2004 ,¹

343 2016 397 2050 die
408 2028 545 2063 quoque
557 2015 656 2050 multi
669 2017 748 2051 tales
761 2015 846 2051 suut.
860 2021 895 2052 δε
906 2017 1067 2065 perpetuo
1079 2028 1186 2051 erunt.
1196 2019 1286 2052 Hinc
1299 2027 1433 2066 apparet
1445 2016 1597 2051 inchoari
1608 2016 1745 2062 quidem
1757 2017 1792 2049 in
1805 2013 1953 2062 praesenti
1964 2018 2033 2050 vita
2044 2020 2204 2054 vaticinia
2240 2014 2253 2058 ’ἷι

345 2063 497 2098 istudzsed
505 2065 523 2098 a
533 2061 586 2098 sua
596 2064 803 2112 perfectione
814 2063 1040 2103 abeffe,donec
1051 2065 1119 2099 dies
1131 2065 1188 2100 ille
1197 2065 1315 2110 vltime
1328 2064 1574 2100 resurrectionis
1585 2063 1815 2110 illuxerit‚quo
1826 2065 2075 2111 prosternentur
2083 2079 2207 2109 omnes*
2239 2071 2253 2113 ἐξ

348 2112 472 2148 Christi
485 2112 643 2154 hostes‚vt
656 2112 736 2148 fiant
746 2113 923 2148 scabellum
936 2114 1062 2162 pedum
1075 2116 1156 2148 eius.
1168 2115 1272 2149 Porro
1283 2116 1316 2149 id
1327 2127 1464 2162 quoque
1475 2112 1546 2148 fieri
1557 2126 1629 2148 non
1643 2115 1766 2161 poterit
1775 2138 1785 2153 ,
1795 2111 1855 2146 nisi
1869 2115 1902 2146 in
1915 2114 2078 2148 iudicium
2089 2113 2203 2151 sederit

343 2163 527 2196 Dominus:
549 2173 628 2209 ergo
638 2160 723 2196 bene
733 2163 984 2198 acommodauit
995 2164 1226 2197 testimonium
1238 2163 1304 2198 hoc
1313 2164 1352 2197 ad
1363 2161 1507 2197 tribunal
1519 2161 1653 2196 Christi.
1666 2162 1718 2195 Est
1730 2163 1829 2194 etiam
1839 2160 1976 2209 insignis
1986 2161 2080 2197 locus
2090 2165 2129 2198 ad
2140 2164 2204 2199 sla-
2246 2164 2253 2192 ἲ

343 2209 527 2245 biliendam
540 2208 638 2244 fidem
650 2211 796 2245 nostram
810 2212 848 2245 de
860 2223 979 2246 aeterna
989 2211 1114 2246 Christi
1128 2213 1326 2247 Diuinitate.
1338 2214 1431 2246 Deus
1443 2212 1534 2245 enim
1548 2209 1592 2244 est
1602 2212 1662 2256 qui
1671 2208 1740 2243 illic
1750 2208 1914 2256 loquitur,
1926 2213 1959 2244 δε
1970 2212 2062 2245 Deus
2073 2212 2129 2246 ille
2141 2216 2203 2259 qui
2239 2241 2247 2259 .,

345 2258 490 2306 gloriam
503 2256 594 2292 suam
605 2257 697 2293 alteri
707 2273 778 2293 non
789 2258 950 2294 cessurum
963 2259 1062 2294 semel
1077 2263 1322 2308 pronuntiauit.
1348 2263 1418 2294 Iam
1430 2258 1452 2294 fi
1463 2262 1499 2293 in
1511 2258 1647 2293 Christo
1675 2257 1877 2306 adimpletur
1888 2260 1979 2304 quod
1991 2262 2047 2293 vni
2060 2259 2119 2295 sibi
2130 2260 2202 2297 illic
2246 2264 2254 2279 ·“

346 2305 576 2355 vindicat,ipse
586 2307 811 2355 proculdubio
824 2308 900 2343 sein
912 2308 1047 2343 Christo
1059 2308 1253 2343 manifestat.
1266 2311 1305 2344 Et
1316 2308 1390 2344 sane
1401 2307 1491 2343 illius
1504 2307 1687 2355 prophetiae
1698 2308 1815 2340 veritas
1825 2317 1906 2340 tunc
1917 2306 2025 2354 palam
2036 2313 2200 2357 apparuit,

346 2368 455 2403 quum
466 2368 503 2390 ex
516 2355 595 2390 orbe
607 2355 759 2390 Vniuerso
772 2356 938 2405 populum
950 2356 1007 2391 sibi
1017 2356 1155 2404 collegit
1166 2358 1431 2405 Christus,atque
1442 2360 1478 2391 in
1489 2358 1640 2391 numinis
1650 2353 1698 2389 sui
1709 2353 1850 2395 cultum,
1867 2355 2108 2403 Euangeliique
2118 2357 2201 2393 obe-·

346 2406 507 2439 dientiam
517 2405 652 2451 redegit.
664 2405 746 2451 Q
758 2403 896 2453 respexit
904 2404 1024 2439 Paulus
1035 2406 1156 2454 Philip.
1168 2407 1266 2448 2.b.9‚
1279 2420 1384 2454 quum
1395 2407 1529 2442 diceret,
1545 2406 1656 2442 Deum
1668 2403 1801 2437 Christo
1811 2401 1869 2437 suo
1881 2416 2008 2442 nornen
2021 2405 2151 2448 dedisse,
2162 2410 2200 2443 in
2249 2411 2252 2422 ⁵

331 2464 337 2469 ·
375 2466 419 2487 uo
431 2452 582 2488 fledratur
592 2465 695 2487 omne
707 2454 849 2500 genu.ad
860 2453 999 2501 plenum
1009 2465 1121 2488 autem
1131 2454 1368 2494 constabit‚vbi
1380 2455 1418 2488 ad
1430 2453 1626 2488 iudicandos
1637 2454 1733 2485 viuos
1750 2456 1784 2486 &
1797 2462 1948 2486 mortuos
1959 2452 2105 2489 tribunal
2115 2467 2204 2491 con—

348 2466 521 2536 ?cenderit:
534 2502 822 2548 quemadmodum
833 2501 883 2536 illi
895 2502 912 2535 ὲ
921 2503 1013 2535 Patre
1023 2503 1137 2537 datum
1148 2504 1192 2537 est
1203 2516 1306 2538 omne
1317 2505 1480 2538 iudicium
1491 2503 1527 2536 in
1537 2500 1617 2536 caelo
1629 2504 1662 2535 ὃς
1674 2502 1709 2534 in
1719 2502 1851 2534 terra-In
1861 2499 1969 2535 verbis
1979 2502 2145 2550 prophete
2154 2505 2200 2539 est

349 2550 477 2584 Omnis
488 2549 604 2597 lingua
616 2549 736 2584 iurabit
748 2551 851 2586 mihi:
868 2549 920 2584 sed
930 2563 1036 2596 quum
1050 2548 1170 2599 species
1179 2553 1301 2586 Diuini
1312 2551 1422 2587 cultus
1431 2549 1468 2585 sit
1476 2548 1717 2586 Iusiurandum,
1727 2548 1814 2583 nihil
1824 2548 1915 2583 sensu
1926 2552 2027 2584 variat
2039 2551 2129 2598 quod
2140 2552 2197 2588 hic
2243 2566 2246 2567 ⁷

348 2597 449 2632 habet
461 2597 578 2633 Paulus
588 2621 598 2635 ‚
611 2600 637 2631 C
638 2597 817 2644 onfitebc'tur.
850 2597 969 2633 Voluit
979 2601 1069 2633 enim
1080 2598 1272 2647 firnplicitet
1281 2599 1444 2636 affirmare
1454 2600 1638 2636 Dominus,
1650 2599 1791 2633 cunstos
1802 2597 1959 2632 homines
1969 2612 2040 2633 non
2051 2601 2153 2635 modo
2162 2615 2199 2636 a-
2250 2630 2251 2633 ,

348 2648 504 2693 gnituros
515 2646 547 2680 su
554 2659 610 2681 um
622 2645 817 2685 numemscd
831 2645 1071 2683 confessionem
1083 2648 1278 2683 obedientiae
1291 2650 1485 2686 edituros‚&
1498 2659 1556 2682 ore
1568 2651 1601 2682 &
1612 2657 1747 2681 externo
1759 2647 1909 2694 corporis
1920 2647 2129 2695 gestuvquem
2139 2663 2198 2698 pet

350 2707 439 2742 genu
449 2693 629 2729 flexionem
639 2694 832 2742 designauit.

398 2754 429 2777 12
467 2744 684 2788 ‘Unusbus'sque
693 2747 803 2791 igitur.)
843 2743 1026 2780 Conclusio
1037 2745 1104 2780 haec
1114 2746 1154 2779 ad
1163 2744 1388 2779 humilitatem
1398 2757 1435 2779 ac
1445 2741 1696 2779 submissionem
1707 2756 1768 2779 nos
1779 2744 2014 2779 reuocat-vnde
2024 2748 2124 2781 etiam
2134 2747 2198 2783 sta-
2234 2748 2251 2768 ’”·”

347 2793 411 2826 tim
423 2790 533 2829 infert,
546 2793 594 2826 Vt
604 2804 641 2824 ne
650 2792 814 2826 iudicemus
825 2796 904 2827 alter
914 2796 1043 2827 alterum
1057 2796 1154 2840 :quia
1164 2793 1262 2828 nobis
1274 2793 1320 2827 fas
1332 2806 1403 2827 non
1414 2794 1457 2827 est
1468 2793 1637 2828 iudicandi
1647 2795 1733 2828 vices
1748 2790 1900 2839 vsutpatc
1912 2814 1921 2828 ‚
1932 2804 2018 2838 quos
2032 2792 2196 2832 subeundi
2240 2791 2251 2809 '²‘

347 2843 470 2888 pariter
479 2841 595 2874 iudicii
610 2844 643 2874 δέ
659 2842 827 2876 reddendae
837 2844 975 2876 rationis
986 2854 1097 2876 manet
1108 2840 1283 2876 necessitas.
1294 2843 1340 2874 Ex
1351 2844 1438 2874 vatia
1448 2851 1560 2875 autem
1571 2840 1812 2888 significatione
1823 2839 1912 2874 verbi
1922 2842 2194 2892 ludicare‚elegfi-
2229 2832 2251 2919 ᾗ

348 2900 398 2922 ter
407 2889 543 2922 deduxit
551 2888 784 2923 antanaclasin.
794 2892 908 2924 Priore
918 2892 1010 2924 enim
1022 2891 1100 2925 loco
1113 2902 1198 2924 vetat
1211 2904 1253 2925 ne
1265 2892 1451 2924 iudicemus
1467 2889 1726 2923 condemnando
1740 2902 1747 2921 :
1768 2887 1871 2922 altero
1882 2888 1974 2923 iubet
1985 2902 2019 2924 vt
2029 2893 2195 2929 iudicium

348 2950 453 2971 omne
463 2939 601 2971 rationis
611 2936 799 2972 conferatur
809 2939 849 2972 ad
861 2939 1030 2973 vitandam
1042 2937 1275 2974 offensionem.
1292 2936 1443 2984 Oblique
1455 2940 1545 2972 enim
1556 2938 1746 2985 perstringit
1766 2935 1932 2983 malignos
1946 2938 2023 2972 istos
2033 2938 2194 2980 censores,
2238 2940 2240 2945 ’

349 2988 408 3032 qui
421 2985 486 3020 huc
497 2984 674 3019 conferunt
684 2997 795 3021 torum
806 2985 899 3021 suum
912 2999 1102 3024 acumemvt
1110 2988 1149 3022 ad
1159 2987 1286 3034 aliquid
1294 2986 1495 3033 carpendum
1508 2988 1684 3020 inueniant
1693 2988 1728 3019 in
1740 2983 1876 3018 fratrum
1886 2987 1962 3018 vita.
1984 2985 2129 3035 Ideoque
2140 2993 2194 3026 iu—

349 3033 406 3068 bet
418 3033 531 3082 potius
543 3035 582 3067 ad
594 3035 782 3069 cauendum
794 3037 942 3070 intentos
953 3034 1013 3070 esse
1023 3059 1033 3073 ,
1046 3039 1125 3083 quia
1135 3035 1193 3070 suo
1203 3037 1358 3084 neglectu
1369 3032 1448 3083 saepe
1457 3033 1568 3068 fratres
1579 3031 1654 3068 suos
1664 3034 1714 3068 vel
1727 3034 1936 3080 praecipitant
1947 3033 1998 3068 vel
2012 3037 2194 3084 impellunt

350 3085 386 3116 in
397 3083 535 3129 aliquod
547 3080 801 3118 offendiculum.

407 3151 454 3188 14
514 3142 622 3190 Qui
633 3139 674 3186 ῥ’
680 3136 934 3195 perfiaafiasfiem
942 3144 982 3179 in
1003 3143 1156 3181 Domino
1168 3140 1238 3196 lesia
1245 3171 1254 3188 ‚
1267 3137 1362 3181 nibil
1367 3154 1542 3179 commune
1544 3137 1648 3196 perse
1656 3138 1799 3196 effemist
1807 3144 1869 3196 qui
1879 3140 2200 3200 existimataliquid

352 3193 414 3247 effi
424 3209 609 3242 commune,
622 3199 655 3235 ei
663 3209 838 3235 commune
847 3194 899 3247 cst.

411 3263 424 3287 1
431 3266 449 3296 5
506 3259 538 3290 V
539 3251 632 3290 en>m
633 3251 670 3306 st
668 3263 804 3307 propter
812 3249 920 3290 cibum
928 3252 1036 3303 frater
1050 3263 1133 3292 tuus
1142 3255 1360 3306 contristatur
1369 3269 1376 3292 :
1391 3256 1464 3292 iam
1474 3250 1737 3306 nonficundum
1745 3267 1761 3292 c
1768 3251 1952 3295 karitatem
1960 3253 2122 3296 ambulas.
2148 3270 2193 3296 ne

350 3301 423 3344 cibo
435 3317 492 3344 tuo
501 3309 599 3347 illum
604 3308 804 3362 perdas,pro
815 3321 881 3362 quo
895 3307 1050 3361 Chnstus
1059 3320 1212 3348 mortuus
1220 3309 1275 3361 est.

407 3365 444 3399 16
500 3370 565 3412 Ne
575 3363 723 3416 vestrum
733 3367 839 3420 igitur
849 3362 1170 3412 bonum,hominum
1180 3363 1682 3422 maledt'centiaefitobmaxiutn.>

2022 3435 2057 3470 ¹7
2105 3427 2192 3476 Nam
