2268 3705
357 114 420 151 ω
947 103 1047 158 {N
1092 92 1629 162 EPISTOLAM.

341 196 432 221 terrae
443 178 637 232 poffeffione
648 173 818 215 fidem‘sibi
831 177 849 212 ὲ
858 177 933 211 Deo
944 176 1054 211 datam
1065 172 1179 210 fouere
1192 176 1227 208 in
1237 175 1360 208 animis
1371 195 1381 210 ‚
1393 166 1585 220 dOhGCPOJst
1594 169 1684 217 aliqu
1690 180 1724 205 ot
1741 167 1849 205 secula
1867 182 1916 206 res
1927 169 1994 219 ipsa
2016 171 2185 208 exhibere·

344 246 417 269 tur:
442 245 554 267 tar-nen
567 243 673 277 quum
691 242 733 264 ne
744 227 813 262 illic
824 225 960 273 quidem
971 223 1139 260 subsidunt
1149 246 1159 261 ‚
1178 221 1231 256 sed
1251 232 1423 270 penetrant
1443 220 1543 267 vsque
1552 222 1588 254 in
1597 219 1716 261 ciclum
1726 246 1735 260 ‚
1761 222 1796 254 in
1806 232 1845 253 eo
1857 219 2067 264 ,luculentius
2085 220 2185 257 fidem

343 282 434 319 suam
446 281 684 316 demonstrant.
726 276 857 312 Caelum
869 269 1266 316 vocatVrhemfundntam
1276 293 1286 308 ‚
1299 273 1394 311 cuius
1406 270 1502 303 status
1523 280 1701 316 perpetuus
1713 268 1755 302 est
1768 281 1776 302 :
1792 280 1898 314 quum
1909 271 1946 309 iri¹
1958 270 2085 304 mundo
2099 269 2186 308 nihil

345 330 384 366 fit
393 330 453 365 nisi
465 329 607 364 fluidum
622 332 655 362 ὃ(
667 327 842 361 caducum.
892 325 969 357 Hoc
978 333 1090 356 autem
1101 319 1276 354 absurdum
1287 319 1387 353 videri
1401 316 1613 365 pollet,quod
1622 318 1733 351 Deum
1744 315 1822 351 facit
1831 316 1900 351 caeli
1911 318 2188 366 conditore,quas2

344 392 417 415 non
428 390 546 413 tetram
557 389 694 424 quoque
704 369 1171 418 creauerit.Respondeo,quia
1181 371 1216 402 in
1228 369 1365 402 terrenis
1377 367 1546 401 struChiris
1557 367 1596 399 ad
1609 368 1778 399 materiem
1790 366 1950 400 accedunt
1962 366 2106 402 hominii
2117 381 2188 402 ma·

344 441 421 465 nus,
433 426 500 462 illis
510 428 574 461 Dei
585 423 762 472 opificium
773 435 845 456 non
860 421 972 466 inepte
983 421 1124 466 opponi.
1137 417 1299 464 quicquid
1309 427 1418 450 autem
1431 413 1470 448 ab
1481 413 1678 448 hominibus
1689 415 1891 455 construitur
1899 437 1910 452 ‚
1931 410 2064 449 autores
2074 415 2149 450 suos
2158 418 2189 451 i·

346 476 407 525 ipsa
420 475 632 511 instabilitate
644 471 750 507 refert:
760 470 852 504 sicuti
863 468 996 503 caelestis
1006 471 1080 502 vita:
1091 466 1370 514 perpetuitas‚Dei
1380 464 1565 498 conditoris
1576 474 1699 496 narurae
1710 464 1963 498 conuenitAEius
1974 464 2075 511 porro
2089 477 2189 514 expe.

348 528 496 561 eratione
506 522 667 558 subleuari
678 532 780 554 omne
794 519 930 551 taedium
941 517 1039 551 docet
1051 513 1245 563 Apostolus,
1257 526 1297 547 nc
1310 524 1456 558 vnquam
1467 513 1580 545 Deum
1593 510 1760 557 sequendo
1772 509 1960 558 satigemur.

394 585 421 608 11
472 570 551 607 Fide
563 575 600 610 ὠ·
612 570 675 617 ipsit
684 569 789 608 Sara.)
825 568 868 600 Vt
878 564 937 600 sibi
949 578 1019 599 non
1030 566 1140 598 minus
1152 564 1252 609 quirin
1265 564 1342 595 viris
1363 560 1517 594 mulieres
1539 559 1624 594 hanc
1635 560 1823 595 doctrinam
1846 572 2066 595 communem
2079 560 2139 596 esse
2151 564 2187 599 in

341 622 508 669 telligant,
518 623 598 655 Sarae
610 615 801 664 exemplum
811 613 955 648 adducit:
968 626 1068 660 quam
1081 613 1156 646 ideo
1168 622 1231 658 ptae
1241 609 1314 644 aliis
1326 611 1481 643 nominat
1492 632 1500 645 ‚
1514 608 1605 655 quod
1615 612 1771 642 omnium
1786 605 1935 643 fidelium
1948 607 1984 643 sit
1994 621 2108 645 mater.
2125 612 2188 651 Sed

344 674 470 706 mirum
482 670 525 704 est
536 667 765 702 commendari
780 667 850 698 eius
863 662 961 697 fidem
977 674 1049 708 quae
1059 658 1299 695 incredulitatis
1310 656 1418 705 palam
1437 668 1605 703 arguitur:
1618 659 1696 703 quia
1709 656 1838 703 Angeli
1852 669 1971 691 vocem
1987 657 2077 692 velut
2089 657 2186 694 fabu-

341 718 451 755 losam
463 718 574 751 rideat.
586 727 694 761 neque
707 716 797 748 enim
810 713 1040 746 admirationis
1051 708 1130 743 risus
1143 707 1197 742 ille
1207 706 1280 741 fuit:
1291 708 1419 752 alioqui
1444 718 1517 740 non
1527 716 1595 738 tam
1607 703 1717 739 seuere
1729 703 1922 753 reprehensa
1937 704 2044 740 fuisset
2053 706 2093 741 ab
2113 709 2189 743 An-

346 767 434 816 gelo.
445 766 624 808 Fatendum
635 764 678 797 cst
687 761 870 797 diffidentia
883 763 1020 794 mixtam
1031 756 1123 792 fuisse
1135 759 1204 791 eius
1217 754 1382 789 fidcmzsed
1393 756 1556 800 quoniam
1568 756 1697 788 monita
1708 754 1927 789 diffidentiam
1937 753 2027 789 suam
2039 759 2190 804 corrigit,

345 811 770 860 nihilominusagnoscitur
780 811 799 844 ὲ
807 811 894 850 Deo,
907 812 940 843 δι
951 807 1100 842 laudatur
1111 808 1180 840 eius
1192 802 1282 838 fides.
1292 803 1397 849 Qod
1407 812 1486 850 ergo
1503 805 1604 836 initio
1613 805 1740 836 reiiciar
1751 801 1840 849 quasi
1850 803 2189 844 incredibilefimulat

347 877 413 911 que
423 864 514 897 audit
526 875 563 896 ex
576 874 632 896 ore
642 863 704 895 Dei
715 858 918 907 profectum,
930 857 1122 891 obediente:
1133 855 1260 901 recipit.
1309 857 1421 898 Atque
1440 856 1519 885 lunc
1533 850 1650 885 vtilem
1660 851 1850 885 dostrinam
1865 852 2071 899 colligimus:
2089 846 2184 900 quod

347 915 447 948 etiam
461 911 550 958 siqua
562 914 596 946 in
608 920 698 957 parte
710 907 841 942 vacillet
851 917 906 940 aut
916 906 1078 940 claudicet
1090 902 1167 938 fides
1179 902 1299 938 nostra,
1312 914 1383 934 non
1394 899 1510 934 desinit
1522 898 1854 947 probariDeQmodo
1871 913 1912 934 ne
1921 898 2112 936 diffidentiae
2123 915 2188 937 no-

345 962 414 996 strae
425 960 668 1006 indulgeamus.
717 959 797 991 Sum
804 968 856 989 ma
863 966 973 991 autem
986 955 1041 994 est,
1054 950 1252 986 miraculum
1265 951 1357 996 quod
1370 949 1563 982 tunoedidit
1576 949 1666 982 Deus
1686 961 1792 994 quum
1801 947 1884 982 Isaac
1895 951 2029 995 genitus
2038 948 2188 991 fuitfru-

346 1012 440 1046 &um
451 1008 526 1043 fidei
537 1007 675 1042 Abrahae
690 1010 723 1040 δε
739 1006 849 1039 vxoris
860 1000 963 1041 fuisse,
974 1015 1038 1049 qua
1047 1003 1111 1036 Dei
1121 1003 1278 1034 virtutem
1291 998 1591 1045 apprehenderunt.
1640 996 1876 1044 Qafidelem.
1916 996 2105 1045 Diligenter
2121 1012 2188 1035 no*

346 1059 451 1093 tandae
464 1056 538 1092 sunt
551 1058 614 1090 istae
624 1057 768 1089 rationes
780 1066 852 1099 quae
861 1054 931 1086 vim
944 1049 1166 1096 naturamque
1178 1046 1254 1081 fidei
1264 1049 1467 1094 exprimunt.
1492 1047 1603 1091 Siquis
1615 1047 1744 1079 tantum
1758 1046 1867 1080 audiat
1877 1047 1986 1080 Saram
2010 1045 2072 1081 fide
2086 1060 2186 1096 pepe-

344 1104 428 1145 risse,
438 1107 592 1141 nondum
606 1105 686 1151 quid
698 1104 765 1149 hoc
775 1101 833 1135 sibi
845 1100 922 1135 velit
933 1096 1125 1146 assequetur:
1136 1095 1187 1131 scd
1197 1096 1265 1130 haec
1275 1093 1437 1142 expositio
1449 1106 1550 1140 quam
1569 1093 1748 1140 Apostolus
1760 1105 1845 1128 attex
1852 1087 1899 1129 tiit
1910 1118 1920 1132 ‚
1945 1094 2034 1129 tollit
2045 1108 2187 1132 omnem

339 1153 590 1191 difficultatem.
626 1153 723 1187 Hanc
737 1154 827 1185 enim
840 1147 932 1183 fuiffe
943 1150 1024 1183 Sarae
1036 1145 1133 1181 fidem
1147 1145 1298 1193 praedicat
1313 1166 1323 1180 ,
1333 1143 1426 1190 quod
1439 1140 1586 1176 veracem
1609 1142 1768 1177 iudicauit
1787 1144 1899 1177 Deum
1919 1165 1929 1181 ‚
1952 1141 2052 1190 idque
2071 1147 2108 1179 in
2119 1143 2186 1182 suis

371 1201 634 1239 remissionibus.
645 1203 739 1235 cuius
751 1197 918 1233 sententiae
929 1199 996 1232 duo
1007 1195 1082 1230 sunt
1093 1194 1251 1228 membra.
1268 1193 1414 1241 primum
1426 1193 1517 1225 enim
1529 1191 1608 1225 hinc
1621 1191 1780 1226 docemur
1791 1217 1801 1232 ,
1815 1191 1942 1226 nullam
1953 1191 2075 1239 absque
2085 1193 2191 1230 verbo

343 1255 408 1288 Dei
422 1250 481 1286 effe
493 1249 593 1284 fidem
605 1263 613 1283 ε
625 1253 702 1296 quia
712 1249 751 1282 de
760 1250 829 1282 eius
840 1249 976 1281 veritate
996 1243 1133 1293 persuasi
1147 1256 1217 1278 non
1227 1245 1350 1276 erimus
1360 1265 1369 1279 ,
1381 1241 1488 1274 donec
1498 1239 1664 1286 loquutus
1679 1239 1724 1274 lit.
1735 1242 1828 1287 quod
1840 1253 1944 1275 vnum
1956 1241 2086 1277 abunde
2099 1242 2186 1278 valet

343 1302 383 1336 ad
398 1299 609 1335 refutandum
624 1296 842 1346 sophistarum
855 1305 1090 1330 commentum
1101 1294 1140 1326 de
1151 1291 1213 1326 fide
1224 1288 1405 1338 implicita:
1417 1287 1542 1336 semper
1554 1289 1645 1323 enim
1657 1291 1798 1323 tenenda
1809 1289 1853 1323 est
1864 1300 1980 1323 mutua
1991 1292 2077 1324 inter
2086 1290 2188 1326 verbu

343 1353 455 1386 Dei&
469 1348 569 1383 fidem
581 1348 690 1382 nostra
700 1346 892 1380 relatio.Sed
904 1346 982 1391 quia
995 1347 1029 1377 in
1041 1344 1104 1376 Dei
1116 1339 1353 1376 beneuolentia
1362 1338 1527 1386 praecipue
1539 1341 1597 1380 (vt
1610 1337 1639 1370 ia
1650 1337 1776 1371 dicrum
1789 1337 2005 1376 est)fundatur
2017 1337 2188 1378 fides‚ideo

341 1407 416 1435 'non
429 1397 602 1445 quodlibet
618 1395 769 1432 verbum,
782 1396 925 1441 quanuis
942 1392 1131 1441 profectum
1143 1404 1180 1424 ex
1190 1393 1258 1424 eius
1269 1401 1336 1426 ote,
1351 1384 1578 1420 sufficerettsed
1590 1388 1767 1431 requiritur
1779 1384 1952 1433 promiffio
1963 1390 2075 1433 gratiae
2087 1389 2187 1424 testis.

343 1449 457 1494 Qam
464 1446 578 1481 obrem
591 1447 711 1479 dicitur
722 1446 797 1478 Sara
808 1454 957 1477 veracem
970 1440 1121 1475 iudicasse
1140 1441 1250 1473 Deum
1262 1438 1319 1483 qui
1331 1437 1534 1484 promiserat.
1561 1434 1640 1468 Haec
1663 1435 1802 1480 inquam
1813 1447 1888 1469 vera
1899 1435 1942 1468 est
1957 1435 2034 1470 fides
2047 1460 2058 1474 ,
2068 1450 2140 1485 (με
2150 1441 2186 1478 8<

342 1498 454 1531 Deum
470 1495 669 1542 loquentem
680 1493 781 1528 audit,
795 1496 827 1526 &
842 1488 1060 1539 promissione
1070 1491 1140 1523 eius
1150 1490 1280 1522 nititur.

391 1557 423 1579 η
475 1548 530 1578 Ex
539 1542 813 1589 vnogemtifimt.)
866 1541 993 1574 Iudaeos
1005 1540 1105 1573 etiam
1116 1549 1207 1572 nunc
1220 1536 1392 1572 admonet,
1406 1532 1467 1568 fide
1479 1530 1538 1567 effe
1549 1531 1674 1567 factum
1687 1543 1721 1566 vt
1732 1530 1795 1567 fint
1806 1531 1945 1567 Abrahae
1956 1531 2094 1569 soboles.
2108 1535 2188 1571 Erat

339 1597 435 1629 enim
446 1595 512 1628 iam
523 1592 612 1639 quasi
627 1589 863 1625 semimortuus
874 1588 1040 1623 Abraham
1056 1600 1063 1620 :
1078 1588 1152 1621 Sara
1162 1597 1243 1636 viror
1254 1597 1325 1631 quae
1345 1587 1380 1618 in
1400 1582 1482 1617 flore
1494 1584 1597 1615 aetatis
1614 1582 1729 1615 sterilis
1743 1580 1846 1615 fuerat
1857 1608 1866 1622 ‚
1880 1584 1946 1617 iam
1961 1580 2054 1618 senio
2066 1581 2186 1619 effoeta.

343 1645 456 1678 Citius
467 1653 545 1688 ergo
557 1639 670 1675 oleum
683 1652 720 1673 ex
730 1638 838 1686 lapide
849 1636 950 1672 fluere
960 1634 1214 1682 debebat,quam
1227 1646 1264 1668 ex
1275 1632 1339 1666 illis
1350 1633 1482 1680 prodire
1496 1630 1618 1676 aliquis
1629 1630 1789 1678 populus.
1801 1632 1893 1677 atqui
1907 1633 2086 1666 innumera
2098 1633 2189 1668 mul-

342 1692 453 1727 titudo
466 1688 617 1726 nascitur.
645 1690 676 1723 Si
687 1699 778 1722 nunc
788 1688 919 1733 origine
933 1684 986 1719 sua
997 1683 1191 1732 superbiunt
1202 1684 1313 1718 ludaei,
1329 1679 1458 1715 causam
1469 1681 1649 1713 attendant.
1662 1679 1749 1713 certe
1761 1680 1924 1726 quicquid
1942 1677 2018 1714 sunt
2028 1703 2039 1718 ‚
2052 1678 2126 1720 fidei
2140 1684 2189 1716 A-

342 1740 452 1776 brahae
464 1743 499 1774 δέ
508 1741 589 1774 Sarae
598 1737 814 1773 tribuendum
826 1735 979 1770 est.vnde
987 1732 1135 1780 sequitui·
1151 1756 1161 1772 ‚
1182 1745 1256 1767 non
1265 1730 1358 1764 aliter
1369 1734 1471 1776 quam
1489 1727 1552 1762 fide
1561 1730 1701 1763 retinere
1725 1740 1762 1762 ac
1782 1732 1868 1762 tueri
1886 1727 1974 1776 poffe
1985 1727 2073 1777 ipsos
2084 1742 2186 1777 quem

344 1788 442 1825 conse
470 1785 627 1823 uutisunt
640 1788 769 1820 statum.
1043 1802 1045 1804 v

401 1852 432 1890 13
445 1802 468 1836 q
497 1836 685 1877 Secundum
693 1834 808 1890 fidem
818 1836 948 1873 mortui
958 1830 1048 1885 fimt
1065 1832 1120 1884 isti
1138 1845 1259 1871 omnes
1277 1842 1347 1869 non
1364 1831 1506 1883 acceptis
1519 1825 1797 1884 promissionibus
1816 1845 1829 1867 :
1837 1824 1908 1881 fid
1925 1841 2038 1882 quum
2052 1829 2187 1885 procul-

344 1910 404 1937 eas
415 1892 595 1950 vidissent,
608 1892 648 1940 ὦ*
658 1891 788 1932 credidi·
817 1900 877 1930 ent
903 1915 914 1936 ‚
922 1884 1171 1944 &fhlutaffint
1179 1917 1193 1934 ,
1206 1887 1246 1934 ό*
1257 1885 1393 1940 confeſs}
1402 1884 1611 1940 ffntqubd
1619 1884 1763 1940 hospites
1774 1883 2003 1940 &peregrini
2018 1900 2080 1925 era
2086 1884 2189 1941 atfic-

339 1965 408 2009 per
414 1964 557 1992 terram.

399 2024 442 2059 14
500 2005 589 2047 San}
599 2012 661 2061 qui
674 2003 739 2044 haec
748 2004 881 2048 dicunt,
898 1999 1127 2057 ostenduntse
1135 2004 1288 2056 patriam
1298 2001 1488 2055 inquirere.

394 2079 430 2114 15
492 2073 541 2106 Et
541 2063 576 2117 st
581 2062 723 2118 quidem
733 2061 787 2102 illi
791 2077 830 2100 us
844 2058 1088 2114 meminissent
1098 2056 1116 2097 ιὶ
1127 2073 1199 2112 qua
1212 2062 1388 2100 exierant,
1403 2053 1582 2105 habebant
1588 2064 1725 2109 tempus
1735 2054 1957 2095 reuertendi:

396 2128 436 2161 16
499 2128 616 2170 Qum·
630 2115 720 2158 verb
730 2119 907 2158 meliorem
917 2126 1094 2170 appetunt,
1105 2115 1148 2155 id
1155 2113 1380 2167 estcaelestem.
1398 2127 1508 2167 quare
1519 2126 1590 2152 non
1602 2110 1764 2166 embefia‘t
1774 2119 1886 2157 Deus,
1897 2113 2019 2152 vocari
2039 2119 2139 2153 Deus
2149 2115 2184 2154 i-

334 2175 487 2234 psbrum:
490 2182 635 2233 parauit
643 2181 738 2216 mim
749 2175 823 2216 illis
831 2178 1021 2214 ciuitatem.
1064 2178 1070 2183 '

389 2255 419 2289 13
470 2241 640 2277 Secundum
650 2240 776 2289 fidem.)
826 2240 1093 2287 Comparatione
1103 2234 1285 2284 amplificat
1296 2233 1393 2269 fidem
1413 2233 1694 2268 patriarcharum:
1712 2236 1791 2280 quia
1801 2246 1907 2280 quum
1915 2235 1980 2268 Dei
1991 2233 2188 2282 promissio-

340 2306 399 2328 nes
409 2292 536 2327 tantum
549 2289 874 2336 libaffeut‚tanquam
885 2287 1018 2322 illarum
1028 2285 1204 2320 dulcedine
1214 2283 1496 2330 satiati,quicquid
1507 2286 1541 2316 in
1553 2284 1684 2317 mundo
1697 2281 2015 2330 eratffpreuerfittnec
2033 2295 2185 2330 vnquam

341 2341 474 2376 illarum
487 2340 629 2388 gustum,
640 2340 833 2385 quitumuis
843 2347 991 2373 tenuem,
1005 2333 1101 2368 obliti
1113 2331 1187 2368 sunt
1199 2332 1250 2366 vel
1265 2335 1299 2366 in
1310 2335 1388 2370 vita,
1402 2326 1455 2365 vel
1466 2333 1501 2365 in
1514 2342 1631 2365 morte.
1642 2333 1845 2377 anuam
1856 2330 2186 2379 particulasSecundti

341 2389 438 2425 fidem
454 2413 463 2427 ,
475 2388 625 2424 bifariam
639 2389 827 2434 exponitur.
838 2386 973 2432 quidam
985 2382 1178 2430 simpliciter
1195 2381 1400 2428 intelligunt,
1413 2378 1591 2414 secundum
1611 2378 1711 2413 fidem
1733 2378 1792 2413 else
1805 2391 1958 2415 mortuos
1968 2406 1976 2418 ‚
1989 2382 2066 2427 quia
2076 2383 2110 2414 in
2121 2381 2186 2416 hac

342 2441 411 2473 vita
421 2449 596 2485 nunqu-am
609 2434 775 2484 promiffis
787 2434 888 2468 bonis
900 2434 1000 2481 potiti
1013 2431 1083 2465 sint.
1095 2430 1189 2465 sicuti
1200 2430 1299 2464 hodie
1311 2441 1448 2476 quoque
1459 2427 1515 2462 sub
1527 2426 1580 2476 spe
1590 2426 1688 2462 nobis
1700 2426 1891 2463 abscondita
1905 2429 1948 2463 est
1959 2427 2125 2477 salus.Ego
2136 2440 2188 2464 ta-

341 2489 471 2521 meniis
484 2488 596 2534 potius
608 2484 835 2529 affenfionqui
848 2482 903 2516 hic
913 2483 1022 2516 notati
1031 2477 1117 2514 ihrer
1129 2493 1192 2514 nos
1205 2484 1237 2513 &
1251 2480 1358 2512 Patres
1367 2475 1542 2511 discrimen
1554 2487 1788 2524 putantzatque
1798 2479 1842 2511 ita
1853 2479 2084 2526 expono,Qsi
2094 2479 2190 2513 Deus·

339 2538 492 2583 gratiam,
505 2547 577 2582 quae
588 2535 623 2567 in
636 2545 698 2567 nos
710 2531 797 2579 large
809 2529 907 2565 effusa
918 2531 973 2566 est,
985 2529 1134 2564 Patribus
1145 2528 1303 2562 duntaxat
1314 2526 1508 2574 gustandam
1520 2524 1707 2573 praebuerit,
1718 2538 1824 2572 quum
1836 2529 1967 2560 eminus
1981 2525 2046 2560 illis
2060 2525 2188 2560 ostede÷

337 2587 380 2618 rit
394 2582 565 2617 obscuram
577 2578 702 2616 Christi
719 2581 978 2627 imaginem‚qui
990 2589 1081 2612 nunc
1103 2574 1132 2610 se
1143 2574 1418 2623 conspiciendum
1430 2572 1518 2620 quasi
1539 2572 1596 2607 sub
1613 2573 1731 2607 oculos
1742 2574 1870 2608 nostros
1881 2574 1994 2608 offert:
2006 2584 2118 2610 tamen
2129 2585 2186 2610 ac·-

341 2634 554 2678 quieuerunt,
569 2642 630 2665 nec
641 2642 788 2675 vnquam
799 2629 989 2662 exciderunt
1001 2628 1018 2660 a
1027 2625 1082 2659 sua
1091 2623 1163 2660 fide:
1175 2636 1302 2671 quanto
1312 2623 1411 2658 nobis
1424 2623 1524 2656 hodie
1534 2620 1678 2669 amplior
1688 2622 1781 2656 datur
1799 2621 2025 2669 perseuerandi
2036 2626 2184 2657 materia}

340 2683 373 2715 Si
385 2679 624 2716 deficimus‚bis
638 2677 748 2712 sumus
760 2674 1009 2711 inexcusabiles.
1020 2674 1087 2708 haec
1098 2685 1177 2721 ergo
1186 2673 1420 2707 circunstantia
1431 2671 1615 2719 plurimum
1626 2682 1733 2718 auget.
1746 2671 1837 2716 quod
1849 2670 1967 2718 procul
1978 2672 2094 2705 intuiti
2106 2670 2186 2707 sunt

340 2731 450 2764 Patres
462 2727 626 2776 spirituale
638 2727 764 2761 Christi
775 2737 927 2772 regnum,
939 2725 1033 2758 cuius
1045 2722 1146 2756 hodie
1157 2733 1225 2756 tam
1236 2723 1448 2769 propinquus
1459 2720 1502 2753 est
1512 2717 1669 2766 aspectus:
1683 2719 1775 2765 quod
1788 2718 1907 2767 procul
1916 2717 2096 2754 salutarunt
2106 2724 2187 2767 pro·

341 2776 516 2814 missiones
527 2800 536 2814 ‚
554 2789 625 2822 quae
637 2787 704 2808 tam
718 2773 923 2808 familiariter
934 2769 1107 2806 nobiscum
1127 2770 1289 2805 habitant.
1323 2769 1410 2803 Nam
1426 2768 1445 2801 si
1458 2767 1508 2801 illi
1532 2766 1757 2802 nihilominus
1767 2768 1807 2801 ad
1819 2767 2080 2814 mortem'vsque
2094 2768 2186 2802 susti-

343 2836 501 2863 nuerunt,
514 2835 644 2871 quantae
655 2835 745 2857 nunc
759 2824 899 2870 ignauiae
910 2823 970 2855 erit
980 2819 1109 2867 fatigari
1120 2819 1270 2854 credide,
1282 2829 1387 2864 quum
1399 2819 1572 2850 Dominus
1584 2819 1633 2849 tot
1648 2816 1861 2851 adminiculis
1871 2829 1934 2851 nos
1945 2815 2186 2863 fulciat?Siquis

340 2874 563 2912 obiiciatmon
576 2869 716 2920 potuiffe
729 2884 785 2905 eos
798 2871 926 2904 credere
938 2868 996 2903 nisi
1008 2869 1149 2914 acceptis
1161 2864 1488 2914 promissionibus.in
1502 2863 1622 2911 quibus
1633 2863 1808 2899 nece-ilario
1820 2864 1955 2899 fundata
1968 2866 2011 2903 cst
2022 2864 2110 2899 fides:
2122 2865 2186 2899 res-

341 2923 492 2972 pondeo‚
504 2922 568 2956 hoc
579 2933 636 2968 per
647 2921 933 2967 comparationem
945 2919 1021 2951 dici.
1063 2915 1184 2950 Procul
1195 2917 1284 2949 enim
1297 2913 1337 2947 ab
1349 2913 1414 2947 hoc
1425 2914 1525 2960 gradu
1537 2912 1724 2950 abfuerunt,
1736 2915 1768 2947 in
1782 2926 1879 2960 quem
1892 2926 1954 2947 nos
1964 2914 2055 2947 Deus
2067 2916 2186 2948 euexit.

339 2968 624 3008 Proinde‚tametfi
639 2968 753 3003 eadem
767 2966 832 3001 illis
844 2964 927 3000 salus
938 2965 1000 3000 fuir
1013 2960 1444 3012 promiffa‚proinissioinim
1460 2973 1570 2995 tamen
1588 2961 1864 3007 claritatem‚quia
1876 2959 1932 2996 sub
1945 2962 2070 2996 Christi
2080 2974 2185 3009 regno

341 3019 572 3056 fruimur‚non
585 3015 759 3052 habebant:
772 3015 822 3049 sed
835 3017 986 3049 contenti
998 3012 1132 3047 fuerunt
1145 3025 1216 3046 eam
1238 3009 1355 3059 procul
1376 3008 1527 3058 aspicere.
1565 3011 1606 3041 Et
1616 3009 1741 3054 confessi
1759 3008 1841 3053 quod
1849 3008 1993 3056 hossffites.
2045 3011 2122 3045 Hoc
2133 3012 2185 3044 la-

340 3068 407 3104 cob
418 3066 598 3103 confitetur
608 3077 713 3112 quum
724 3063 888 3097 Pharaoni
901 3061 1075 3109 respondet
1085 3073 1217 3108 ternpus
1229 3060 1505 3107 peregrinationis
1516 3056 1576 3093 suae
1586 3057 1685 3091 breue
1696 3056 1788 3092 fuiss'e
1799 3069 1863 3105 prae
1875 3069 2027 3105 tempore
2038 3061 2187 3106 peregri-

340 3118 489 3152 nationis
500 3117 632 3149 Parrum
646 3112 792 3151 suorum,
805 3110 1009 3159 plenumque
1022 3109 1135 3144 multis
1146 3110 1302 3146 aerumnis
1318 3131 1326 3144 ‚
1339 3106 1558 3152 Genes47.b.
1570 3117 1602 3149 9,
1618 3107 1649 3140 Si
1660 3105 1759 3140 Iacob
1771 3109 1983 3154 peregrinum
1994 3105 2023 3140 se
2033 3106 2185 3154 agnoscit

341 3169 375 3200 in
390 3177 425 3198 ea
436 3176 519 3197 terra
529 3176 600 3210 quae
612 3161 661 3196 illi
673 3163 708 3195 in
723 3171 914 3207 perpetuam
928 3159 1148 3192 haereditatern
1162 3153 1318 3204 promiss'a
1329 3168 1394 3189 erat
1407 3167 1414 3187 ι
1425 3155 1496 3188 satis
1508 3166 1606 3202 patet,
1620 3156 1761 3189 minime
1774 3159 1809 3189 in
1823 3156 1951 3189 mundo
1962 3152 2053 3189 fuisse
2063 3154 2182 3193 defixfi,

339 3212 391 3248 sed
403 3223 550 3246 mentem
562 3210 655 3259 supra
665 3209 761 3244 caelos
772 3205 927 3242 extuliffe.
939 3207 1015 3240 Ideo
1028 3205 1126 3240 infert
1139 3204 1333 3253 ApostoluS,
1342 3205 1461 3243 Patres,
1478 3206 1520 3237 ita
1534 3204 1705 3250 loquendo
1715 3230 1726 3245 ,
1747 3203 1858 3251 palam
1874 3200 2044 3237 ostendiffe
2054 3202 2112 3238 fibi
2123 3202 2185 3238 esse

340 3260 514 3296 meliorem
536 3262 568 3293 in
580 3258 660 3294 caelo
671 3259 821 3306 patriam:
834 3269 911 3290 nam
921 3253 942 3289 fi
954 3255 1008 3289 hic
1020 3250 1367 3302 peregrinantunalibi
1379 3255 1481 3300 patria
1493 3253 1536 3285 est
1548 3264 1585 3286 ac
1596 3250 1657 3285 fixa
1670 3251 1877 3298 sedes.de
1889 3251 1912 3286 fi
1924 3251 1973 3285 illi
1985 3254 2071 3286 inter
2082 3249 2185 3287 obscu

339 3322 389 3344 ras
402 3308 505 3343 nubes
517 3311 550 3342 in
562 3307 718 3342 caelestem
732 3307 870 3353 patriam
883 3306 1005 3339 animis
1017 3302 1193 3337 euolamnt
1204 3325 1213 3341 ‚
1227 3302 1308 3348 quid
1320 3301 1419 3334 hodie
1431 3300 1530 3336 nobis
1541 3300 1705 3347 agendum
1720 3302 1762 3335 est
1773 3302 1786 3333 Ρ
1797 3296 1920 3346 quibus
1932 3299 2038 3335 ecaelo
2050 3298 2185 3348 conspi-

338 3370 435 3393 cuam
453 3369 589 3390 manum
602 3355 751 3390 Christus
760 3354 914 3401 porrigit,
924 3363 959 3386 vt
972 3364 1035 3386 nos
1046 3348 1153 3385 secum
1165 3349 1307 3384 attollat?
1322 3349 1354 3382 Si
1366 3348 1442 3383 illos
1456 3362 1525 3383 non
1536 3349 1681 3383 detinuit
1692 3348 2065 3397 terra‘Chanaamquato
2077 3349 2183 3395 magis

339 3405 485 3454 expediti
496 3404 554 3439 effe
564 3400 860 3450 dcbemus,quibus
869 3399 962 3436 nulla
971 3398 1156 3436 ostenditur
1168 3409 1255 3434 certa
1266 3399 1361 3433 statio
1373 3399 1410 3435 in
1422 3397 1574 3433 mundo?
1599 3415 1601 3418 -

2067 3453 2099 3490 ¹5
2148 3444 2183 3479 sn·
