2268 3705
141 1647 294 1677 Ro.10.c.17.

339 115 397 154 550
903 99 1641 149 INEPIST-PAVLr

353 170 534 208 Philemon
546 173 681 221 piorum
694 168 938 208 necessitatibus
946 183 1047 218 opem
1059 169 1182 204 tulerit.
1205 169 1283 202 Hoc
1292 178 1403 209 autem
1416 180 1491 201 rarae
1502 166 1545 200 est
1556 166 1736 204 charitatis,
1748 176 1786 199 ex
1797 163 1943 199 aliorum
1960 164 2056 202 bono
2066 177 2197 203 tantum

357 223 525 270 percipere
536 223 658 270 gaudii.
680 223 771 256 Adde
782 219 873 267 qubd
885 232 955 254 non
968 222 1137 267 priuatum
1149 217 1251 250 modo
1263 217 1422 263 gaudium
1432 213 1558 263 profert
1572 213 1762 261 Apostolus,
1780 211 1830 247 scd
1841 202 2134 262 coinpliiressuii'le
2144 216 2198 251 lae-

357 281 443 304 ratos
455 269 546 315 qubd
558 271 747 305 humaniter
760 274 792 304 &
808 267 954 315 benigne
968 270 1034 314 piis
1045 262 1244 301 hominibus
1255 264 1440 312 opitulatus
1452 261 1526 297 esset
1540 262 1728 296 Philemon.
1757 261 1937 304 Reftct'llare
1948 266 2064 307 vtscera
2073 265 2197 312 accipi—

359 329 412 352 tur
422 319 509 364 apud
522 320 674 357 Paulum,
686 332 748 366 pto
764 317 886 352 afferre
897 316 1101 349 leuationem
1116 316 1132 347 a
1145 312 1315 347 molestiis:
1328 312 1379 346 vel
1398 311 1524 346 miseris
1536 314 1580 344 ita
1591 310 1787 347 succurrere,
1805 321 1838 343 vt
1847 314 1970 358 pacatis
1981 314 2102 346 animis
2114 317 2145 346 ὅ(
2159 306 2200 346 α’-

359 368 433 401 mni
446 366 594 402 molestia
603 380 640 402 ac
650 370 780 401 tristitia
791 367 902 399 vacuis
914 361 1094 409 quiescant.
1117 362 1206 396 Nam
1218 359 1346 395 Viscera
1357 358 1493 395 affectus
1507 356 1703 406 significant.
1725 356 1891 391 α’νοὲσοιυσι)
1911 361 1988 394 vere>
2001 362 2201 395 tantundem

361 414 446 449 valet
459 427 495 450 ac
506 415 740 463 tranquillitas:
770 415 844 448 idco
856 411 960 457 longe
970 410 1133 445 falluntur
1144 412 1202 457 qui
1213 410 1252 443 ad
1267 421 1417 444 ventrem
1430 413 1463 443 &
1475 407 1635 442 alimenta
1645 408 1711 442 hoc
1720 419 1891 453 torquent.

421 490 441 526 8
498 495 714 544 Qapropter
720 486 867 526 multam
875 489 915 525 in
925 491 953 523 C
957 481 1057 538 bristo
1059 482 1230 533 fiduciam
1242 479 1372 520 habens
1381 479 1575 536 imperandi
1582 478 1645 519 tibi
1662 479 1760 535 quod
1765 480 1866 520 decet.

421 559 442 592 9
501 552 584 600 Prop
590 556 641 583 ter
647 542 846 582 charitatem
855 543 966 597 magis
975 553 1065 595 rogo,
1077 553 1183 593 quum
1195 538 1275 577 talis
1283 537 1479 597 (immempe
1489 535 1615 575 Paulus
1615 534 1739 590 senem
1749 551 1842 577 nunc
1849 541 1933 577 verb
1943 539 2047 577 etiam
2057 539 2203 578 vincius
2224 564 2229 567 -

362 600 435 655 lesit
445 599 581 640 Christi.
1412 623 1415 625 -

416 671 456 694 10
512 664 601 711 Rogo
614 664 727 693 autem
735 665 769 699 te
776 665 836 708 pro
846 652 919 703 filio
931 665 1004 691 meo
1019 664 1120 704 quem
1126 654 1233 707 genui
1248 652 1287 688 in
1295 648 1448 689 vinculis
1458 651 1556 692 meis,
1568 645 1739 699 Onelimo:

408 727 438 752 n
499 717 577 764 Qi
588 710 778 765 aliquando
789 709 852 748 tibi
862 708 998 748 inutilis
1001 706 1084 761 fuit:
1100 722 1190 747 nunc
1201 716 1315 746 autem
1326 709 1366 752 ά
1374 704 1465 744 mihi·
1474 705 1514 752 ό·
1529 703 1592 744 tt‘bt'
1601 705 1720 744 vn'lis.

414 782 427 806 1
436 783 452 806 z
509 775 630 824 Qem
639 766 812 821 remtfigqtu
820 766 905 804 verb
915 763 1031 808 illum,
1041 760 1104 803 hoc
1111 762 1240 815 estmea
1251 757 1396 816 viscera,
1392 759 1527 816 ficsct'pe.

415 838 448 874 13
502 831 625 879 Qem
634 837 690 877 ego
699 820 860 862 valebam
871 818 963 875 apud
969 816 1131 873 meipfhm
1144 822 1304 863 retinere,
1315 829 1360 856 vt
1365 831 1426 874 pro
1441 828 1474 855 te
1485 814 1575 856 mihi
1583 817 1799 865 ministraret.
2063 854 2065 856 .

415 894 461 932 14
516 880 591 919 Sed
595 878 713 933 absque
724 889 781 917 tua
783 875 961 932 sententia
970 873 1066 914 nihil
1072 875 1171 916 volui
1168 874 1283 930 facere
1295 903 1306 921 ‚
1325 887 1369 914 vt
1377 889 1450 914 non
1458 872 1588 928 quafifi
1593 873 1739 913 cundum
1752 873 1974 932 necessttatem
1983 873 2060 930 effer
2077 873 2204 916 bonum

358 935 542 992 natumsed
551 935 800 974 voluntarium.
2229 968 2233 977 f,

408 996 426 1028 8
480 994 621 1026 Multam
629 994 661 1024 in
670 992 696 1023 C
700 989 785 1033 hrssto
788 988 951 1034 fiduciam.
964 991 976 1027 )
1026 988 1104 1022 Hoc
1116 987 1170 1025 est,
1181 999 1247 1034 qun
1255 1000 1288 1021 rn
1306 987 1466 1032 imperare
1478 985 1539 1020 tibi
1551 999 1611 1034 pro
1646 989 1715 1023 iure
1727 1000 1804 1022 meo
1814 985 1933 1035 poffim
1944 1014 1956 1028 ‚
1976 986 2053 1023 facit
2064 989 2206 1024 charitas

359 1052 416 1075 tua
427 1053 461 1076 vt
472 1040 587 1076 malim
599 1051 723 1085 rogare.
741 1037 881 1072 Iubendi
892 1037 970 1070 verb
983 1037 1177 1083 potestatem
1191 1035 1319 1083 duplici
1334 1037 1475 1068 nomine
1489 1034 1546 1069 fibi
1570 1037 1732 1071 vendicat:
1744 1039 1823 1084 quia
1835 1038 2010 1083 &senexfit
2019 1042 2053 1072 ὅ(
2062 1049 2118 1086 pro
2128 1036 2206 1071 clm·
2253 1052 2256 1073 ι,

350 1089 398 1133 sto
408 1092 539 1125 vinHus.
577 1089 653 1123 Ideo
663 1085 693 1120 se
706 1098 841 1134 propter
864 1084 1074 1120 Philemonis
1088 1084 1282 1118 charitatem
1294 1085 1397 1129 magis
1412 1095 1526 1130 rogare
1537 1083 1617 1118 dicit
1630 1108 1639 1122 ‚
1658 1087 1737 1131 quia
1753 1088 1966 1133 iniungimus
1977 1085 2039 1132 pro
2061 1088 2207 1133 imperio

359 1151 432 1186 quae
444 1135 627 1173 necessitate
639 1147 833 1181 extorquere
842 1133 1000 1168 volumus
1013 1134 1112 1166 etiam
1124 1131 1164 1166 ab
1183 1133 1299 1167 inuitis
1312 1132 1417 1178 :apud
1427 1144 1484 1165 eos
1495 1141 1606 1166 autem
1620 1137 1677 1179 qui
1690 1132 1775 1168 ultro
1787 1145 1919 1181 parent,
1940 1132 2023 1168 iuilu
2034 1147 2120 1182 opus
2135 1147 2206 1170 non

360 1188 414 1221 cst.
429 1189 467 1221 Et
479 1188 557 1233 quia
567 1185 727 1219 libentius
742 1186 801 1229 qui
811 1182 897 1217 vltro
908 1179 1093 1230 paratisuut
1130 1181 1169 1215 ad
1179 1179 1344 1216 officium,
1361 1179 1488 1227 placide
1502 1179 1560 1214 sibi
1571 1181 1697 1215 ostendi
1709 1183 1848 1216 audiunt
1858 1183 1939 1229 quid
1948 1184 2036 1217 iaci-,u
2055 1195 2141 1231 opus
2152 1181 2200 1226 fit,
2218 1181 2234 1218 't
2253 1206 2256 1212 ‹

361 1237 463 1282 quam
474 1236 617 1283 imperio
632 1230 838 1280 interposito:
852 1244 921 1265 non
932 1229 987 1264 abs
999 1242 1033 1264 re
1041 1228 1162 1264 Paulus
1172 1230 1259 1277 apud
1269 1229 1446 1263 hominem
1460 1231 1663 1276 morigerum
1677 1242 1787 1278 preces
1797 1228 2076 1277 adhibet‚lhoque
2090 1244 2208 1266 exem-
2256 1264 2257 1267 ,

363 1283 422 1332 plo
432 1284 540 1323 docet,
552 1283 654 1316 danda
663 1294 692 1315 m
709 1279 768 1314 effe
783 1291 917 1328 operam
929 1277 1115 1313 pastoribus
1124 1289 1159 1311 vt
1169 1277 1347 1326 discipulos
1374 1276 1493 1312 blande
1504 1276 1651 1312 alliciant
1663 1281 1774 1325 potius
1786 1281 1887 1325 quam
1900 1280 2041 1313 trahant.
2064 1280 2108 1314 Et
2118 1279 2208 1315 cert&
2249 1269 2257 1320 ,ἶ

364 1333 444 1366 dum
456 1333 493 1365 ad
504 1343 615 1380 preces
627 1326 834 1366 descendens,
849 1331 918 1362 iure
928 1326 987 1362 suo
1001 1327 1102 1365 cedit,
1113 1327 1178 1361 hoc
1188 1327 1227 1361 ad
1241 1324 1481 1373 impetrandam
1494 1338 1525 1359 m
1532 1324 1604 1359 ulto
1617 1325 1689 1373 plus
1705 1327 1792 1361 valet
1802 1328 1903 1374 quam
1915 1326 1936 1361 si
1950 1327 2087 1363 iuberet.
2100 1329 2205 1364 Porro
2243 1331 2258 1351 '·

361 1380 452 1415 nihil
462 1380 518 1414 sibi
527 1390 656 1426 arrogat
668 1378 728 1413 nisi
740 1381 774 1412 in
787 1377 931 1412 Christo:
943 1376 1008 1411 hoc
1021 1374 1065 1410 est
1076 1387 1211 1423 propter
1223 1373 1413 1422 impositam
1427 1373 1484 1407 sibi
1497 1372 1682 1421 personam.
1718 1376 1840 1422 Neque
1852 1378 1941 1410 enim
1954 1389 2040 1423 quos
2051 1376 2206 1416 Christus
2229 1382 2237 1415 “,
2255 1366 2259 1399 Ῐ

362 1428 545 1476 Apostolos
557 1429 743 1464 constituit,
752 1426 953 1461 authoritate
965 1423 1036 1458 vult
1051 1434 1168 1458 carere.
1181 1425 1241 1458 Sed
1254 1435 1358 1469 quum
1370 1423 1470 1462 addit,
1484 1423 1516 1454 ‘m‘
1527 1423 1626 1460 α’νῖὶκον,
1639 1422 1798 1470 significat
1809 1437 1879 1457 non
1888 1426 2022 1470 quiduis
2033 1425 2130 1460 licere
2142 1426 2205 1460 do-

363 1479 526 1515 &oi-ibus,
538 1475 588 1511 sed
602 1476 652 1510 his
666 1474 786 1510 finibus
799 1475 966 1509 contineri
978 1470 1124 1521 ipsorum
1138 1473 1346 1520 potestatem,
1359 1473 1482 1518 nequid
1496 1471 1553 1505 nili
1568 1473 1659 1518 quod
1672 1473 1763 1505 decet
1774 1495 1784 1509 ‚
1795 1482 1894 1518 atque
1904 1472 2032 1519 alioqui
2044 1471 2205 1520 cuiusque

362 1524 479 1561 osticro
489 1524 749 1561 consentaneum
764 1524 818 1564 est,
827 1524 1034 1570 praecipiant.
1045 1522 1135 1556 Hinc
1148 1524 1199 1564 (vt
1211 1531 1315 1568 nuper
1326 1520 1416 1561 dixi)
1427 1521 1652 1554 admonentur
1661 1520 1819 1560 pastores,
1831 1533 1897 1567 qua
1912 1519 1980 1555 fieri
1993 1522 2100 1570 potest
2113 1521 2204 1556 surn-

362 1588 416 1609 ma
427 1577 585 1609 comitate
597 1573 792 1608 mulcendos
821 1571 881 1605 esse
892 1573 1038 1607 animos,
1050 1571 1183 1617 quotics
1194 1571 1254 1603 hac
1266 1571 1393 1602 ratione
1403 1568 1476 1615 plus
1491 1567 1673 1616 proficitur:
1683 1567 1735 1602 sed
1746 1571 1790 1602 ita
1802 1579 1838 1602 vt
1847 1567 1949 1603 sciam
1960 1574 2017 1616 qui
2029 1581 2096 1604 tam
2106 1568 2207 1605 blan-

360 1623 399 1657 ἀὲ
413 1626 594 1659 [radiantur
604 1645 613 1659 ,
640 1623 752 1657 minus
763 1623 782 1656 a
794 1618 822 1654 se
836 1621 922 1666 exigi
934 1620 1036 1665 quam
1070 1616 1223 1652 debeant.
1233 1617 1372 1652 Nomen
1383 1617 1472 1649 Sem:
1484 1630 1554 1651 non
1563 1628 1691 1651 aetatem
1703 1640 1713 1654 ‚
1732 1616 1784 1651 sed
1796 1614 1948 1651 officium
1961 1617 2016 1653 hic
2027 1614 2203 1666 fignificat.

363 1674 469 1718 de
479 1684 590 1706 autem
606 1669 636 1706 sc
648 1683 718 1706 non
730 1666 934 1719 Apostolum
948 1666 1196 1707 nominat,ide0
1207 1664 1245 1701 fit
1255 1667 1335 1713 quia
1345 1667 1423 1700 cum
1435 1663 1564 1713 collega
1574 1668 1609 1701 in
1620 1665 1720 1702 Verbi
1732 1667 1917 1701 ministerio
1929 1665 1981 1700 illi
1993 1669 2133 1715 negotiu
2142 1666 2200 1706 est,

363 1733 441 1755 cum
457 1733 525 1769 quo
538 1719 741 1755 familiariter
753 1719 915 1765 loquitur.

409 1783 445 1804 10
496 1773 576 1816 Rogo
585 1768 740 1817 profilio.)
791 1767 968 1811 Qioniam
981 1765 1094 1799 minus
1106 1763 1262 1812 ponderis
1275 1761 1392 1798 habere
1404 1761 1509 1798 solent
1519 1774 1631 1812 preces
1643 1761 1766 1809 quibus
1776 1761 1867 1798 nulla
1882 1764 1970 1799 iustae
1980 1765 2203 1801 commenda-
2246 1770 2249 1775 ’

360 1822 464 1856 tionis
475 1817 569 1853 causa
582 1816 697 1853 subest,
709 1815 851 1850 ostendit
868 1812 987 1848 Paulus
998 1811 1027 1847 se
1041 1810 1216 1849 necessario
1229 1810 1344 1846 officio
1355 1812 1472 1846 adduci
1483 1823 1518 1845 vt
1530 1824 1590 1860 pro
1601 1810 1764 1846 Onesimo
1778 1813 1968 1847 intercedat.
1995 1814 2061 1848 Hic
2072 1814 2151 1848 vero
2162 1826 2203 1848 ο-
2241 1833 2245 1843 ·

360 1869 593 1918 peraepretium
603 1865 646 1900 est
660 1863 840 1911 expendere
853 1861 1017 1909 quantum
1029 1858 1058 1894 se
1068 1861 1220 1895 demittat
1231 1883 1241 1898 ‚
1253 1862 1332 1894 dum
1346 1858 1406 1894 filii
1419 1873 1546 1895 nornen
1557 1864 1590 1894 &
1605 1857 1697 1894 seruo
1708 1884 1718 1898 ,
1730 1865 1763 1895 ὅ(
1776 1859 1935 1908 fugitiuo,
1959 1865 1991 1896 ὅ(
2004 1861 2067 1896 furi
2086 1861 2200 1900 defert.

361 1919 467 1963 Qubd
477 1928 588 1950 autem
600 1926 675 1948 eum
688 1914 706 1946 a
717 1911 746 1947 se
759 1913 911 1958 genitum
924 1909 1075 1957 praedicat
1087 1909 1269 1944 ministerio
1281 1908 1314 1942 id
1324 1906 1449 1943 factum
1462 1910 1506 1943 est
1523 1934 1531 1945 ‚
1545 1921 1615 1942 non
1628 1911 1759 1943 virtute.
1778 1910 1899 1955 Neque
1910 1911 2000 1945 enim
2013 1909 2210 1945 humanum*

361 1968 405 2001 cst
417 1977 513 2012 opus,
529 1963 680 1999 hominis
690 1962 837 1994 animam
848 1957 1009 2004 refingere
1020 1962 1053 1992 δι
1067 1956 1244 1992 reformare
1252 1957 1291 1990 ad
1302 1957 1368 1990 Dei
1380 1959 1574 2004 imaginem.
1605 1959 1697 2003 atqui
1712 1959 1750 1991 de
1760 1957 1821 1991 hac
1839 1957 1998 2005 spirituali
2011 1961 2204 2005 generatio—

362 2028 405 2050 ne
414 2024 505 2049 nunc
516 2015 635 2059 agitur.
645 2011 736 2055 Qia
748 2019 860 2041 tamen
872 2005 934 2040 fide
943 2017 1151 2053 regeneratur
1162 2008 1284 2042 anima,
1303 2009 1337 2038 δε
1349 2003 1428 2038 fides
1439 2007 1531 2040 estex
1541 2005 1662 2044 auditu.
1679 2006 1754 2040 ideo
1764 2006 1923 2040 doetrinae
1934 2007 2123 2041 administer
2139 2008 2202 2041 Pa-

361 2066 420 2097 tris
433 2064 521 2095 vices
534 2061 630 2108 gerit.
652 2057 784 2091 Deinde
796 2068 902 2102 quum
914 2052 1021 2088 sermo
1031 2055 1094 2088 Dei
1106 2053 1145 2087 ab
1156 2054 1296 2088 homine
1308 2054 1510 2100 praedicatus,
1524 2051 1632 2087 semen
1645 2052 1681 2087 sit
1692 2056 1767 2088 vitae
1786 2060 1921 2087 aeternae:
1938 2067 2008 2088 non
2021 2057 2143 2089 mirum
2155 2053 2202 2089 est
2248 2066 2252 2074 ⁴

361 2124 437 2146 eum
450 2111 561 2144 vocari
572 2119 710 2156 patrem,
733 2117 770 2139 ex
781 2106 876 2139 cuius
889 2116 945 2137 ore
956 2100 1066 2137 semen
1077 2101 1159 2136 illud
1171 2103 1396 2150 concipimus.
1416 2103 1622 2148 Quanquam
1633 2103 1755 2136 interea
1766 2103 1946 2136 tenendum
1959 2103 2002 2136 est
2011 2126 2021 2140 ‚
2033 2102 2075 2137 sic
2085 2101 2199 2138 efficax

360 2159 421 2194 effe
433 2161 467 2193 111
479 2160 591 2192 anima
602 2154 820 2203 regeneranda
829 2175 838 2188 ,
872 2151 1024 2186 hominis
1039 2151 1259 2185 ministerium
1272 2173 1280 2186 ‚
1303 2160 1338 2183 vt
1350 2150 1483 2197 proprie
1494 2152 1585 2185 Deus
1596 2147 1663 2198 ipse
1675 2152 1813 2198 Spiritus
1825 2149 1872 2184 sui
1884 2153 2002 2185 virtute
2018 2162 2200 2199 regeneret.

361 2211 475 2255 Qare
496 2205 560 2240 istae
572 2205 790 2251 loquutiones
811 2201 1012 2235 Deum'cum
1025 2198 1223 2234 hominibus
1245 2201 1279 2233 in
1292 2209 1457 2232 certamen
1472 2199 1843 2234 minimecommittunr
1860 2197 2069 2234 :sedtanttim
2089 2201 2200 2236 osten-

361 2259 444 2291 dunt
476 2255 557 2302 quid
569 2265 624 2302 per
633 2253 789 2286 homines
798 2251 890 2284 Deus
901 2259 987 2296 agat.
1012 2249 1132 2295 Qm
1143 2248 1222 2283 dicit
1234 2271 1244 2285 ,
1264 2245 1333 2282 sein
1342 2249 1479 2281 vunculis
1480 2246 1616 2296 genmffe
1626 2270 1636 2284 ‚
1657 2248 1891 2282 circunstantia
1903 2247 1971 2282 haec
1981 2250 2200 2284 commenda-

360 2307 449 2340 tioni
460 2304 546 2338 addit
559 2302 700 2350 pondus.

410 2366 441 2388 12
494 2350 654 2389 lllum‚hoc
665 2347 702 2392 est
712 2347 829 2390 viscera
840 2348 941 2387 mea.)
989 2344 1089 2380 Nihil
1099 2346 1138 2380 ad
1150 2344 1364 2379 molliendam
1374 2342 1583 2378 Philemonis
1594 2344 1797 2377 iracundiam
1815 2341 1979 2379 efficacius
1992 2345 2056 2380 dici
2069 2348 2193 2393 potuit.

364 2416 441 2438 nam
455 2401 474 2435 si
487 2404 521 2434 in
534 2398 662 2434 seruum
673 2397 729 2431 susi
739 2395 845 2431 fniss'et
857 2394 1077 2442 implacabilis
1091 2418 1100 2432 ,
1114 2397 1148 2429 in
1161 2393 1253 2429 Pauli
1266 2390 1385 2428 viscera
1396 2393 1460 2427 hoc
1473 2393 1575 2426 modo
1586 2390 1745 2427 saeuiebar.
1758 2393 1844 2426 Mira
1853 2393 1930 2427 verb
1944 2393 2036 2428 Pauli
2047 2394 2193 2433 bonitas,

364 2451 458 2497 quod
470 2449 533 2483 vile
546 2448 765 2494 mancipium,
780 2445 897 2478 deinde
907 2443 1012 2478 furem
1024 2447 1058 2478 ὅ(
1068 2455 1232 2480 ettonem,
1243 2445 1386 2490 recipere
1395 2441 1651 2488 quodammodo
1681 2442 1716 2474 in
1728 2438 1781 2474 sua
1793 2439 1912 2475 viscera
1925 2455 1995 2476 non
2016 2434 2203 2485 dubitauit,'

366 2511 400 2533 vt
414 2499 453 2532 ab
470 2497 638 2532 iracundia
649 2496 792 2529 Domini
805 2493 851 2527 sui
862 2503 1060 2540 protegeret.
1074 2493 1113 2526 Et
1122 2490 1208 2525 certe
1217 2490 1238 2526 si
1248 2489 1305 2525 suo
1317 2492 1424 2538 pretio
1434 2490 1451 2524 ὲ
1463 2489 1560 2523 nobis
1569 2489 1779 2523 aestimaretur
1789 2489 1940 2524 hominis
1959 2492 1997 2524 ad
2015 2492 2125 2526 Deum
2137 2494 2199 2527 εὸ-

365 2547 483 2584 ucrsro,⁷
496 2546 615 2580 eodem
629 2544 732 2578 modo
745 2555 807 2577 nos
817 2553 952 2588 quoque
976 2538 1252 2587 ampleciercmur
1262 2551 1348 2586 quos
1358 2538 1477 2573 sincere
1492 2541 1525 2572 δι
1538 2536 1660 2584 absque
1669 2536 1746 2571 fuco
1757 2536 1919 2585 resipuisse
1931 2540 2105 2574 constaret.

415 2607 444 2639 13
486 2595 589 2642 Qem
597 2590 738 2626 volebam
748 2589 832 2639 apud
841 2593 911 2627 me.)
953 2587 1054 2623 Aliud
1065 2599 1300 2635 argumentum
1313 2587 1501 2635 mitigando
1513 2585 1722 2622 Philemoni,
1746 2585 1838 2631 qubd
1849 2586 1979 2621 seruum
1993 2586 2042 2621 illi
2052 2589 2199 2625 remittat

366 2643 499 2682 Paulus,
511 2644 604 2677 cuius
620 2641 802 2675 ministerio
818 2637 961 2672 maxime
972 2636 1101 2683 alioqui
1113 2635 1291 2683 indigebat.
1303 2634 1409 2669 fnisset
1420 2637 1510 2670 enim
1522 2634 1747 2669 inhumanum
1763 2657 1773 2672 ,
1787 2633 1850 2668 tale
1859 2633 1951 2668 Pauli
1963 2636 2104 2670 studium
2117 2639 2197 2672 reii-

366 2704 450 2727 cere.
471 2693 508 2725 Et
521 2690 703 2725 subindicat
714 2701 785 2723 non
801 2690 967 2734 ingratum
981 2684 1038 2719 fibi
1052 2685 1121 2720 fore
1135 2696 1257 2719 munus
1269 2683 1291 2718 si
1302 2686 1496 2718 remittatur:
1519 2694 1553 2716 vt
1565 2685 1598 2716 id
1615 2682 1787 2730 fiatpotius
1798 2683 1897 2729 qnam
1908 2683 2116 2731 domiaspere
2130 2696 2198 2720 tra-

367 2742 484 2776 ‹stetur-
495 2741 699 2787 anuarn
711 2737 800 2770 addit
811 2738 908 2769 etiam
921 2734 999 2768 alias
1009 2733 1363 2778 circunstantias‚qubd
1373 2732 1504 2766 domini
1517 2733 1604 2765 vices
1614 2734 1649 2766 in
1660 2727 1821 2765 eiusmodi
1831 2729 1946 2765 officio
1957 2730 2127 2780 supplebat
2143 2735 2198 2769 O·-

366 2787 522 2824 nesimus:
534 2787 652 2821 deinde
664 2785 756 2831 quod
768 2782 833 2831 ipse
844 2783 1007 2817 modestiae
1017 2779 1121 2819 causa,
1132 2780 1217 2816 nihil
1227 2781 1265 2814 de
1277 2783 1346 2815 iure
1357 2780 1564 2815 Philemonis
1573 2779 1738 2813 detrahere
1750 2778 2110 2827 volucritztertio‚qubd
2121 2781 2197 2830 plus

365 2837 471 2872 laudis
483 2835 653 2870 hebiturus
671 2830 936 2869 litPhilemon,s1
948 2832 1111 2866 redditum
1126 2828 1185 2864 sua:
1196 2830 1348 2877 potestati
1360 2827 1594 2868 scruum‚vltr0
1607 2832 1639 2862 &
1654 2826 1830 2861 liberaliter
1838 2829 1994 2863 remittat.
2005 2831 2050 2863 Ex
2062 2829 2128 2865 hoc
2137 2843 2198 2865 au·

364 2897 433 2920 tem
446 2885 613 2933 postremo
623 2881 828 2928 colligimus,
839 2877 1093 2927 quibuscunque
1105 2876 1274 2925 polsumus
1286 2876 1407 2913 officiis
1419 2877 1581 2911 iuuandos
1592 2874 1651 2910 effe
1664 2876 1785 2911 Christi
1798 2886 1952 2920 martyres
1967 2900 1976 2914 ,
1989 2877 2069 2911 dum
2080 2890 2141 2926 pro
2152 2881 2196 2914 Ε-

365 2932 514 2980 uangelii
525 2932 719 2966 testimonio
730 2928 890 2963 laborant.
903 2928 992 2963 Nam
1008 2927 1027 2963 si
1039 2926 1145 2964 exilia,
1160 2938 1302 2960 carceres
1320 2952 1329 2966 ,
1341 2924 1482 2972 flagella,
1491 2924 1711 2959 contumelias
1722 2948 1732 2962 ‚
1741 2923 1911 2958 bonorum
1923 2919 2135 2972 spoliationes
2146 2939 2197 2961 re-

365 2994 523 3032 putamus
540 2977 601 3015 else
613 2977 797 3024 Euangelii,
809 2977 1094 3023 quemadmodum
1107 2974 1161 3009 hic
1173 2986 1267 3009 vocat
1279 2973 1397 3008 Paulus
1412 2970 1581 3019 :quisquis
1591 2985 1706 3007 eorum
1719 2970 1825 3006 socius
1837 2983 1911 3006 recu
1918 2972 2033 3007 sat-effe
2045 2979 2077 3008 δέ
2090 2978 2195 3022 parti·

364 3029 485 3078 cep5‚se
496 3031 513 3063 a
523 3028 657 3063 Christo
668 3025 738 3073 ipso
751 3024 883 3073 separat.
896 3026 1093 3058 Commune
1103 3023 1188 3057 certe
1200 3022 1360 3057 omnibus
1371 3022 1414 3057 est
1428 3020 1973 3069 Euangeliipatrocinium.1taque
1984 3024 2041 3069 qui
2053 3025 2122 3057 eius
2133 3035 2196 3058 cau

366 3078 396 3112 sa
407 3077 694 3126 persequutionem
706 3072 849 3109 sustinet,
862 3086 932 3107 non
944 3075 1008 3106 iam
1020 3083 1053 3106 vt
1063 3074 1211 3120 priuatus
1222 3070 1385 3118 quispiam
1398 3068 1568 3105 habendus
1579 3071 1634 3106 est,
1646 3067 1696 3103 sed
1713 3070 1771 3115 qui
1785 3067 1932 3116 publicas
1946 3069 2090 3106 Ecclesiae
2103 3075 2191 3106 vices

367 3127 452 3161 obit:
465 3128 549 3160 vnde
560 3122 717 3170 sequitur,
726 3133 944 3158 communem
958 3123 1020 3168 piis
1033 3118 1191 3154 omnibus
1201 3132 1315 3156 curam
1328 3130 1388 3167 pro
1398 3116 1469 3166 ipso
1482 3118 1675 3153 incumbere
1687 3143 1696 3158 ,
1707 3130 1750 3152 ne
1762 3118 1798 3151 in
1810 3119 1907 3152 vuius
1922 3118 2072 3154 hom'inis
2082 3119 2193 3168 perso-

367 3188 409 3210 na
420 3172 640 3221 Euangelium
651 3169 794 3206 deserant
807 3181 814 3201 t
826 3168 918 3203 sicuti
928 3167 1007 3216 saepe
1020 3167 1088 3202 fieti
1097 3168 1178 3202 solet
1188 3193 1196 3202 .

416 3235 456 3267 ¹4
505 3224 553 3254 Vt
560 3234 617 3254 non
628 3221 734 3265 quast.)
784 3220 861 3252 Hoc
871 3230 908 3251 ex
920 3216 1063 3264 generali
1073 3215 1185 3262 regula
1196 3214 1366 3263 sumptum
1375 3215 1503 3252 cstmon
1515 3214 1577 3249 alia
1590 3211 1715 3260 placere
1726 3214 1803 3247 Deo
1815 3211 1968 3249 sacrificia
1979 3214 2040 3251 nisi
2053 3229 2190 3263 quaevo·

367 3272 509 3307 luntaria
519 3269 601 3304 sunt.
613 3271 659 3303 Ita
670 3272 703 3303 δε
715 3267 753 3301 de
763 3264 979 3311 eleemosynis
990 3265 1076 3299 idem
1094 3263 1212 3299 Paulus
1224 3262 1418 3310 loquitunz.
1431 3261 1730 3305 Corinth.9.b.7.73
1739 3262 1848 3302 α’)αθδν
1866 3261 1921 3297 hic
1932 3276 1992 3310 pro
2002 3262 2191 3300 beneficen·

367 3323 413 3360 tia
424 3321 561 3364 capitur.
573 3320 611 3351 Et
620 3317 770 3361 neceffltat
781 3313 948 3357 voluntati
958 3315 1155 3360 opponitur,
1170 3311 1225 3346 vbi
1235 3311 1344 3346 liberae
1354 3311 1527 3346 alacritatis
1536 3309 1801 3358 experimentum
1811 3315 1884 3359 capi
1895 3324 1965 3347 non
1976 3312 2091 3360 potest.
2102 3313 2191 3348 Nam

367 3368 459 3417 quod
468 3366 644 3402 liberaliter
654 3363 825 3412 suscipitur
835 3360 1000 3403 officium,
1013 3374 1084 3399 non
1093 3361 1204 3396 alieno
1217 3359 1375 3408 impulsu,
1388 3358 1525 3396 solidam
1536 3358 1666 3396 laudern
1677 3359 1815 3394 demum
1824 3371 1978 3396 meretur.
1988 3360 2114 3395 Notata
2127 3364 2190 3399 etia

2046 3410 2189 3458 dignum
