2268 3705
97 1828 296 1867 2.1‘ei.‘1ss'e213.14

98 1870 252 1908 1012.4.d.19.

303 58 373 97 ies
785 51 878 103 IN
924 49 1648 103 11·EPIST·PAVL1
1734 111 1738 114 ⁵
1847 110 1920 118 .‚

364 138 387 164 2
445 120 582 166 Etenim
590 124 626 165 ln
638 121 701 166 hoc
703 128 875 182 gemimus
885 156 895 172 ,
911 124 1122 166 domicilium
1131 126 1280 179 nostrum
1289 122 1388 178 quod
1393 123 1441 178 esi
1450 124 1468 163 ὲ
1477 119 1816 178 relo,fiiperinduere'
1826 121 2066 180 desiderantes:

362 196 377 232 3
437 182 617 236 Siquidem
628 185 733 221 etiam
745 181 873 234 vestiti,
883 196 954 221 non
963 181 1051 220 nudi
1059 183 1277 236 reperiamur.
1676 188 1679 189 ’

364 254 391 289 4
449 241 585 278 Etenim
595 237 804 292 dumsumus
814 240 853 277 in
863 235 1088 282 tabernaculo,
1096 240 1274 291 gemimus
1277 238 1429 293 grauati:
1442 233 1478 276 'eb
1489 233 1589 292 ‘qubd
1593 249 1665 275 non
1673 237 1757 275 exui
1764 233 2156 291 volumtasedsuperim

304 292 384 340 dui,
393 304 440 334 vt
453 293 644 345 destruatur
653 292 748 348 quod
754 293 897 334 mortale
907 292 962 345 (β,
973 293 995 330 ὲ
1006 300 1096 333 vita.
1417 343 1419 345 ι
1648 341 1651 343 ‚

362 365 378 403 5
434 352 513 405 Q
524 359 638 390 autem
648 355 780 405 aptauic
789 362 852 388 nos
866 344 918 386 ad
927 345 989 385 hac
997 348 1119 402 ipsum,
1129 345 1223 396 Deus
1234 351 1295 388 eff:
1307 351 1369 403 q‘u'i
1375 350 1480 388 etiam
1491 343 1590 388 dedit
1598 345 1694 386 nubis
1705 344 1927 387 arrhabonem
1945 351 2096 403 Spiritus.

344 453 348 456 ἢ
362 411 385 445 6
445 406 661 458 confidimus
670 418 746 459 ergo
746 408 890 459 semper,
910 401 1078 455 &seimus
1090 400 1187 458 qubd
1194 403 1388 444 habitantes
1397 409 1436 445 in
1447 417 1588 462 corpore,
1590 408 1851 459 peregrinamur
1861 404 1882 442 ax
1890 409 2054 444 Domino.

362 478 390 516 7
448 460 631 512 Perfidem
640 463 735 500 euim
747 459 974 503 ambulamus,
984 459 1026 506 ά
1038 473 1110 499 non
1114 472 1178 516 per
1185 459 1370 515 aspecium.
1744 508 1747 509 ⁷
1846 488 1850 493 -

365 523 387 559 8
443 517 662 570 confidimus
685 546 696 562 ‚
716 519 864 571 iuquam
875 544 886 562 ‚
906 515 947 562 ά
977 513 1139 555 libentius
1150 526 1301 571 optamus
1315 519 1524 573 peregrinari
1533 513 1555 556 ἆ
1573 527 1704 572 corpore
1722 545 1735 563 ,
1757 516 1797 563 (r
1806 512 1960 555 habitare
1975 517 2068 575 apud
2087 525 2166 558 Da:

306 581 455 617 minum.
1758 573 1771 584 “’
1782 593 1789 598 ·

359 667 372 689 1
423 656 542 689 Scimus
551 647 655 697 enim.)
705 652 860 700 Sequitur
869 649 1119 696 {mgepyaecs'aeffel
1129 651 1291 702 expolitio
1299 651 1476 701 superioris
1486 651 1662 688 sententiat.
1672 653 1749 687 Hoc
1759 655 1850 688 enim
1859 654 1926 701 agit
1936 652 2104 691 Paulus,vt
2119 658 2155 690 in

310 704 410 740 nobis
423 703 682 749 impatientiam,
692 704 799 736 crucis
813 701 987 737 horrorem
997 715 1034 736 ac
1045 703 1192 742 taedium,
1205 701 1404 736 humilitatis
1418 713 1652 750 contemptum
1661 729 1671 742 ,
1686 700 1804 736 fastum
1819 703 1963 748 denique
1975 705 2009 736 ἃ
2020 702 2155 738 delicias

307 755 464 799 corrigat,
484 750 576 797 quod
586 747 654 783 fieri
666 751 784 797 nequit
795 753 878 796 quin
889 753 1022 785 animos
1033 763 1090 798 per
1098 762 1336 798 contemptum
1350 751 1466 784 mundi
1476 753 1510 784 in
1521 750 1638 785 caelum
1651 749 1751 797 vsque
1762 749 1904 784 attollat.
1923 750 2066 788 Duobus
2077 753 2154 787 aute

309 802 517 847 argumentis
527 800 654 833 nititur.
667 798 746 840 hinc
756 799 906 832 miseram
917 800 1098 833 hominum
1110 797 1232 834 sortem
1244 803 1279 833 in
1291 801 1351 833 hac
1361 801 1428 833 vita
1438 799 1580 833 ostendit
1592 812 1600 832 z
1611 799 1687 833 inde
1699 797 1864 833 summam
1876 802 1908 832 ἃ.
1921 797 2065 846 perfecta
2075 799 2154 834 bea·
2178 818 2185 823 -

309 849 503 884 titudinem,
515 859 586 893 quae
599 844 708 881 fideles
723 848 950 895 postmortem
962 850 998 882 in
1008 847 1088 882 caelo
1101 859 1221 882 manet.
1253 848 1347 896 Qd
1358 850 1448 881 enim
1459 848 1539 882 adeo
1550 849 1667 882 retinet
1678 848 1834 882 homiues
1854 849 1889 881 in
1901 846 2048 894 peruersa
2058 847 2160 884 huius

309 900 385 933 vitae
396 896 590 944 cupiditate,
601 893 661 929 nisi
671 898 763 942 quod
773 894 849 929 falsa
858 898 1101 944 imaginatione
1111 895 1141 930 se
1150 896 1334 943 decipiunt:
1345 896 1425 930 dum
1437 896 1559 930 scilicet
1569 896 1681 931 beatos
1693 895 1722 930 se
1736 894 1795 929 else
1806 897 1989 943 opinantur
1996 896 2052 930 hic
2064 899 2159 931 viue-

309 946 368 980 do?
384 944 509 980 Rursus
520 957 590 978 non
601 941 720 977 sufficit
731 941 923 979 intellexilse
935 946 1035 979 huius
1044 947 1119 979 vitae
1131 942 1284 982 miserias,
1305 942 1365 978 nisi
1376 946 1411 979 in
1423 956 1569 979 mentem
1581 944 1680 980 nobis
1692 947 1803 978 veniat
1815 943 1932 978 futurae
1947 946 2021 978 vitae
2034 943 2156 980 foelici-

309 1005 357 1029 tas
369 997 404 1028 &
416 993 533 1041 gloria.
545 993 621 1026 Hoc
633 1003 817 1026 commune
828 993 872 1027 est
881 992 980 1028 bonis
992 992 1088 1027 simul
1100 997 1134 1028 ὃς
1146 993 1240 1027 malis
1249 1016 1259 1031 ‚
1270 993 1362 1039 quod
1373 995 1502 1039 vtrique
1514 996 1625 1028 viuere
1638 1003 1810 1040 appetunt.
1824 992 1890 1026 hoc
1901 994 2000 1028 etiarn
2012 991 2157 1040 Vtrisque

308 1054 508 1081 commune,
517 1040 610 1087 qubd
619 1040 700 1074 dum
711 1051 865 1088 reputant
873 1052 958 1088 quot
968 1045 1003 1076 Sc
1013 1044 1145 1088 quantis
1154 1053 1254 1075 aerum
1261 1045 1311 1074 nis
1320 1040 1376 1075 hic
1386 1039 1448 1075 sint
1458 1041 1598 1075 obnoxii
1609 1041 1681 1083 (nili
1692 1040 1783 1088 quod
1792 1039 1942 1075 infideles
1958 1038 2026 1074 sola
2036 1053 2161 1090 corpo-

308 1093 352 1125 ris
367 1089 585 1125 incommoda
593 1086 792 1135 agnoscunt:
803 1091 877 1137 pios
886 1101 999 1124 autem
1011 1092 1116 1137 magis
1127 1100 1255 1137 angunt
1266 1088 1447 1136 spirituales
1457 1091 1604 1133 miseriae)
1615 1088 1695 1137 saepe
1705 1087 1940 1137 ingemiscunt,
1954 1087 2035 1137 saepe
2043 1089 2163 1138 deplo-

307 1150 381 1174 rant
392 1137 481 1172 suam
494 1135 627 1176 sortem,
640 1141 674 1171 ὃ(
685 1137 869 1172 remedium
883 1149 1002 1186 optant
1011 1135 1075 1172 suis
1086 1137 1191 1172 malis.
1217 1137 1278 1172 Sed
1289 1139 1368 1184 quia
1377 1137 1568 1173 naturaliter
1579 1138 1718 1172 horrent
1729 1151 1846 1173 omnes
1858 1149 2006 1172 mortem
2018 1162 2028 1176 ‚
2042 1139 2162 1173 infide-

308 1186 355 1222 les
367 1198 542 1233 nunquam
553 1184 694 1219 libenter
704 1188 850 1233 migrant
862 1198 901 1220 cx
911 1189 988 1224 vita,
1005 1184 1065 1221 nifi
1076 1199 1148 1220 eam
1157 1185 1284 1220 fastidio
1296 1197 1352 1220 aut
1371 1185 1595 1233 desperatione
1605 1185 1773 1220 abiiciant.
1800 1185 1968 1220 fidelibus
1976 1199 2088 1221 autem
2099 1200 2163 1222 vo·

308 1234 450 1270 luntario.
462 1235 505 1268 est
517 1235 684 1281 migratio:
699 1237 778 1281 quia
789 1239 901 1282 potior
914 1234 994 1269 illlis
1004 1232 1072 1283 spes
1083 1246 1171 1269 extra
1182 1234 1346 1269 mundum
1356 1234 1400 1268 est
1411 1233 1589 1282 proposita:
1601 1234 1669 1269 haec
1679 1236 1868 1281 argumenti
1878 1233 2110 1270 summa:nunc
2121 1233 2162 1270 fi-

307 1283 456 1331 gillatim
467 1281 564 1317 verba
575 1284 790 1317 excutiamus.
801 1285 944 1324 Scimus,
956 1286 1079 1330 inquit.
1091 1284 1170 1318 Haec
1181 1281 1315 1317 scientia
1325 1296 1396 1317 non
1407 1284 1451 1317 est
1465 1283 1605 1318 humani
1615 1284 1745 1330 ingenii
1757 1305 1768 1320 ‚
1778 1281 1829 1316 sed
1843 1294 1881 1316 ex
1900 1283 2042 1330 Spiritus
2057 1282 2162 1320 sancti

307 1331 513 1370 reuelatione
526 1342 648 1365 manat:
661 1332 771 1378 itaque
783 1334 917 1380 propria
930 1333 973 1366 est
983 1331 1143 1366 fidelium.
1155 1334 1206 1366 De
1216 1334 1334 1365 animae
1345 1331 1597 1366 immortalitate
1607 1331 1735 1378 aliquid
1747 1333 1878 1378 opinati
1890 1329 1965 1366 sunt
1976 1334 2077 1366 etiam
2087 1332 2162 1367 eth-

308 1383 389 1416 nici:
400 1378 452 1414 sed
462 1392 565 1414 nemo
577 1391 694 1413 eorum
709 1383 788 1414 certi
800 1383 981 1427 quicquam
991 1380 1119 1418 habuit,
1133 1393 1235 1414 nemo
1246 1382 1365 1415 iactare
1379 1383 1490 1427 potuit
1500 1379 1529 1414 se
1542 1381 1581 1414 de
1592 1392 1623 1414 rc
1633 1378 1728 1427 loqui
1736 1377 1795 1414 fibi
1805 1381 1950 1427 cognita,
1966 1378 2044 1415 solis
2055 1379 2165 1416 fideli-

307 1428 370 1464 bus
376 1428 554 1477 praedicare
565 1428 631 1461 hoc
642 1426 732 1465 licet,
745 1427 866 1475 quibus
890 1428 992 1463 verbo
1004 1433 1038 1464 δε
1049 1431 1174 1476 Spiritu
1186 1430 1250 1462 Dei
1270 1429 1380 1462 testata
1391 1429 1444 1462 est.
1457 1430 1610 1463 Praeterea
1621 1427 1807 1462 notandum
1820 1428 1882 1465 est,
1899 1427 1986 1463 hanc
1997 1431 2161 1464 notitiam

307 1490 381 1513 non
393 1475 452 1511 ell'e
463 1473 680 1510 vniuetlalem
691 1478 861 1514 duntaxat,
874 1476 964 1524 quasi
974 1476 1083 1512 fideles
1093 1479 1129 1512 in
1139 1489 1258 1525 genere
1268 1475 1373 1511 solum
1385 1475 1521 1524 persuasi
1532 1476 1593 1512 lint
1604 1477 1722 1510 statum
1736 1474 1815 1510 filiis
1823 1477 1888 1510 Dei
1899 1479 2033 1523 potiore
2041 1478 2060 1512 ὲ
2070 1489 2164 1512 mor÷

307 1536 340 1561 te
351 1524 434 1565 fore,
443 1525 485 1559 de
496 1523 526 1558 se
537 1535 648 1558 autem
661 1524 747 1559 nihil
760 1524 902 1560 habeant
914 1525 1146 1560 constitutum:
1158 1524 1360 1572 quantulum
1371 1528 1463 1560 enim
1480 1526 1546 1560 hoc
1560 1522 1720 1574 prodesset
1730 1525 1770 1558 ad
1780 1536 1848 1559 tam
1857 1525 1993 1559 arduam
2009 1521 2165 1561 consola-

307 1576 458 1611 tionem?
471 1573 532 1607 Sed
540 1571 689 1619 singulos
699 1574 738 1607 de
747 1571 780 1609 se
788 1573 1019 1622 particularem
1032 1572 1203 1612 scientiam
1212 1573 1331 1612 habere
1343 1574 1558 1622 oportet-hoc
1571 1575 1662 1608 enim
1671 1573 1715 1608 est
1723 1573 1859 1608 demum
1871 1573 1963 1620 quod
1974 1586 2028 1608 me
2039 1574 2079 1608 ad
2089 1586 2165 1609 mor

308 1633 379 1657 tem
397 1621 546 1656 alacriter
557 1621 746 1656 obeundam
756 1625 883 1656 animet
892 1648 902 1663 ‚
925 1620 947 1657 fi
958 1622 1048 1657 certb
1058 1621 1118 1657 sim
1131 1620 1294 1671 persuasus
1305 1646 1315 1661 ‚
1336 1635 1390 1656 me
1398 1623 1438 1657 ad
1451 1621 1624 1657 meliorem
1635 1624 1738 1657 vitam
1757 1624 1908 1670 migrate.
1937 1623 2072 1671 Corpus
2082 1635 2166 1670 qua·-

309 1669 341 1715 le
354 1683 446 1706 nunc
456 1669 617 1705 habemus
626 1692 637 1708 ‚
657 1681 753 1704 vocat
768 1668 954 1705 domicilium
962 1669 1164 1705 tabernaculi.
1214 1671 1368 1717 Qaliter
1395 1673 1486 1705 enim
1497 1669 1707 1706 tabernacula
1716 1671 1756 1705 ad
1766 1668 1986 1718 temporalem
1998 1668 2093 1706 vsum
2106 1683 2164 1705 «εκ-

309 1730 468 1754 truuntur
476 1718 543 1753 leui
554 1720 689 1752 materia
701 1742 712 1757 ‚
724 1731 785 1754 nec
797 1717 904 1753 solido
914 1717 1135 1754 fundamento
1145 1743 1155 1757 .
1164 1717 1284 1754 deinde
1294 1717 1396 1767 paulo
1410 1718 1484 1767 post
1494 1715 1690 1760 diruuntur,
1703 1730 1760 1753 aut
1768 1717 1886 1767 sponte
1894 1718 2076 1754 caduntzita
2089 1731 2166 1754 cor-
2191 1743 2196 1750 -

311 1780 374 1817 pus
387 1766 526 1802 mortale
535 1766 733 1801 horninibus
743 1767 858 1802 datum
868 1766 913 1802 est
922 1778 1082 1815 tanquam
1091 1769 1255 1802 caducum
1265 1769 1452 1815 tugurium,
1463 1769 1556 1815 quod
1565 1769 1678 1816 paucis
1687 1766 1801 1802 diebus
1813 1766 1975 1802 incolant.
1983 1780 2048 1814 qua
2059 1778 2167 1802 meta—

313 1817 421 1866 phora
432 1814 504 1851 vsus
517 1816 561 1850 est
573 1817 670 1849 etiam
680 1816 794 1850 Petrus
804 1818 840 1850 in
849 1815 995 1864 Epistola
1004 1816 1194 1865 posteriore:
1212 1820 1246 1851 ὅ(
1257 1815 1328 1854 iob.
1342 1829 1448 1863 quum
1461 1828 1559 1852 vocat
1568 1818 1709 1851 domum
1720 1814 1854 1850 luteam.
1871 1815 1963 1850 Huic
1972 1819 2119 1864 opponit
2129 1828 2166 1860 ς-

315 1864 465 1901 dificium
478 1875 643 1913 perpetuae
651 1863 835 1899 durationis
846 1877 855 1898 t
874 1877 944 1911 quo
957 1866 1099 1901 nomine
1107 1867 1273 1900 incertum
1284 1865 1328 1899 est
1337 1877 1380 1899 an
1389 1863 1550 1912 significet
1561 1863 1679 1899 statum
1690 1864 1792 1899 beatae
1802 1862 2064 1904 immortalitatis
2076 1887 2087 1903 ,
2105 1866 2169 1912 qui

314 1915 389 1965 post
400 1924 544 1949 mortem
557 1910 667 1947 fideles
677 1923 800 1947 manet:
811 1925 853 1947 an
863 1912 941 1947 verb
953 1925 1076 1961 corpus
1086 1911 1342 1960 incorruptibile
1354 1917 1387 1948 δι
1399 1913 1598 1960 gloriosum,
1609 1911 1706 1960 quale
1715 1911 1789 1961 post
1800 1910 2074 1947 resurrectionem
2092 1915 2165 1947 erit.
2213 1945 2215 1947 ,

313 1968 353 2000 In
365 1964 493 1998 vttouis
504 1959 596 1996 sensu
606 1962 681 1996 nihi
690 1961 735 1995 est
745 1961 968 1996 incommodi.
978 1973 1172 2008 quanquam
1182 1961 1272 1996 malo
1285 1964 1330 1995 ita
1339 1965 1498 2010 accipere,
1509 1974 1544 1997 vt
1554 1964 1692 1996 initium
1701 1961 1801 1996 huius
1813 1959 1944 1995 :edificii
1954 1959 1992 1995 fit
2005 1960 2119 1996 beatus
2127 1974 2164 1996 a-

315 2015 416 2048 nima:
429 2012 522 2045 statui
557 2010 606 2044 ost
622 2021 777 2045 mortem:
789 2008 1036 2044 consummatio
1047 2021 1156 2044 autem
1167 2009 1205 2045 sit
1215 2008 1322 2057 gloria
1330 2009 1455 2045 vltimae
1464 2008 1720 2046 restincta-ionis.
1730 2011 1827 2044 Hanc
1838 2007 2079 2057 expolitionem
2093 2022 2167 2057 me-

313 2061 380 2096 lius
390 2072 468 2095 com
495 2023 626 2094 rogabit
637 2057 794 2106 Apostoli
804 2068 989 2093 contextus.
1000 2057 1154 2107 Epitheta
1161 2070 1228 2106 quq
1238 2059 1388 2107 adiungit
1399 2058 1478 2094 huic
1487 2056 1771 2097 aedificio‚faciunt
1781 2058 1820 2092 ad
1827 2059 2082 2107 perpetuitatem
2093 2071 2165 2093 me·-

313 2109 379 2145 litis
402 2121 467 2143 con
496 2107 678 2142 tmandam.

361 2169 376 2203 3
426 2160 461 2191 Si
471 2154 593 2201 quidem
602 2154 703 2194 vestiti
712 2157 731 2198 -)
784 2158 969 2206 Restringit
979 2157 1072 2206 quod
1090 2154 1200 2205 posuit
1211 2156 1251 2191 de
1259 2155 1370 2200 future
1379 2159 1447 2200 vite
1458 2156 1667 2195 certitudine,
1679 2157 1718 2191 ad
1731 2154 1841 2190 fideles
1853 2177 1864 2192 ‚
1877 2154 2164 2202 quemadmodum

314 2207 359 2242 est
370 2205 435 2240 illis
448 2203 625 2253 peculiare.
640 2205 815 2240 Exuuntut
825 2209 917 2242 enim
927 2217 1068 2255 corpore
1077 2207 1178 2240 etiam
1187 2208 1297 2254 impii:
1309 2204 1360 2240 sed
1372 2207 1449 2252 quia
1459 2204 1545 2239 nihil
1560 2206 1596 2239 in
1605 2207 1669 2239 Dei
1679 2203 1895 2252 conspectum
1906 2201 2047 2237 afferunt
2058 2215 2166 2251 preter

313 2252 579 2303 ignominiosam
590 2252 790 2294 nuditatem,
802 2255 877 2289 ideo
887 2269 958 2290 non
968 2252 1246 2303 superuessiuutur
1256 2266 1395 2302 corpore
1403 2251 1561 2302 glorioso.
1573 2252 1698 2287 Fideles
1709 2264 1819 2300 autern
1829 2254 1887 2299 qui
1898 2252 2004 2286 vestiti
2015 2251 2165 2290 Christo,

316 2301 450 2350 eiusque
463 2302 584 2337 iustitia
597 2303 717 2339 ornati,
730 2304 763 2337 in
777 2303 843 2338 Dei
854 2301 1034 2352 conspectu
1044 2314 1214 2351 apparent,
1225 2305 1392 2352 recipiunt
1402 2302 1522 2337 vestem
1533 2298 1711 2350 gloriosam
1726 2299 1997 2335 immortalitatis.
2008 2301 2061 2336 Sic
2071 2303 2164 2336 enim

315 2351 408 2387 malo
419 2354 568 2399 accipere
581 2351 682 2397 quam
693 2349 872 2386 secundum
886 2351 1162 2398 Chrysostomum
1175 2354 1209 2386 ὃ(
1219 2350 1314 2389 alios,
1326 2353 1386 2398 qui
1397 2350 1483 2386 nihil
1494 2350 1548 2385 hic
1558 2363 1688 2384 nouum
1700 2350 1764 2384 dici
1776 2347 1960 2396 putantzsed
1972 2349 2102 2384 tantum
2112 2361 2166 2384 re—

314 2402 384 2449 peti
393 2400 485 2446 quod
495 2401 586 2447 prius
596 2400 720 2433 dixerat
734 2397 1051 2447 desuperindueudo
1061 2412 1184 2436 aeterno
1198 2399 1387 2435 domicilio.
1398 2399 1578 2446 Duplicem
1589 2401 1700 2445 itaque
1718 2398 1872 2432 vestitum
1883 2396 1939 2431 hic
1950 2408 2164 2432 commemo-

282 2494 284 2497 Υ
313 2461 362 2484 rat
377 2446 570 2496 Apostolus,
581 2459 651 2494 quo
662 2460 724 2482 nos
738 2448 829 2482 Deus
841 2450 961 2483 induit.
971 2447 1134 2484 Iustitiam
1146 2447 1268 2483 scilicet
1277 2448 1402 2483 Christi
1413 2450 1448 2482 in
1458 2448 1518 2482 hac
1530 2449 1606 2484 vita,
1622 2451 1656 2481 &
1668 2448 1810 2494 Spiritus
1823 2444 2132 2481 sanctificationem:
2143 2444 2163 2482 ὶ

315 2506 424 2532 morte
446 2496 525 2531 vero
539 2494 826 2532 immortalitatem
847 2500 881 2532 &
894 2495 1047 2544 gloriam.
1072 2498 1166 2532 Prior
1177 2508 1235 2531 cau
1241 2493 1272 2531 sa
1281 2497 1324 2531 est
1335 2494 1486 2532 secundi:
1500 2497 1583 2542 *quia
1595 2508 1680 2541 quos
1700 2493 1885 2542 glorificate
1896 2494 2039 2529 instituit
2058 2495 2164 2534 Deus,

314 2547 409 2594 prius
423 2542 594 2579 iustificat:
611 2554 711 2591 atque
721 2543 777 2580 hic
786 2543 895 2580 sensus
911 2545 1043 2580 elicitur
1053 2558 1090 2580 ex
1101 2544 1260 2593 particula
1270 2547 1363 2579 etiam
1371 2569 1382 2585 ,
1404 2557 1476 2592 quae
1487 2542 1712 2592 amplificandi
1723 2541 1815 2578 causa
1826 2542 1916 2577 haud
1933 2540 2032 2576 dubie
2043 2541 2162 2578 inserta

316 2593 363 2627 est
373 2619 382 2633 ‚
394 2591 455 2626 acsi
464 2591 590 2628 dixiffer
599 2592 730 2630 Paulus,
737 2605 864 2630 nouam
873 2594 993 2628 vestem
1007 2592 1157 2628 fidelibus
1169 2594 1188 2627 ὲ
1198 2604 1305 2629 morte
1315 2604 1461 2643 paratam
1471 2592 1559 2630 fore,
1571 2590 1594 2627 fi
1605 2592 1740 2640 quidem
1751 2594 1787 2627 in
1797 2592 1859 2627 hac
1869 2592 1969 2625 etiarn
1979 2592 2046 2625 vita
2065 2592 2167 2626 vesti-

318 2643 345 2676 ti
355 2640 490 2676 fuerint.
582 2676 583 2679 ,
875 2673 878 2676 ,

329 2730 336 2734 λ
367 2701 393 2734 4
420 2723 422 2727 ,
443 2691 731 2738 Geminusgrauativ
739 2701 772 2722 eo
779 2687 863 2734 quod
870 2702 931 2723 non
941 2691 1045 2731 exui.)
1090 2691 1241 2725 Gemunt
1249 2693 1349 2725 etiam
1365 2691 1462 2738 impii
1472 2716 1482 2731 ‚
1492 2690 1571 2737 quia
1581 2691 1733 2724 contenti
1744 2701 1815 2724 non
1825 2686 1899 2724 sunt
1908 2683 2057 2737 praesenti
2068 2687 2164 2724 statu:

320 2735 376 2773 sed
387 2739 492 2772 vincit
504 2739 614 2785 postea
624 2739 809 2772 contrarius
820 2735 967 2776 affectus,
978 2737 1044 2772 hoc
1055 2738 1098 2772 est
1106 2740 1162 2772 viu
1168 2740 1244 2773 endi
1255 2741 1492 2787 appetentia:vt
1502 2750 1646 2773 mortem
1659 2737 1937 2784 horreant‚neque
1948 2736 2098 2771 mortalis
2109 2739 2162 2771 vi-

322 2796 363 2821 tae
372 2787 589 2823 diuturnitate
600 2796 788 2833 grauentur.
797 2788 950 2820 Gemitus
959 2796 1070 2821 autem
1081 2784 1229 2824 fidelium
1241 2789 1317 2821 inde
1332 2786 1580 2833 nascitur,qubd
1591 2785 1620 2830 se
1629 2786 1757 2820 exulare
1767 2784 1823 2820 hic
1831 2783 1938 2819 sciunt
1948 2795 2036 2819 extra
2045 2786 2164 2832 patria:

322 2834 416 2881 quod
433 2832 541 2869 sciunt
552 2833 582 2868 se
591 2846 731 2882 corpote
742 2832 888 2869 inclusos
898 2836 1002 2869 teneri
1011 2845 1170 2881 tanquam
1180 2834 1433 2882 ergastulozideo
1446 2835 1505 2869 hac
1516 2837 1583 2869 vita
1593 2845 1750 2882 grauantu
1756 2833 1875 2880 nqubd
1886 2835 1921 2867 in
1937 2845 1974 2868 ea
1981 2835 2084 2880 potiri
2093 2846 2152 2868 ve-

323 2896 364 2921 rae
377 2887 411 2920 δι
422 2880 571 2931 perfectae
580 2882 796 2916 beatitudinis
806 2893 991 2930 nequeunt,
1008 2883 1101 2929 quod
1109 2886 1233 2931 peccati
1243 2882 1433 2918 seruitutem
1446 2896 1465 2916 n
1471 2896 1515 2917 on
1527 2880 1585 2917 nisi
1598 2893 1705 2917 morte
1714 2880 1847 2930 pellunt
1856 2877 2014 2929 effugere:
2030 2894 2068 2916 ac
2078 2894 2159 2930 pro-

319 2933 400 2966 inde
410 2930 478 2965 alib
492 2929 529 2964 al'
549 2933 643 2965 itant.
653 2931 714 2967 Sed
723 2933 802 2977 quia
812 2930 960 2966 naturale
971 2931 1014 2965 est
1027 2934 1158 2966 cunctis
1168 2931 1395 2967 animantibus
1405 2953 1416 2968 ,
1435 2942 1469 2964 vt
1479 2929 1538 2965 ess'e
1548 2942 1588 2978 ap
1615 2941 1719 2976 etant:
1737 2928 1796 2976 qui
1807 2928 1876 2964 fieri
1888 2926 1994 2978 potest
2004 2941 2039 2965 vt
2049 2929 2160 2966 fideles

322 2979 464 3018 libenter
473 2943 620 3013 desinant
629 2975 688 3011 esse
699 2982 714 3012 ?
724 2979 820 3013 Hanc
830 2980 1045 3025 quaestionem
1057 2978 1157 3014 soluit
1166 2979 1468 3028 Apostolus‚quum
1479 2979 1572 3017 dicit,
1605 2977 1692 3018 deles
1703 2988 1844 3012 mortem
1857 2991 1928 3013 non
1939 2977 2015 3013 ideo
2025 2989 2160 3027 appete-

321 3041 369 3066 re,
384 3039 418 3062 vt
429 3026 487 3062 fibi
497 3025 623 3074 aliquid
634 3027 778 3061 decedat:
788 3025 839 3061 sed
851 3027 998 3066 melioris
1007 3030 1081 3062 vitae
1090 3026 1250 3076 respectu.
1261 3030 1467 3076 Qanquam
1477 3025 1572 3061 verba
1581 3026 1655 3074 plus
1666 3029 1859 3074 exprimunt
1870 3040 1878 3060 ι
1888 3027 2043 3062 concedit
2050 3030 2156 3066 enirn,

322 3089 385 3112 nos
396 3073 558 3123 praesentis
568 3077 643 3110 vitae
653 3072 854 3111 solutionem
864 3088 921 3123 per
932 3074 962 3109 se
972 3072 1163 3110 naturaliter
1170 3074 1293 3123 fugere:
1303 3074 1588 3123 quemadmodum
1599 3087 1701 3109 nemo
1711 3072 1740 3108 se
1749 3073 1867 3109 libeter
1877 3077 2001 3123 patitur
2010 3077 2085 3110 exui
2094 3073 2162 3119 suis

322 3123 476 3159 vestibus:
491 3121 542 3158 scd
553 3124 663 3171 postea
672 3121 853 3171 subiungit,
863 3123 1046 3158 naturalem
1057 3127 1175 3159 mortis
1185 3124 1361 3159 horrorem·
1369 3122 1510 3171 superari
1519 3124 1538 3157 ὲ
1547 3121 1682 3166 fiducia:
1700 3121 1874 3158 ficuti‘non
1884 3120 2062 3160 difficulter
2071 3123 2159 3159 vesti

324 3169 968 3220 pannosam‚sordidi‚detritam‚laceram
980 3173 1123 3219 denique
1132 3174 1246 3220 quiuis
1252 3172 1435 3213 abiiciet,vt
1444 3171 1810 3219 eleganti,nitida‚noua
1821 3171 1998 3207 &durabili
2010 3182 2156 3207 ornetur.

322 3221 558 3268 Metaphoram
576 3221 695 3255 deinde
705 3222 844 3268 exponit
859 3243 869 3258 ,
879 3220 992 3255 dicens
1006 3247 1017 3260 ,
1027 3222 1059 3253 V
1061 3231 1074 3253 t
1083 3219 1340 3266 destruaturquod
1348 3223 1474 3255 mortale
1485 3218 1555 3262 est,‹i
1564 3223 1645 3253 vita.
1694 3219 1783 3254 Nam
1797 3223 1875 3267 quia
1885 3231 1960 3255 caro
1972 3224 2007 3254 ὅ(
2025 3218 2156 3267 sanguis

319 3277 461 3314 regnum
473 3270 536 3303 Dei
547 3264 709 3316 poffidere
718 3279 901 3316 nequeunt:
912 3266 1035 3303 necess'e
1045 3266 1090 3302 est
1100 3272 1234 3304 interire
1243 3269 1335 3316 quod
1346 3267 1562 3316 corruptibile
1571 3267 1660 3302 estin
1669 3278 1785 3302 natura
1795 3269 1904 3304 nostra
1913 3291 1924 3309 ‚
1935 3279 1970 3304 vt
1977 3267 2053 3305 vere
2061 3279 2156 3315 repa-

319 3325 442 3354 remur,
456 3320 489 3351 8<
501 3318 667 3354 restituam
673 3328 710 3353 ur
720 3319 755 3352 in
765 3315 952 3367 perfestum
962 3317 1081 3352 statum
1091 3330 1099 3352 :
1110 3317 1173 3353 hae
1181 3320 1312 3353 ratione
1323 3329 1445 3365 corpus
1456 3316 1606 3353 nostrum
1616 3322 1754 3352 vocatur
1764 3329 1871 3354 carcer
1881 3320 2011 3366 quinos
2021 3318 2154 3364 premit·

2024 3363 2158 3414 §52¹⁴
