2268 3705
1562 49 1565 66 )

299 129 359 166 ςω
825 101 1622 159 INI-EPIST·PAVL1

319 189 406 222 inter
416 194 472 220 eos
483 182 568 221 male
580 182 609 219 se
619 181 840 234 geret‚'seuere
850 181 1043 227 corrigatur.
1053 178 1144 213 Nam
1154 177 1192 211 de
1204 176 1400 222 Presbyter-is
1413 177 1479 212 hoc
1488 177 1617 214 dietum
1627 177 1770 223 accipio,
1782 174 1890 224 palam
1901 182 2085 226 arguendos
2096 182 2158 219 effe

320 238 380 283 qui
391 232 541 270 dissolute²
555 236 684 270 viuunt.
696 236 822 281 Qre?
839 240 873 264 vt
884 228 1016 274 reliqui,
1027 228 1107 261 dum
1119 239 1160 261 ne
1172 225 1236 260 illis
1247 227 1385 272 quidem·
1393 228 1482 274 parci
1495 225 1606 259 vident
1622 227 1680 271 qui
1690 225 1791 271 gradu
1803 229 1837 260 &
1848 227 2008 273 dignitate
2017 227 2090 265 sunt
2102 231 2155 266 su·-

346 286 477 320 etiores.
489 283 546 318 tali
557 282 710 331 exemplo
722 280 847 316 moniti
856 278 960 323 magis
971 278 1121 309 timeant.
1133 274 1221 308 Nam
1231 273 1324 308 sicuti
1334 274 1477 309 honestae
1488 275 1562 308 vitae
1573 285 1663 307 exem
1669 276 1726 320 plo
1737 275 1841 321 preire
1850 274 1923 309 aliis
1932 275 2052 312 debent
2064 281 2156 314 Pres-

320 297 437 377 sycen:
448 333 493 366 ita
506 331 526 366 fi
543 331 765 378 delinquunt,
777 328 985 363 seueritatem
995 320 1174 371 disciplinae
1184 325 1323 357 exerceri
1332 335 1407 370 erga
1416 320 1502 370 ipsos
1511 322 1673 356 conuenit
1683 334 1754 368 quae
1766 322 1923 357 omnibus
1935 322 1971 356 sit
1991 328 2157 374 exemplo.

322 382 393 419 Qu:
404 382 495 414 e'nim
509 380 583 428 plus
596 380 661 414 illis
677 378 885 424 indulgeatur
894 372 1049 411 licentiae,
1058 373 1203 417 quotum
1217 382 1347 418 peccata
1358 371 1459 417 longe
1469 372 1601 418 grauius
1612 370 1711 416 quam
1721 370 1865 405 aliorum
1875 384 1999 408 nocent
2009 381 2018 407 t
2029 376 2158 410 intelli-

323 442 363 476 ge
371 440 481 463 autem
493 429 584 476 quod
597 429 677 462 dicit
687 427 806 461 Paulus
817 425 855 457 de
865 419 1041 455 sceleribus
1050 430 1106 453 aut
1116 418 1285 465 flagitiosis
1296 422 1449 466 peccatis,
1461 431 1531 464 quae
1543 417 1716 464 publicum
1728 418 1970 457 offendiculum
1989 421 2099 458 secum
2111 423 2160 459 fe-

324 488 411 512 tant.
426 490 503 512 nam
519 475 620 523 fiqujs
630 489 667 510 cx
677 474 874 518 Presbyteris
883 466 1004 516 absque
1014 467 1142 516 flagitio
1151 469 1338 516 deliquerit,
1348 469 1506 515 priuatim
1519 469 1623 514 magis
1633 467 1882 503 admonendum
1893 466 1953 503 effe
1962 483 2089 506 certum
2101 475 2158 513 est,

324 526 426 575 quam
440 525 551 574 palam
562 523 835 570 redarguendum.

333 596 336 599 «
374 584 408 609 21
458 574 610 618 Contestor
620 583 718 605 coram
730 574 828 608 Deo.)
874 568 953 604 Haec
964 565 1139 601 obtestatio
1152 563 1340 612 interposita
1351 563 1414 600 fuit
1424 562 1579 604 apansa,
1587 577 1660 599 non
1677 564 1805 600 tantdm
1817 576 1852 599 vt
1862 568 1895 600 in
1907 579 1940 602 re
1953 570 2096 605 maxime
2110 569 2160 605 se-

325 624 384 663 ria,
395 621 446 658 sed
457 625 554 656 etiam
568 631 702 670 propter
715 618 877 653 summam
887 615 1127 652 difficultatem.
1137 613 1235 649 Nihil
1247 616 1336 647 enim
1348 612 1515 647 difficilius
1535 613 1636 659 quam
1647 624 1736 647 tanta
1744 609 1895 660 aequitate
1907 629 2053 652 exercere
2072 621 2161 653 iudi-

287 684 290 688 *
326 673 389 711 cia,
401 682 434 704 vt
444 684 552 716 neque
563 671 666 717 gratia
675 680 822 714 vuquam
840 667 994 701 fleam-is,
1006 675 1066 698 nec
1078 660 1317 710 suspicionibus
1328 663 1381 696 des
1393 662 1531 697 aditum,
1544 674 1603 695 nec
1614 661 1838 699 delationibus
1848 668 2013 699 monearis
2024 680 2106 703 „nec
2116 671 2162 701 [ᾗ-

328 732 408 767 gote
419 717 456 752 sis
467 720 668 755 nimiusmec
678 717 767 750 aliud
777 719 811 750 in
823 714 984 749 omnibus
993 711 1092 747 caulis
1104 712 1204 757 quam
1217 709 1318 759 ipsam
1330 708 1456 744 causam
1470 708 1721 757 respicias-Nam
1733 711 1809 745 inde
1820 712 1870 745 ius
1882 710 2163 761 aequabile,quum

269 768 295 799 ‚*‘
313 766 474 815 ‚personis
487 766 586 801 claust
596 764 669 800 sunt
679 763 780 799 oculi.
791 765 1048 798 Meminerimus
1059 771 1180 796 autem,
1192 759 1245 792 hic
1256 757 1312 793 sub
1322 759 1496 797 Timothei
1508 755 1646 805 persona
1655 760 1826 793 admoneri
1839 749 2163 805 01n11e3³s³astores‚&

272 847 274 851 ,
326 815 550 849 Timotheum
561 815 678 848 armari
697 812 800 847 veluti
811 811 941 859 clypeo,
951 806 1103 844 aduersus
1121 820 1362 855 prauasomncs
1374 806 1629 843 solicitationes,
1655 820 1726 854 quae
1739 821 1808 842 non
1820 808 1891 842 raro
1903 808 2088 856 plurimum
2105 827 2164 847 ne—
2193 844 2202 850 .,

253 872 275 897 ,¹
327 865 414 911 gorii
425 860 531 898 solent
543 862 594 897 vel
605 864 747 910 optimis.
755 859 939 908 quibusque
951 856 1113 893 exhibere.
1134 855 1320 890 Timotheo
1332 858 1431 903 igitur
1442 857 1551 889 Deum
1565 857 1662 902 ponit
1674 867 1749 889 aute
1760 856 1889 895 oculos,
1905 869 1937 891 vt
1951 856 2028 892 sciat
2041 865 2164 896 nomi-
2192 849 2210 866 ν’

330 914 406 946 nori
424 910 588 960 religione
601 910 658 945 sibi
668 910 964 944 administrandum
973 904 1033 940 csse
1053 904 1149 949 suum
1161 917 1294 941 munus,
1310 907 1410 951 quam
1426 903 1565 952 fiageret
1577 907 1611 938 in
1622 903 1799 952 conspectu
1812 907 1874 938 Dei
1887 905 1925 939 δέ
1940 907 2163 955 Angelorum.

328 961 507 1006 Postquam
520 962 630 994 Deum
642 959 833 994 nominauit
843 983 854 998 ,
874 956 962 990 addit
973 957 1071 988 ctiam
1083 952 1266 988 Christum.
1284 966 1360 987 nam
1375 955 1401 987 is
1412 953 1454 986 est
1465 955 1517 986 cui
1529 954 1622 986 Pater
1633 966 1770 987 omnem
1784 954 1951 999 iudicandi
1970 958 2167 1003 potestatem
2242 938 2254 1007 l

329 1008 462 1049 detulit,
472 1013 505 1044 Sc.
517 1021 628 1043 coram
640 1009 734 1042 cuius
742 1004 902 1040 tribunali
913 1001 1011 1037 semel
1020 1001 1264 1049 apparebimus.
1276 1001 1424 1048 Angelos
1435 1000 1569 1035 Christo
1581 1002 1751 1048 adiungit,
1773 1015 1844 1036 non
1856 1013 2014 1051 tanquam
2027 1006 2165 1049 iudices,
2203 1021 2204 1024 ¹
2253 1015 2254 1019 ¹

329 1056 382 1092 sed
394 1068 557 1104 tanquam
575 1056 703 1091 futuros
714 1054 807 1088 testes
829 1052 1039 1099 negligentia:
1049 1075 1059 1089 ,
1072 1061 1127 1084 aut
1137 1052 1331 1084 temeritatis
1344 1075 1352 1089 ,
1373 1061 1430 1083 aut
1438 1048 1708 1086 ambitionisaut
1721 1050 1812 1087 malae
1824 1049 1912 1088 fider,
1927 1051 2054 1088 Adsunt
2073 1060 2167 1094 enim

330 1103 547 1154 spectatores,
572 1113 705 1152 propter
715 1104 903 1137 iniundtam
921 1099 979 1135 sibi
991 1097 1140 1134 Ecclesia:
1151 1110 1273 1132 curam.
1291 1099 1330 1134 Et
1343 1097 1415 1131 sane
1430 1096 1602 1145 plusquam
1616 1099 1780 1145 stupidum
1804 1097 1978 1134 &saxeum
1994 1098 2053 1136 esse
2064 1116 2168 1151 opot-

329 1165 376 1189 tet
392 1180 401 1194 ‚
412 1157 465 1189 cui
476 1167 544 1189 non
557 1154 697 1187 excutiat
707 1150 879 1198 torporem
891 1153 924 1184 δι
938 1148 1146 1186 oscitantiam
1159 1146 1226 1180 sola
1236 1146 1302 1182 haze
1313 1148 1492 1193 cogitatio:
1517 1146 1681 1180 theatrum
1694 1148 1755 1180 Dei
1770 1151 1801 1181 ὃς
1814 1147 2023 1194 Angelorum
2036 1149 2096 1185 esse
2106 1156 2170 1190 Ec,-

330 1201 431 1238 cleliae
443 1203 734 1249 gubernationem.
744 1200 800 1234 vbi
810 1198 891 1233 vero
898 1197 1023 1231 accedit
1033 1193 1178 1230 solennis
1189 1195 1246 1229 ista
1256 1196 1623 1232 contestatio,timorem
1633 1206 1669 1228 ac
1680 1193 1921 1232 solicitudinem
1933 1196 2095 1245 duplicari
2108 1216 2168 1237 ne-

330 1249 410 1285 cesse
420 1253 472 1285 est.
498 1251 615 1283 Eleates
626 1260 721 1283 vocat
731 1249 878 1295 Angelos,
889 1258 960 1280 non
971 1244 1101 1279 tantum
1112 1254 1147 1277 vt
1158 1245 1176 1277 a
1191 1240 1506 1291 reprobisdiscernat
1518 1268 1529 1282 ‚
1541 1239 1592 1276 sed
1603 1242 1800 1278 excellentiae
1812 1242 1904 1279 causa
1913 1269 1923 1284 ‚
1944 1257 1978 1279 vt
1989 1236 2063 1294 plus
2074 1261 2168 1285 reue..

330 1300 442 1333 rentiae
461 1298 579 1334 habeat
591 1309 707 1332 eorum
717 1297 957 1331 testimonium.
1010 1292 1137 1338 Absiyue
1142 1294 1383 1341 precipitatione.
1408 1288 1541 1332 vpsnptua
1553 1292 1674 1327 Gtaecis
1682 1317 1695 1332 ‚,
1713 1291 1733 1325 si
1745 1292 1883 1327 verbum
1897 1294 1936 1327 de
1947 1295 2048 1330 verbo
2060 1302 2165 1346 expti,
2214 1315 2216 1317 .

331 1359 412 1384 mas,
423 1348 541 1382 Latine
552 1341 645 1381 sonat
658 1346 898 1394 praeiudicium.
919 1341 1042 1376 verum
1063 1342 1178 1388 potius
1191 1339 1348 1388 significat
1362 1339 1606 1376 festinationem
1624 1342 1763 1375 nimiam
1775 1367 1785 1379 ‚
1804 1343 1884 1379 duni
1899 1355 1931 1376 te
1944 1344 2096 1380 nondum
2109 1347 2170 1383 be..

334 1408 376 1430 ne
388 1393 574 1443 perspe&a‚
592 1406 713 1428 temere
735 1394 1012 1441 pronuntiamus,
1028 1387 1254 1436 autlignificat
1273 1389 1494 1423 immodicum
1516 1387 1663 1422 fauorem
1674 1414 1688 1428 „
1702 1402 1807 1435 quum
1832 1388 2008 1425 deseri-mus
2020 1393 2168 1441 personis
2266 1395 2268 1449 4

331 1441 507 1491 plusquam
530 1456 664 1490 aequum
676 1444 738 1479 est,
757 1442 809 1476 vel
819 1441 901 1476 alios
919 1450 1078 1486 tanquam
1090 1440 1230 1472 eximios
1244 1461 1253 1475 ,
1278 1436 1349 1471 aliis
1363 1436 1585 1484 praeferimus:
1609 1436 1699 1481 quod
1714 1440 1749 1472 in
1760 1437 1889 1472 iudiciis
1902 1437 2027 1486 semper
2039 1443 2082 1477 est
2099 1447 2167 1480 ini-
2267 1455 2268 1505 1

329 1504 448 1542 quum.
460 1494 545 1539 Ergo
556 1492 610 1527 hic
625 1490 676 1525 vel
688 1491 859 1525 leuitatem
869 1514 878 1529 ,
899 1487 952 1522 vel
964 1485 1177 1535 personarum
1189 1488 1418 1533 acceptionem
1431 1486 1564 1519 damnat
1574 1484 1705 1518 Paulus.
1715 1486 1842 1519 Eodem
1856 1486 1978 1534 spestat
1989 1487 2054 1524 fere
2074 1496 2168 1537 quod

330 1542 488 1586 sequitur,
501 1553 571 1575 non
583 1538 642 1574 csse
655 1541 721 1574 huc
732 1538 784 1573 vel
795 1539 876 1573 illuc
885 1535 1132 1571 declinandum.
1149 1535 1227 1568 Dici
1238 1535 1328 1568 enim
1341 1537 1395 1568 vix
1406 1534 1511 1580 potest
1524 1534 1624 1579 quam
1637 1531 1814 1568 difficulter
1827 1532 1858 1568 se
1868 1537 2032 1571 retineant
2042 1544 2100 1584 qui
2111 1544 2164 1576 iu-

327 1588 459 1623 dicandi
472 1602 593 1625 munus
605 1587 862 1629 sustinent,inter
871 1597 922 1621 tot
933 1597 970 1620 ac
980 1596 1048 1619 tam
1059 1585 1167 1618 varios
1180 1580 1525 1631 impulsus.Nonnulli
1537 1582 1679 1615 Codices
1690 1581 1813 1618 habent
1822 1581 1995 1625 πρόσκλησιν.
2008 1587 2067 1621 Sed
2076 1593 2168 1636 prior

327 1634 430 1672 lectio
442 1639 547 1685 magis
565 1638 737 1672 conuenit.

2240 1200 2257 1252 θ’

383 1721 451 1803 zzd
493 1716 652 1751 (Manus
660 1704 723 1755 citb
744 1721 825 1750 no)
845 1707 897 1745 eui
915 1705 1091 1760 impona:
1113 1717 1262 1760 neque-2
1271 1703 1494 1742 communices
1501 1705 1646 1758 peccatis
1659 1703 1802 1751 alienis,
1816 1701 2033 1762 temetipsum
2042 1718 2168 1763 purum

331 1768 419 1805 tuffo
447 1767 470 1805 i.
850 1766 851 1770 ’

387 1836 425 1869 23
483 1829 547 1873 215
547 1817 689 1877 posthac
697 1815 792 1860 bibas
802 1830 942 1874 aquam,
946 1812 1013 1870 fid
1017 1813 1154 1871 paululo
1166 1815 1254 1856 vina
1273 1826 1407 1859 viere)
1421 1824 1556 1872 propter
1550 1813 1766 1866 stomachum
1781 1824 1889 1863 tuum,
1901 1816 1941 1864 ἀ
1951 1816 2079 1861 crebras
2088 1831 2166 1861 tun

329 1892 369 1918 m
396 1888 560 1919 rmuates.

367 1878 428 1984 {4
483 1932 717 1992 Qorundam
737 1928 916 1970 hominum
919 1936 1054 1985 peccata
1071 1928 1153 1969 ant?
1162 1926 1336 1982 manifesta
1346 1926 1432 1984 finit
1440 1957 1450 1974 ‚
1457 1926 1661 1983 festinantia
1671 1926 1722 1965 ad
1724 1925 1887 1969 iudicium
1897 1945 1905 1969 :
1915 1933 1955 1970 in
1964 1929 2168 1989 quibusdam

333 1988 418 2031 verb
428 1987 796 2043 etiamfiabfiquuntur.
1884 1995 1886 1997 >
2163 1984 2167 1989 ’

390 2062 431 2101 25
488 2044 656 2086 Similiter
664 2044 704 2090 ὠ-
714 2041 802 2083 bona
811 2053 909 2098 opera
921 2040 1001 2081 ant?
1012 2037 1289 2094 manifestasunt,
1303 2039 1343 2086 ἀ·
1355 2037 1525 2095 quaeficus
1535 2035 1673 2086 habent,
1683 2038 1788 2078 latere
1796 2052 1979 2096 nequeunt.

381 2130 417 2154 22
470 2119 599 2153 Manus
608 2112 662 2149 τιτὸ
670 2127 707 2148 ne
717 2118 763 2148 cm·
772 2113 944 2163 imponas.)
995 2111 1080 2146 Non
1090 2110 1231 2144 dubium
1243 2107 1287 2146 esi:
1296 2112 1381 2157 quin
1396 2109 1558 2158 depellere
1569 2109 1587 2143 ὲ
1599 2110 1788 2144 Timotheo
1799 2111 1962 2147 inuidiam
1972 2110 2167 2154 volucria&

335 2168 473 2204 obuiam
485 2168 531 2200 ire
542 2164 656 2199 multis
666 2163 901 2209 querimoniis,
913 2173 985 2208 quae
996 2157 1132 2195 subinde
1141 2161 1296 2194 oriuntur
1305 2156 1455 2194 aduersus
1466 2161 1539 2206 pios
1550 2157 1675 2192 Christi
1686 2156 1805 2196 seruos,
1818 2161 1877 2207 qui
1887 2159 2068 2198 ambitiosis
2077 2176 2165 2211 quo.

335 2218 464 2252 rumuis
476 2213 630 2267 precibus
640 2211 778 2258 obsequi
788 2208 944 2246 recusant.
954 2208 1043 2244 Nam
1054 2206 1111 2241 alii
1123 2206 1321 2242 morositatis
1332 2220 1390 2241 eos
1398 2206 1600 2243 insimulant,
1613 2205 1670 2240 alii
1681 2207 1814 2241 inuidia>
1826 2230 1837 2245 ‚
1848 2208 2007 2244 nonnulli
2017 2213 2080 2247 etii
2090 2223 2166 2248 cru-

334 2265 423 2300 deles
435 2264 494 2298 esle
505 2262 770 2308 clamitant‚quia
781 2272 852 2294 non
865 2259 973 2293 statim
984 2256 1160 2291 admittant
1168 2257 1226 2302 qui
1238 2254 1268 2289 se
1277 2256 1449 2291 venditant
1460 2254 1685 2303 qualicunque
1693 2256 2092 2305 commendationezquod
2101 2260 2168 2295 ho-

336 2314 389 2348 die
402 2312 477 2361 plus
488 2311 562 2348 satis
572 2311 769 2358 experimur.
788 2305 909 2343 Paulus
919 2317 999 2352 ergo
1008 2303 1229 2339 Timotheum
1242 2304 1391 2338 hortatur
1403 2316 1444 2339 ne
1455 2304 1472 2337 a
1482 2305 1640 2352 grauitate
1650 2302 1800 2343 discedat,
1810 2316 1870 2338 nec
1880 2301 1908 2338 se
1922 2308 2064 2352 patiatur
2076 2310 2167 2344 vinci

337 2361 541 2410 praeposteris
555 2359 678 2394 studiis:
688 2370 759 2392 non
770 2367 836 2390 tam
872 2354 939 2389 ubd
951 2365 1037 2401 opus
1046 2350 1179 2387 haberet
1186 2353 1389 2388 Timotheus
1399 2349 1560 2386 eiusmodi
1571 2351 1813 2389 admonitione,
1823 2351 1924 2398 quam
1935 2365 1969 2388 vt
1978 2353 2033 2389 sua
2042 2356 2146 2392 autho
2154 2377 2170 2384 ο

337 2412 432 2445 ritate
443 2407 642 2460 compescat,
657 2408 715 2453 qui
726 2404 806 2439 alias
816 2406 849 2452 ip
884 2402 1070 2438 Timotheo
1083 2400 1211 2436 molesti
1222 2398 1281 2434 esse
1291 2411 1454 2449 poterant.
1466 2400 1612 2434 Primum
1623 2398 1794 2447 impositio
1806 2404 2168 2443 manuum‚0rdinatio—

340 2459 418 2493 nem
434 2457 605 2505 fignihcat:
618 2455 682 2490 hoc
691 2454 735 2488 est
745 2451 875 2501 sigrium
887 2462 948 2499 pto
959 2461 992 2485 re
1002 2447 1069 2497 ipsa
1078 2452 1216 2496 capitur.
1226 2449 1383 2484 Prohibet
1394 2451 1484 2483 enirn
1496 2460 1640 2494 nequem
1651 2449 1763 2483 minus
1773 2449 1880 2486 adhuc
1890 2449 2066 2498 probatum
2079 2479 2090 2494 ‚
2111 2456 2166 2489 ni-

341 2508 409 2541 mia
421 2504 575 2541 facilitate
583 2504 746 2538 admittat.
765 2503 849 2536 Sunt
859 2502 949 2535 enim
960 2501 1018 2544 qui
1029 2500 1189 2532 nouitatis
1202 2498 1308 2532 studio
1321 2498 1514 2546 promoueri
1524 2498 1657 2543 cuperet
1666 2495 1718 2529 vel
1729 2494 1973 2543 ignotissimum
1984 2512 2168 2548 quemque,

340 2553 537 2600 simulatque
549 2550 715 2600 specimen
727 2561 829 2585 vnum
840 2546 893 2582 vel
903 2546 1044 2581 alterum
1058 2546 1193 2579 ediderit
1207 2546 1298 2592 quod
1309 2546 1457 2579 arrideat.
1477 2546 1566 2579 Huic
1578 2546 1779 2592 importuna:
1790 2547 1962 2592 cupiditati
1973 2560 2109 2595 grauem
2129 2553 2169 2584 Sc

341 2603 537 2652 prudentem
548 2597 747 2648 Episcopum
758 2596 895 2632 resistere
906 2596 1076 2631 conuenit:
1090 2595 1375 2640 quemadmodum
1385 2593 1440 2628 hic
1449 2592 1568 2629 Paulus
1577 2592 1668 2627 iubet
1678 2593 1899 2628 Timotheum
1910 2593 2023 2630 facere.
2049 2597 2170 2644 Neque

343 2652 554 2685 communices.
579 2645 750 2695 Significat
760 2645 876 2680 eodem
887 2643 1149 2691 implicatiteatu
1163 2644 1221 2688 qui
1230 2642 1355 2686 illicitae
1370 2643 1581 2690 promotioni
1590 2637 1768 2678 assentitur,
1777 2640 1972 2690 atqueipsos
1982 2647 2168 2693 praecipuos

342 2699 509 2735 authores.
521 2699 725 2743 Qanquam
738 2697 783 2729 ita
792 2702 964 2742 exponunt
975 2691 1122 2738 quidam.-
1133 2689 1155 2724 si
1169 2690 1327 2738 indignos
1339 2692 1502 2728 admittat,
1515 2689 1675 2736 quicquid
1685 2689 1794 2736 postea
1804 2689 2004 2736 deliquerint
2013 2716 2024 2730 ‚
2033 2693 2169 2740 culpam

346 2747 398 2782 ξω
410 2757 466 2780 aut
477 2744 581 2792 culpa
593 2756 717 2792 partem
729 2746 931 2791 imputatum
944 2742 993 2774 iri.
1007 2739 1067 2774 Sed
1081 2739 1165 2773 mihi
1176 2738 1241 2773 hoc
1252 2739 1379 2773 videtur
1388 2737 1572 2786 simplicius
1588 2735 1730 2772 :etiarnsi
1741 2739 1776 2772 in
1786 2737 1871 2774 hanc
1881 2742 2100 2775 temeritatem
2111 2741 2171 2777 alii

345 2804 580 2846 prorumpant,
593 2791 665 2827 noli
676 2803 707 2826 te
718 2791 784 2825 illis
796 2790 923 2825 socium
933 2789 1059 2825 addere,
1070 2800 1110 2821 ne
1121 2786 1216 2821 fimul
1228 2799 1300 2821 reus
1312 2785 1378 2820 fias.
1389 2788 1478 2834 Saepe
1490 2789 1579 2822 enim
1591 2787 1721 2824 accidit,
1733 2796 1766 2822 vt
1779 2798 1853 2828 nos,
1864 2789 1962 2825 etiam
1976 2789 2063 2823 recte
2080 2788 2166 2828 alio-

345 2846 405 2892 qui
418 2841 605 2878 sentientes,
614 2839 681 2874 abti
709 2843 752 2874 iat
761 2838 903 2873 aliorum
914 2836 1061 2873 stultitia,
1077 2840 1110 2870 &
1123 2835 1250 2870 leuitas.
1261 2836 1338 2869 Huc
1347 2836 1445 2869 etiam
1458 2833 1562 2869 refero
1572 2835 1662 2881 quod
1672 2833 1837 2873 continuo
1848 2834 1919 2882 post
1927 2834 2083 2882 sequitur.
2097 2838 2170 2873 Te·

347 2891 620 2939 metzpfiampurum
630 2852 752 2936 custgdi:
763 2886 823 2921 acsi
834 2882 971 2922 dixisset,
981 2885 1096 2930 Siquid
1106 2896 1275 2932 perperam
1286 2882 1342 2917 fiat
1353 2882 1393 2916 ab
1400 2879 1489 2920 aliis,
1499 2883 1574 2916 vide
1584 2896 1626 2921 ne
1635 2882 1702 2921 vlla
1711 2894 1748 2920 ex
1758 2880 1929 2921 consensu,
1940 2883 1993 2918 vel
2003 2885 2169 2933 approba-

346 2943 439 2975 tione
449 2940 608 2985 contagio
619 2936 658 2969 ad
667 2948 698 2970 te
709 2937 889 2983 perueniat.
900 2935 932 2969 Si
942 2933 1104 2980 impedite-
1120 2945 1191 2969 tion
1202 2943 1297 2980 potes
1308 2933 1493 2978 quominus
1501 2929 1530 2964 se
1540 2930 1694 2980 polluant
1703 2952 1713 2970 ,
1725 2929 1833 2965 saltem
1843 2941 1899 2965 tua
1908 2932 2042 2967 consilia
2050 2933 2169 2969 abillis

345 2988 533 3024 constanter
543 2988 684 3033 separata
694 2982 752 3017 effe
766 2984 938 3022 conuenit,
949 2983 1018 3028 quo
1030 2993 1150 3028 purum
1164 2991 1195 3015 te
1206 2979 1321 3014 serueS.
1334 2981 1365 3013 Si
1380 2981 1455 3026 quis
1465 2978 1650 3026 generalem
1660 2976 1720 3012 effe
1731 2977 1822 3013 malit
1833 2976 2170 3021 sententiam,fruatut
2194 3007 2196 3011 .

346 3036 406 3071 suo
417 3033 518 3071 sensu:
538 3032 590 3068 sed
602 3035 705 3080 tnagis
720 3028 980 3065 consentaneum
991 3030 1045 3069 est,
1057 3042 1133 3063 meo
1146 3029 1284 3065 iudicio,
1294 3028 1334 3061 ad
1346 3028 1611 3065 circunstantium
1626 3025 1787 3075 ptaesentis
1797 3026 1862 3062 loci
1874 3026 2076 3076 restringere.

393 3096 424 3128 23
476 3079 660 3131 Neposthac
669 3078 756 3114 hubas
767 3079 904 3124 aquam)
944 3079 1119 3125 Qoniam
1129 3077 1198 3112 haec
1208 3075 1366 3111 sententia
1375 3086 1568 3113 contextum
1580 3074 1758 3124 abrumpit,
1770 3077 1904 3121 quidam
1915 3090 1986 3111 non
1998 3076 2057 3112 esse
2074 3078 2169 3118 Pauli

347 3131 560 3179 suspicantur.
576 3131 682 3175 Atqui
694 3128 845 3162 videmus
857 3124 997 3159 Paulum
1008 3138 1078 3160 non
1090 3125 1171 3159 adet>
1181 3123 1273 3160 fuiffc
1283 3120 1448 3159 curiosum
1461 3126 1497 3158 in
1507 3125 1642 3159 texenda
1653 3124 1813 3159 orationis
1824 3121 1919 3158 serie:
1932 3137 2031 3172 atque
2040 3125 2104 3162 hoc
2116 3127 2168 3163 illi

346 3194 417 3216 non
428 3177 486 3214 esse
498 3177 689 3224 infrequens
700 3187 735 3210 vt
745 3171 884 3210 diuersas
895 3171 1069 3207 sententias
1079 3171 1199 3220 absque
1209 3173 1325 3207 ordine
1336 3170 1536 3220 permisceat.
1546 3172 1675 3206 Deinde
1686 3170 1754 3204 sieri
1766 3173 1870 3217 potest
1882 3199 1891 3213 ‚
1906 3184 1941 3207 vt
1951 3175 2043 3221 quod
2052 3173 2168 3223 scripta

347 3232 412 3270 iam
425 3225 567 3274 Epistola
577 3224 764 3273 appositum
777 3223 878 3258 fuerat
889 3232 976 3255 extra
986 3222 1138 3255 ordinem
1149 3219 1299 3255 versuum
1308 3244 1317 3259 ,
1328 3221 1445 3255 deinde
1461 3219 1671 3256 librariorum
1682 3231 1788 3256 errore
1800 3221 1834 3254 in
1845 3220 1888 3254 hu
1895 3233 1934 3259 nc
1945 3221 2059 3258 locum
2068 3222 2168 3263 obre-

345 3275 452 3325 pserit.
468 3277 504 3309 ln
516 3288 557 3309 eo
568 3285 679 3308 tamen
690 3286 759 3308 non
772 3274 816 3306 ita
824 3269 919 3306 anxie
928 3268 1144 3303 laborandum
1158 3270 1213 3307 est,
1222 3267 1353 3302 (iillum
1365 3282 1465 3314 quem
1478 3269 1544 3304 dixi
1553 3266 1645 3305 Pauli
1657 3280 1783 3302 motem
1794 3267 2053 3307 consideramus:
2071 3284 2167 3307 nern-

344 3336 384 3372 pe
394 3322 486 3368 quod
497 3334 545 3357 res
556 3324 657 3356 varias
666 3320 832 3356 interdum
844 3315 977 3353 miscere
994 3316 1085 3352 solet.
1114 3317 1218 3350 Porro
1230 3314 1358 3350 summa
1370 3318 1412 3351 cst
1421 3339 1432 3354 ,
1451 3327 1485 3351 vt
1494 3316 1695 3353 Timotheus
1706 3315 1952 3361 aliquantulum
1973 3319 2043 3352 vini
2054 3317 2167 3355 bibere

341 3368 503 3410 assuescat,
512 3369 710 3405 valetudinis
721 3366 930 3404 sustentandae
942 3363 1044 3401 causa.
1056 3364 1140 3400 Non
1152 3366 1243 3400 enim
1253 3364 1409 3413 prohibet
1419 3367 1454 3404 in
1465 3375 1574 3403 totum
1584 3362 1725 3404 nebibat
1734 3363 1922 3412 aquam,sed
1931 3378 1974 3400 ne
1984 3375 2089 3400 vtatut
2099 3366 2167 3410 hoe

1997 3414 2167 3451 ordinatio
