2268 3705
468 86 582 133 AD
632 86 1079 135 EPHESIOS
1130 88 1503 139 CAP·1111-·
1828 110 1892 153 369

72 158 222 195 Christus
233 162 267 195 in
281 157 362 194 caelo
371 154 442 198 effe,
454 170 525 192 non
537 157 578 192 fic
592 160 737 206 accipere
749 156 906 192 debemus
917 157 1004 205 quasi
1015 158 1146 196 refidcat
1157 162 1242 195 inter
1252 160 1400 210 sphaeras,
1409 174 1445 198 vt
1453 165 1557 201 stellas
1567 181 1735 207 numeret:
1757 173 1808 210 sed
1821 177 1891 217 illic

70 208 200 243 Caelum
212 206 368 256 significat
377 205 490 241 locu'm
502 203 630 252 sphaeris
642 205 800 241 omnibus
810 204 1023 256 superiorem,
1034 210 1093 254 qui
1103 208 1174 256 post
1183 207 1455 246 resurreetionem
1467 214 1552 248 Filio
1571 218 1634 251 Dei
1645 221 1688 254 est
1698 222 1885 261 destinatus.

69 260 115 293 116
127 257 217 303 quod
226 253 357 304 proprie
368 253 462 288 locus
473 252 509 287 sit
520 265 607 287 extra
617 255 781 289 mundum
799 251 870 288 :sed
881 257 958 300 quia
968 256 1005 289 de
1017 268 1120 305 regno
1132 257 1197 292 Dei
1207 256 1303 306 loqui
1313 282 1323 296 ‚
1333 258 1393 293 nist
1407 273 1499 295 more
1509 264 1620 298 nostro
1631 279 1700 301 non
1712 269 1892 315 possumus,

69 306 141 351 Qi
153 316 261 338 autem
274 302 348 337 inde
359 300 537 349 colligunt,
548 302 717 336 Christum
729 301 882 336 locorum
894 303 1070 340 interuallo
1080 317 1151 341 non
1162 306 1274 340 distare
1284 307 1409 343 anobis
1421 332 1431 346 ‚
1441 322 1481 343 eo
1492 311 1583 357 quod
1593 313 1680 348 idem
1692 317 1820 353 valcant
1831 344 1840 357 ‚
1852 324 1893 355 E-

23 359 25 362 ⁴
72 355 233 387 minentia
244 349 335 398 supra
348 362 466 385 omnes
475 348 621 386 calon&
634 347 790 387 Ascensus
801 353 835 384 in
847 348 975 385 cae'lum:
988 365 1057 386 non
1069 354 1348 393 animaduertunt,
1358 368 1464 403 quum
1478 356 1572 406 supra
1587 360 1748 399 caelos‚vcl
1761 368 1794 400 in
1807 369 1892 404 caelis

68 398 207 436 locatur,
218 399 344 433 excludi
356 398 516 446 quicquid
526 397 569 431 est
579 397 838 434 circunfercntiae
849 397 906 432 sub
917 397 982 432 sole
994 404 1026 435 ὃς
1043 399 1141 434 stellis
1160 424 1169 440 ,
1181 402 1328 450 adeoque
1340 401 1397 438 sub
1408 416 1478 439 tota
1492 407 1626 442 vifibilis
1639 412 1755 446 mundi
1765 416 1892 450 machi—

66 461 120 485 na.
152 449 199 482 Vt
212 448 347 495 impleret
356 458 470 482 omma.
519 447 693 496 Qniam
707 446 845 494 Implete
856 447 934 493 saepe
944 446 1099 481 perficere
1110 447 1269 495 fignificat
1280 477 1289 491 ,
1303 451 1405 498 polset
1413 452 1468 489 hic
1480 467 1617 504 quoque
1627 457 1668 492 fic
1681 462 1797 509 accipi.
1811 476 1891 499 nam

65 495 124 531 suo
135 498 168 529 in
178 493 295 529 caelum
305 493 432 528 ascensu
445 494 594 529 Christus
604 492 833 542 posseffionem
846 496 933 528 addit
942 495 1021 531 datae
1030 494 1087 529 fibi
1097 496 1115 529 ὲ
1124 497 1217 531 Patre
1227 499 1483 539 dominationis,
1492 514 1526 537 vt
1536 508 1651 540 omnia
1662 518 1751 555 regat
1761 507 1815 543 sua
1825 514 1891 546 vir-

64 554 146 581 tute,
158 547 191 578 &
204 544 401 577 moderetur.
420 541 608 589 Elegantior
620 553 745 579 tamen,
757 555 832 577 meo
841 543 980 580 iudicio,
991 546 1051 580 erit
1062 541 1169 578 sensns
1178 567 1188 582 ‚
1218 545 1242 580 fi
1251 548 1359 582 duoin
1371 549 1512 596 speciem
1524 557 1890 604 contrariaiungantur,

62 603 135 640 quae
145 602 255 625 tamen
265 589 366 639 reipsa
377 593 460 627 inter
470 590 500 625 sc
510 602 709 637 congruant.
720 591 809 625 Nam
821 604 925 638 quum
934 591 1086 627 audimus
1097 591 1264 629 ascensum
1276 595 1526 645 Christi‚pr0tm
1532 613 1568 635 us
1579 602 1677 638 nobis
1691 606 1727 639 in
1739 617 1888 644 mentem

62 641 167 677 venit,
179 652 255 674 eum
291 639 384 673 rocul
395 638 518 673 anobis
529 649 697 673 remotum
710 637 781 673 ess'e:
793 643 826 674 ὅ(
839 640 883 673 est
895 642 993 674 etiam
1004 639 1091 681 sane,
1101 642 1210 687 quoad
1221 653 1341 689 corpus
1353 649 1385 678 ἃ
1398 644 1576 682 humanam
1589 649 1891 698 ptaesentiam.Pau-

59 687 111 723 lus
121 700 232 722 autem
244 700 260 721 a
285 698 412 725 monet,
423 688 468 721 ita
477 681 676 722 subductum
688 686 780 721 fuilse
791 688 809 721 a
819 686 917 722 nobis
927 687 1092 737 corporali
1102 689 1268 736 praelentia
1277 715 1286 728 ‚
1296 702 1331 724 vt
1340 697 1455 727 omnia
1466 706 1575 733 tamen
1588 711 1631 731 im
1636 700 1724 746 pleat
1735 724 1743 738 ‚
1766 715 1888 752 nempe

60 737 196 784 Spiritus
209 735 255 770 sui
265 739 397 770 virtute.
412 734 502 772 Nam
514 746 713 783 quacunque
723 745 812 784 patet
825 737 889 770 Dei
908 736 1036 770 dextera
1048 759 1057 774 ‚
1068 749 1140 783 qua:
1152 737 1268 772 ca'lum
1280 744 1311 773 δε
1323 750 1440 775 terram
1451 745 1687 791 complectitur
1696 772 1706 786 ,
1716 749 1829 786 diffusa
1842 755 1887 788 est

59 783 236 832 spiritualis
256 784 378 819 Christi
390 780 573 831 praesentia:
592 787 626 817 δέ
638 783 703 834 ipse
713 781 873 818 immensa
881 786 1001 818 virtute
1014 784 1068 818 sua
1077 784 1162 818 adest
1173 808 1183 822 ,
1204 797 1372 835 vtcunque
1383 800 1503 838 corpus
1514 792 1593 827 caelo
1606 799 1771 832 contineri
1783 812 1878 847 opot-

57 842 123 867 teat
133 856 143 870 ,
158 831 338 867 secundum
347 833 433 866 Petri
441 828 648 868 sententiam.
675 831 833 867 Videmus
842 842 875 865 vt
886 831 1001 866 allufio
1011 834 1050 867 ad
1060 830 1200 880 speciem
1208 847 1241 868 re
1268 840 1434 882 ugnantiae
1445 862 1456 876 ‚
1477 852 1548 877 non
1562 853 1695 888 paruam
1707 847 1800 881 addat
1812 861 1828 876 ο
1836 862 1886 885 ra·—

56 883 150 915 tiam.
169 879 335 918 Ascendit,
349 878 400 913 scd
415 889 449 914 vt
459 878 575 914 caelum
588 882 621 913 8<
633 891 750 915 terram
765 879 930 926 impleret,
940 882 998 926 qui
1009 881 1084 915 ante
1095 885 1216 928 exiguo
1229 848 1331 930 (Satio
1343 887 1587 923 continebatur.
1600 891 1660 924 Sed
1670 889 1783 929 Annon
1794 877 1885 943 pssffis

57 927 237 975 implebat?
257 928 342 963 certe
356 927 605 962 suaDiuinitate
615 950 624 964 ,
636 927 738 960 fateor
761 941 770 958 :
782 925 832 962 scd
844 930 996 962 virtutem
1008 927 1056 963 sui
1067 931 1206 977 Spiritus
1222 935 1348 966 nonita
1360 934 1506 971 exerebat
1516 959 1524 973 ‚
1538 949 1599 972 nec
1611 941 1644 972 in
1656 952 1690 972 ea
1702 939 1788 976 stiam
1803 957 1886 991 Ρη-

59 976 196 1013 sentiam
208 975 400 1016 exhibebat,
414 974 494 1010 ficut
503 976 590 1010 adita
600 978 692 1022 regni
703 973 749 1010 sui
760 973 963 1023 poffeffione.
973 979 1064 1014 Ioan.
1077 989 1107 1022 7.
1120 976 1193 1021 f.39,
1204 979 1369 1017 Nondum
1381 984 1520 1030 Spiritus
1530 987 1622 1025 datus
1632 993 1789 1035 erat‚qu1'a
1798 992 1885 1029 lesus

53 1024 208 1060 nondum
219 1035 284 1059 erat
292 1022 506 1072 glorificatus.
517 1024 558 1057 Et
572 1025 686 1068 16.a.7‚
703 1024 843 1070 Expedit
854 1024 950 1058 vobis
961 1036 994 1058 vt
1005 1026 1131 1060 vadam.
1144 1026 1204 1065 nisi
1220 1031 1309 1062 enim
1322 1030 1433 1065 abiero
1442 1054 1451 1069 ‚
1470 1032 1652 1070 Paracletus
1678 1049 1749 1071 non
1762 1044 1883 1076 veniet,

53 1074 210 1119 Denique
219 1071 300 1107 ficut
312 1083 392 1106 tunc
402 1073 505 1118 coepit
517 1069 622 1106 sedere
630 1073 668 1105 ad
679 1072 844 1106 dexteram
856 1073 970 1110 Patris,
981 1077 1084 1121 coepit
1093 1077 1192 1108 etiam
1204 1077 1342 1124 implere
1353 1082 1478 1114 omnia.

108 1152 139 1178 11
196 1136 316 1194 Etipse
326 1137 425 1177 dedit
432 1137 519 1177 alias
530 1137 669 1192 quidem
687 1137 854 1197 Apostolus¹
862 1167 873 1183 ‚
897 1137 985 1177 alias
996 1149 1110 1182 amem
1121 1139 1305 1195 Prophetas
1315 1174 1326 1190 ‚
1337 1143 1422 1185 altas
1439 1141 1522 1185 verb
1531 1147 1759 1205 Euangelistas
1767 1180 1779 1198 ‚
1798 1152 1886 1195 alios

57 1198 210 1236 fartores
219 1195 264 1241 ό»
273 1203 324 1234 Do
328 1198 449 1240 liores,

109 1265 148 1290 η
204 1250 266 1291 Ad
271 1247 756 1302 instaurationemfinci‘orum,
767 1251 807 1287 in
817 1262 896 1306 opus
905 1251 1096 1302 ministerii,
1110 1255 1150 1290 in
1161 1251 1414 1302 aedt'ficaetionem
1423 1266 1562 1312 caspar&
1572 1266 1602 1297 C
1608 1259 1712 1314 hrzsti.

115 1323 129 1348 1
137 1323 154 1360 3
210 1303 323 1361 Vsque
331 1305 414 1345 dum
423 1318 628 1344 occurramus
640 1317 757 1343 amnes
765 1307 804 1344 ia
813 1309 986 1346 vnitatem
994 1305 1091 1358 fidei,
1103 1308 1143 1353 (r
1154 1312 1354 1363 cognitionis
1364 1312 1450 1350 Filii
1459 1318 1582 1360 Dema
1590 1319 1709 1356 virum
1711 1321 1865 1375 pefiffii

51 1369 92 1408 in
99 1361 291 1418 menfiaram
301 1364 407 1400 aetatis
411 1360 640 1416 plenitudinis
653 1359 787 1399 Christi.
1864 1355 1878 1371 '

112 1435 156 1471 ¹4
213 1425 277 1467 Ne
285 1416 652 1472 ampliusfimuJPWn',
664 1414 946 1470 quiflanemum
959 1417 998 1464 ἀ·
1009 1416 1391 1479 circunfemmurquouis
1404 1433 1512 1467 vento
1523 1424 1695 1476 va‘dm,
1703 1442 1767 1490 per
1773 1430 1878 1485 astum

50 1474 243 1520 hominum,
247 1486 311 1530 per
318 1472 504 1527 vet-finiam
513 1471 564 1512 ad
568 1475 882 1515 circumuentionem
889 1473 1080 1528 impostura,
1380 1482 1390 1506 ,ι

98 1554 200 1590 Redit
209 1553 248 1586 ad
258 1551 348 1587 illam
359 1551 537 1598 gratiarum
546 1546 821 1595 dispensationem
831 1552 925 1588 cuius
936 1552 1178 1587 memineram&
1189 1552 1289 1591 fufius
1298 1526 1437 1639 &Am-at
1444 1558 1536 1603 quod
1546 1557 1690 1596 breuiter
1700 1563 1788 1610 pnffis
1799 1569 1878 1602 attia

1903 819 2052 860 AH.3.tl313

52 1603 165 1652 git‚Ex
177 1602 234 1635 ista
244 1602 398 1635 varietate
407 1595 528 1636 confici
538 1598 573 1631 in
583 1594 721 1633 Ecclefia
732 1597 987 1638 vniratem,ficnt
996 1601 1078 1633 varii
1086 1604 1160 1635 toni
1171 1604 1206 1636 in
1218 1602 1300 1637 mufi
1321 1602 1480 1640 asuauem
1491 1607 1669 1643 melodiam
1681 1611 1878 1650 conficiam²
1893 1646 1895 1648 ,

51 1663 165 1686 tamen
175 1660 346 1685 externum
357 1645 456 1681 Verbi
466 1642 686 1679 ministerium
696 1646 911 1681 commendat
922 1645 962 1680 ab
973 1646 1114 1682 vrilitate
1127 1662 1199 1695 quae
1209 1652 1286 1685 inde
1295 1656 1464 1698 prouenit.
1489 1655 1627 1690 Summa
1636 1658 1680 1695 est
1693 1682 1703 1696 ,
1716 1661 1822 1706 de
1832 1664 1878 1697 E-

49 1697 243 1746 uangelium
255 1707 311 1745 pet
320 1705 426 1730 certos
436 1693 591 1729 homines
601 1693 794 1744 praedicatut
803 1694 842 1732 ad
856 1694 889 1732 id
900 1707 1022 1730 munus
1032 1696 1214 1738 ordinatos,
1223 1698 1309 1733 hanc
1319 1703 1546 1737 oeconomiam
1560 1702 1621 1739 effe
1630 1718 1695 1752 qua
1705 1708 1877 1747 Dominus

48 1745 222 1784 Ecclesiam
234 1743 324 1779 suam
336 1741 407 1777 vult
416 1740 648 1790 gubernare,vt
657 1740 840 1780 incolumis
849 1754 981 1777 maneat
989 1745 1022 1777 in
1035 1743 1101 1779 hoc
1112 1747 1250 1784 mundo,
1258 1751 1291 1782 ὃς
1301 1749 1435 1784 tandem
1444 1748 1582 1789 solidam
1593 1750 1682 1788 suam
1694 1756 1876 1803 perfectio-

49 1809 131 1832 nem
144 1794 304 1830 obtineat.
316 1791 481 1827 Caeterum
492 1791 603 1828 mirati
613 1792 686 1840 quis
696 1788 795 1839 poffit
803 1802 861 1827 cut
870 1790 1002 1833 Paulus,
1015 1803 1120 1838 quum
1130 1793 1170 1828 de
1177 1796 1318 1842 Spiritus
1328 1796 1430 1831 fanen
1438 1797 1537 1836 donis
1546 1798 1620 1835 esset
1631 1800 1735 1842 sermo
1745 1826 1755 1843 ,
1783 1819 1875 1842 nunc

47 1842 172 1884 officia,
183 1843 350 1877 donorum
361 1838 439 1874 loco
448 1848 702 1875 commemoret.
721 1836 920 1886 Respondeo
931 1865 940 1880 ,
952 1843 1083 1887 quoties
1094 1842 1113 1875 ὲ
1122 1843 1195 1877 Deo
1207 1846 1316 1880 vocati
1325 1841 1398 1878 sunt
1406 1845 1560 1882 homines
1570 1872 1580 1886 ,
1591 1849 1680 1889 dona
1696 1853 1874 1892 neceffatib

49 1893 233 1927 coniuncta
244 1888 304 1924 esse
328 1886 579 1934 officiissneque
588 1888 677 1925 enim
687 1888 778 1924 Deus
789 1887 971 1935 Apostolos
981 1900 1037 1925 aut
1046 1890 1189 1925 Pastores
1198 1893 1400 1931 instituendo
1408 1919 1418 1933 ,
1430 1893 1554 1930 laruam
1565 1896 1631 1932 illis
1641 1900 1798 1936 duntaxat
1808 1906 1876 1938 im-

48 1942 158 1991 ponit:
170 1937 220 1973 sed
233 1935 476 1983 dotibusfetiam
487 1936 628 1974 instruit:
639 1933 705 1969 fine
715 1934 836 1981 quibus
844 1938 905 1971 rite
912 1935 1124 1972 functionem
1135 1938 1193 1977 fibi
1203 1943 1299 1975 iniun
1305 1943 1390 1975 &am
1401 1941 1493 1976 obire
1502 1956 1683 1990 nequeunt.
1710 1950 1872 1998 Qisquis

47 2001 127 2035 ergo
136 1989 202 2024 Dei
210 1988 386 2021 autoritate
405 1985 617 2019 constituitur
628 1982 808 2031 Apostolus
817 2008 828 2024 ,
846 1998 916 2021 non
926 1987 1020 2021 inani
1047 1989 1081 2022 δε
1095 1988 1188 2022 nudo
1197 1987 1297 2023 titulo
1305 2011 1315 2026 ‚
1337 1988 1390 2024 sed
1400 1991 1554 2026 mandato
1565 1991 1660 2030 fimul
1673 1999 1706 2030 &
1716 1996 1872 2039 facultate

51 2037 206 2086 praeditus
217 2036 269 2069 est.
279 2035 383 2068 Nunc
395 2031 518 2079 singula
530 2031 627 2065 verba
637 2033 870 2079 expendamus.
1862 2060 1868 2065 ·

97 2095 123 2118 11
174 2084 240 2132 lps&
250 2080 357 2121 dedit.)
407 2080 554 2114 ancun
565 2078 738 2127 fignificat,
747 2094 817 2114 non
828 2078 886 2115 effe
897 2081 963 2115 hoc
973 2082 1151 2117 inuentum
1161 2082 1347 2119 humanum
1359 2108 1369 2123 ‚
1382 2084 1433 2120 sed
1441 2084 1674 2124 sacrosanctam
1685 2091 1807 2126 Christi
1817 2095 1872 2128 in-

39 2132 270 2168 stitutionem,
282 2130 372 2177 quod
382 2131 504 2176 regitur
515 2127 653 2162 Ecclesia
664 2128 754 2165 verbi
764 2130 1006 2175 praedicatione.
1020 2130 1142 2180 Neque
1154 2134 1244 2166 enirn
1258 2133 1413 2180 Apostoli
1423 2133 1453 2168 se
1465 2136 1523 2185 ipfi
1537 2149 1699 2177 crearunt,
1712 2138 1764 2174 sed
1774 2140 1872 2176 electi

45 2179 183 2214 suerunt
194 2181 211 2213 ὲ
221 2179 366 2217 Christo:
377 2190 484 2223 neque
498 2177 599 2210 hodie
612 2178 671 2222 qui
681 2179 747 2210 veri
758 2177 830 2210 sunt
841 2178 996 2215 Pastores,
1007 2176 1037 2216 se
1047 2190 1168 2214 temere
1177 2183 1333 2228 ingerunt
1343 2185 1479 2230 proprio
1488 2184 1635 2225 arbitrio,
1654 2186 1706 2222 sed
1719 2189 1737 2222 a
1747 2189 1875 2224 Domi-

49 2241 97 2264 no
107 2230 300 2262 excitantur:
314 2229 457 2271 denique
468 2227 618 2272 regimen
628 2223 785 2264 Ecclefiae,
796 2227 888 2271 quod
898 2225 997 2260 Verbi
1012 2228 1194 2263 ministerio
1207 2230 1333 2263 constat
1341 2253 1350 2267 ‚
1361 2244 1432 2264 non
1447 2230 1487 2265 ab
1497 2232 1693 2270 hominibus
1705 2240 1872 2285 excogita·

49 2287 124 2310 tum
136 2299 146 2313 ‚
158 2273 209 2309 sed
220 2277 237 2310 a
247 2274 329 2309 Filio
340 2276 404 2309 Dei
423 2272 566 2321 positum
578 2272 637 2306 esse
646 2272 751 2310 docet.
778 2274 917 2320 proinde
928 2285 1084 2321 tanquam
1098 2276 1288 2311 inuiolabili
1305 2280 1373 2312 eius
1383 2279 1513 2314 decreto
1527 2282 1798 2328 acquiescendum
1812 2299 1818 2319 :
1839 2290 1876 2322 ὃς

50 2327 244 2370 quicunque
257 2323 322 2358 hoc
334 2323 553 2360 ministerium
564 2320 616 2356 vel
627 2317 795 2368 respuunt,
806 2322 856 2355 vel
867 2320 1146 2370 aspernantur,eos
1156 2326 1192 2358 in
1203 2325 1372 2360 Christum
1383 2338 1531 2362 autorem
1546 2332 1686 2366 iniurios
1697 2336 1730 2366 ὃς
1741 2332 1876 2369 rebelles

47 2369 119 2406 effe.
130 2369 200 2420 Ipse
210 2384 288 2419 ergo
299 2371 342 2405 est
351 2372 411 2417 qui
422 2370 520 2409 dedit:
530 2371 608 2418 quia
618 2367 679 2403 nifi
690 2369 907 2409 excitennulli
918 2382 1024 2405 erunt.
1035 2373 1129 2409 Vnde
1139 2375 1238 2407 etiam
1247 2372 1622 2422 colligimus,neminem
1633 2378 1702 2413 fore
1712 2382 1877 2418 idoneum.

45 2431 102 2455 aut
113 2432 224 2468 parem
235 2430 302 2454 tam
313 2418 466 2469 praeclato
480 2419 623 2458 muneri,
635 2416 695 2457 nisi
708 2420 767 2463 qui
776 2418 794 2452 ὲ
805 2417 938 2453 Christo
950 2417 1111 2455 formatus
1122 2426 1155 2455 δε
1170 2420 1275 2456 fadus
1285 2422 1393 2457 fuerit.
1426 2424 1530 2470 Qod
1539 2439 1618 2473 ergo
1627 2429 1715 2462 Euan
1720 2428 1797 2476 gelii
1808 2433 1874 2465 mi-

45 2469 165 2503 nistros
176 2467 348 2508 habemus,
360 2469 428 2503 eius
440 2467 482 2501 est
491 2467 630 2501 donum:
640 2465 732 2513 quod
743 2465 907 2501 excellunt
917 2465 1097 2506 neceffatiis
1105 2469 1215 2507 donis,
1225 2472 1294 2505 eius
1306 2471 1348 2505 est
1358 2472 1497 2506 donum:
1509 2475 1600 2520 quod
1612 2479 1733 2510 munus
1744 2476 1802 2513 tihi
1813 2480 1871 2513 εὸ-

44 2515 178 2552 missum
189 2526 414 2563 exequuntur,
438 2513 586 2551 similiter
596 2516 665 2548 eins
676 2515 804 2550 donum
816 2515 870 2549 est.
908 2517 967 2554 es!
968 2517 1025 2550 lios
1033 2515 1157 2563 quidem
1165 2516 1333 2566 Apostolos.
1371 2521 1491 2569 Qum
1502 2521 1553 2556 his
1564 2536 1691 2558 nomen
1702 2537 1808 2561 vnum
1835 2531 1870 2562 &

46 2577 170 2600 munus
179 2588 188 2603 ‚
215 2564 281 2599 illis
291 2576 401 2599 autem
412 2562 500 2601 aliud
508 2561 644 2612 affigunt
653 2589 664 2605 ,
688 2560 813 2611 semper
822 2562 888 2598 hoc
898 2564 937 2602 ad
947 2562 1040 2602 illam
1050 2565 1268 2602 diuerfitatem
1280 2567 1507 2603 membrorum
1517 2570 1653 2610 refertur
1661 2595 1672 2609 ‚
1697 2585 1735 2615 eir
1747 2586 1812 2620 qua
1824 2586 1873 2609 ta—

46 2609 125 2649 men
136 2612 278 2648 vuinerfi
289 2615 438 2661 corporis
447 2614 617 2659 integritas
627 2610 855 2650 constituitur}
867 2621 902 2645 vt
912 2622 979 2646 tam
990 2612 1239 2651 aemulationem
1252 2619 1286 2650 ὅ(
1297 2617 1471 2655 inuidiam,
1481 2620 1581 2665 quam
1592 2620 1811 2657 ambitionem
1823 2622 1872 2658 tol

42 2659 105 2696 lat.
116 2663 192 2696 Hoc
203 2674 295 2697 emm
305 2661 348 2696 est
357 2662 449 2708 quod
459 2663 586 2695 rectum
597 2658 767 2694 donorum
777 2657 869 2699 vsurn
882 2664 1068 2711 corrumpit
1078 2686 1089 2700 ,
1097 2662 1177 2697 dum
1189 2662 1247 2698 fibi
1259 2665 1397 2711 quisque
1407 2665 1553 2701 addictus
1566 2669 1627 2707 est,
1643 2670 1723 2705 dum
1734 2672 1873 2718 quisque

45 2709 170 2757 placet,
189 2711 269 2744 dum
281 2711 428 2744 minores
437 2708 590 2743 inuident
600 2707 792 2745 maioribus,
802 2708 972 2747 Admonet
985 2721 1063 2758 ergo
1072 2736 1083 2751 ,
1105 2709 1243 2759 fingulis
1252 2712 1379 2759 aliquid
1388 2713 1500 2747 datum
1512 2728 1519 2748 :
1536 2727 1607 2751 non
1618 2728 1652 2754 vt
1661 2716 1801 2760 seorsum
1813 2719 1871 2754 sibi

45 2756 182 2804 quisque
192 2758 308 2793 habeat
318 2758 409 2806 quod
419 2758 555 2804 accepit,
569 2754 621 2789 sed
633 2766 667 2788 vt
675 2757 710 2790 in
723 2768 905 2795 commune
915 2770 1033 2797 omnes
1046 2757 1227 2797 conferant.
1241 2761 1293 2796 De
1303 2759 1424 2797 officiis
1435 2774 1506 2808 quae
1515 2762 1571 2804 hic,
1581 2764 1732 2806 recenset,
1744 2770 1871 2808 nonni-

43 2803 96 2840 hil
105 2805 232 2841 did-Itum
242 2805 304 2840 fuit
313 2806 514 2841 duodecimo
528 2805 636 2851 capite
668 2805 763 2838 rioris
773 2805 813 2841 ad
822 2805 1031 2841 Corinthios.
1066 2806 1133 2841 Hic
1143 2805 1274 2847 tantiim
1285 2810 1512 2861 perstringam,
1541 2823 1679 2855 nantum
1691 2813 1758 2855 loci
1769 2827 1871 2862 expo-

42 2851 119 2887 fitio
128 2852 271 2902 flagitate
280 2853 453 2888 videbitur.
462 2854 625 2899 anue
635 2816 850 2892 si’inctionum
863 2852 982 2900 species
991 2866 1163 2894 enumerat
1177 2879 1187 2894 ,
1198 2855 1237 2890 de
1248 2856 1370 2903 quibus
1380 2859 1467 2896 varie
1478 2823 1634 2907 dislputari
1648 2860 1725 2903 seim
1745 2874 1822 2899 narn
1835 2866 1871 2897 &

46 2901 181 2947 quidam
193 2915 229 2936 ex
241 2902 367 2938 duabus
402 2903 550 2938 oltremis
562 2912 662 2935 v-nam
673 2900 801 2938 tantiim
813 2899 949 2939 faciunt.
967 2904 1050 2949 Ego,
1061 2902 1204 2939 aliorum
1216 2901 1340 2945 omissis
1352 2907 1572 2958 opinionibus
1581 2932 1591 2946 ‚
1612 2910 1703 2956 quod
1716 2910 1798 2944 mihi
1820 2913 1872 2944 vj..

45 2949 140 2983 detur
149 2950 267 2986 dicam.
281 2914 462 2997 Apostpolos
471 2951 612 2996 accipio,
623 2961 692 2984 non
704 2947 898 2996 generaliter
908 2949 1086 2986 secundum
1095 2951 1335 3000 etymologiam
1352 2978 1362 2992 ,
1372 2954 1424 2994 led
1433 2957 1468 2995 in
1478 2959 1610 3003 propria
1619 2956 1870 3003 significatione,

47 3008 109 3051 pro
122 2995 345 3033 selestioribus
354 2997 419 3032 illis
434 3010 519 3044 quos
531 2997 681 3037 Christus
694 2999 728 3030 in
741 2999 943 3045 praecipuum
955 2998 1118 3034 honorem
1131 3000 1364 3047 euexit‚qualcs
1374 3002 1507 3042 fuerunt
1517 3005 1705 3039 Duodecim
1718 3019 1726 3038 τ
1739 3008 1773 3039 in
1784 3018 1872 3051 quo-

46 3057 122 3079 rum
133 3045 283 3080 ordinem
296 3047 405 3093 postea
413 3045 529 3082 ascitus
540 3044 602 3079 fuit
617 3044 746 3081 Paulus.
756 3044 895 3080 Illorum
906 3044 1056 3082 officium
1067 3046 1140 3089 fuit,
1157 3049 1420 3095 quaquauersum
1432 3053 1467 3085 in
1478 3063 1553 3086 toto
1564 3052 1642 3087 orbe
1653 3051 1819 3099 publicare
1829 3055 1871 3087 E-

44 3091 193 3140 uangelii
204 3094 552 3142 doetrinam,plantare
561 3092 766 3129 Ecclefias‚&
777 3105 919 3140 regnum
931 3095 1054 3130 Christi
1065 3098 1197 3144 erigere.
1208 3100 1256 3137 lta
1267 3111 1337 3140 non
1347 3098 1512 3140 habebant
1522 3099 1639 3146 finguli
1651 3103 1799 3148 proprias
1810 3103 1874 3136 Ec-

47 3141 157 3176 clefias
169 3140 227 3176 fibi
242 3141 429 3180 attributas:
448 3140 499 3176 sed
511 3141 670 3176 omnibus
680 3153 860 3176 commune
871 3143 1062 3179 mandatum
1073 3145 1138 3180 erat
1147 3146 1344 3197 praedicandi
1357 3146 1532 3194 Euangelii
1543 3160 1746 3194 quocunque
1763 3149 1871 3183 venis-

47 3188 128 3224 sent.
147 3191 189 3224 Iis
199 3191 343 3237 proximi
353 3202 441 3224 erant
451 3188 652 3238 Euangelzstae‚
663 3192 697 3224 δε
711 3201 833 3223 munus
841 3188 940 3224 affine
947 3190 1111 3227 habebant
1121 3206 1129 3227 :
1140 3193 1268 3236 tannim
1282 3195 1383 3241 gradu
1392 3195 1560 3241 dignitatis
1571 3207 1659 3229 erant
1670 3195 1821 3244 dispares.
1833 3208 1872 3232 ex

45 3249 116 3285 quo
126 3250 244 3286 genere
255 3248 344 3272 erant
354 3238 554 3279 Timotheus
566 3242 599 3273 &
611 3236 741 3272 similes.
754 3250 832 3272 nam
842 3251 947 3284 quum
958 3241 993 3273 in
1004 3238 1256 3279 salutationibus
1268 3242 1364 3276 illum
1374 3241 1433 3275 fibi
1444 3242 1594 3290 adiungit
1606 3243 1735 3284 Paulus,
1741 3258 1812 3280 non
1822 3258 1871 3280 ta-

45 3298 125 3321 men
134 3286 211 3321 facit
223 3288 257 3320 in
269 3284 465 3332 Apostolat'u
474 3284 611 3320 socium:
623 3284 673 3320 sed
683 3298 808 3320 nomen
818 3285 883 3321 hoc
894 3287 1103 3334 peculiariter
1116 3289 1175 3324 fibi
1190 3290 1353 3324 vendicat.
1378 3291 1465 3337 Ergo
1478 3287 1657 3326 secundum
1675 3294 1869 3342 Apostolos,

45 3333 183 3375 istorum
193 3333 375 3371 subsidiaria
389 3345 491 3388 opera
503 3332 575 3371 vsus
586 3335 630 3370 est
640 3335 822 3374 Dominus·
841 3334 906 3374 His
918 3335 1049 3386 duobus
1059 3337 1237 3385 generibus
1256 3335 1378 3372 Paulus
1387 3337 1584 3387 interposuit
1594 3342 1788 3390 Prophetas.
1800 3354 1870 3388 quo
