2268 3705
20 191 33 240 !'

19 244 22 292 A

473 120 589 167 AD
638 115 1269 167 HEBRAEOS'CAP-
1320 120 1419 166 XI·
1542 119 1546 122 ’
1851 133 1911 167 622

63 209 168 246 quum
183 186 270 230 filios
281 192 354 229 suos
364 190 494 227 offerret
505 191 664 229 Samueli,
679 202 776 240 prout
789 190 927 238 quisque
938 191 1044 227 forma
1056 191 1244 226 excellebat.
1267 195 1300 226 ὅ(
1313 194 1399 226 certe
1414 195 1504 228 Deus
1514 205 1577 228 nos
1588 197 1622 229 in
1633 199 1773 232 externis
1792 196 1893 234 laruis

65 259 136 282 non
148 246 281 279 detinet.
292 239 504 288 Respondco,
514 253 584 275 non
601 240 732 275 illectos
743 238 833 273 futile
844 239 1254 288 pulchritudinetparentes
1266 240 1368 275 Molis
1377 264 1387 278 ‚
1400 253 1433 275 vt
1445 240 1667 278 misericordia
1679 256 1890 292 tangerentur

61 295 103 330 ad
113 305 188 328 eum
203 291 406 326 seruandum,
418 288 558 335 qualiter
570 288 673 335 vulgo
685 287 791 322 solent
801 288 889 321 astrei
901 287 1067 323 homines:
1080 287 1131 322 sed
1142 289 1290 335 aliquam
1310 289 1412 323 veluti
1424 301 1539 324 notam
1552 290 1668 325 futtuae
1688 294 1890 331 excellentiae

63 339 154 377 fuiss'c
169 338 367 386 insculptam
381 339 414 370 in
430 349 545 384 puero,
557 349 628 382 qua*
641 348 748 369 rarum
762 339 872 370 neseio
883 338 964 382 quid
975 338 1014 370 de
1024 349 1064 371 eo
1076 340 1296 387 promitteret.
1305 339 1389 372 Non
1401 350 1480 385 ergo
1492 338 1632 372 dubium
1651 342 1695 375 est
1706 344 1789 387 quin
1800 343 1892 392 aspe-

16 425 17 428 ,
64 392 120 426 &u
132 386 201 437 ipso
212 391 247 422 in
257 389 345 434 spem
356 388 552 433 propinquae
564 383 768 419 liberationis
780 387 913 419 excitati
924 383 1058 422 fuerint,
1069 398 1109 420 eo
1119 387 1209 432 quod
1222 398 1361 468 puerum
1376 389 1505 436 magnis
1515 387 1610 421 rebus
1620 392 1770 434 gerendis
1781 390 1891 427 confi·

0 435 16 448 Γ»

0 449 15 522 Ι,
59 485 299 531 redemptionis
311 481 370 516 suae
391 471 783 525 ministrum‘nurabiliter
796 494 830 514 tx
845 492 952 515 morte
971 479 1062 517 iuiss'e
1074 493 1222 531 ereptum
1235 481 1308 517 fidei
1320 482 1495 518 beneficio.
1514 484 1713 518 Notandum
1724 497 1834 521 tamen
1847 486 1891 522 cst

59 439 174 473 ‘dorent
183 437 380 470 destinatum
391 434 462 467 elle.
475 433 576 468 Porro
587 433 651 466 hoc
666 431 810 467 multum
823 434 978 481 ponderis
990 434 1076 483 apud
1084 435 1210 468 ludaeos
1230 434 1338 469 rabere
1349 435 1475 472 debuit,
1484 447 1589 482 quum
1602 438 1750 471 audirent
1772 439 1891 475 Mosen

61 534 159 570 fidem
172 539 243 578 qu'ae
255 530 308 565 hic
319 530 479 566 laudatur,
490 528 582 576 valde
594 529 685 562 suill'e
698 529 911 564 imbecillam.
921 530 1009 564 Nam
1020 543 1125 576 quum
1137 530 1326 580 posthabito
1336 535 1452 566 mortis
1473 531 1533 566 suae
1546 544 1637 567 metu
1650 532 1768 568 Mosen
1792 535 1891 570 debe-

56 592 133 618 rent
143 581 278 614 educare
289 602 302 618 ,
328 591 405 612 eum
417 575 601 626 exponfint.
621 579 710 610 Patet
723 579 823 624 igitur
834 576 968 611 illorum
983 577 1081 612 fidem
1092 578 1184 614 breui
1201 591 1273 613 non
1283 581 1412 614 tantum
1425 580 1584 615 vacillasse
1594 605 1604 620 ‚
1624 580 1674 616 sed
1686 581 1777 616 fuiss‘e
1787 583 1891 619 colla-

10 654 12 663 ,
58 627 161 679 psam:
172 625 282 662 saltem
296 638 399 674 partes
413 625 484 683 sua?r
492 624 599 659 dest-ru
606 635 641 659 nt
653 648 662 662 ‚
677 625 730 659 vbi
744 624 906 666 infantem
919 628 1102 674 proiiciunt
1110 629 1150 662 ad
1160 630 1264 675 ripam
1278 628 1438 665 fluminis.
1450 630 1511 663 Sed
1521 643 1561 664 eo
1574 633 1678 680 magis
1689 643 1751 668 nos
1760 634 1889 676 anima·

10 672 11 678 ¹
57 679 86 717 ri
95 678 271 713 conuenit,
279 676 359 710 dum
371 676 525 709 audimus
538 672 648 710 fidem,
659 673 736 708 licet
755 673 922 710 infirmam
933 696 943 712 ‚
955 676 1030 710 Deo
1041 686 1152 711 tamen
1163 675 1205 710 sic
1216 676 1347 726 probari
1358 700 1367 714 ‚
1384 689 1417 711 vt
1429 679 1530 714 vitam
1544 680 1646 713 Molis
1656 682 1809 728 impetret
1821 705 1832 719 ,
1849 692 1889 716 ex

8 741 10 766 ;
57 738 122 774 qua
132 723 293 773 pendebat
304 721 452 758 Ecclesia:
462 721 624 758 liberatio.

6 826 9 830 '
59 833 194 859 manum
213 819 388 855 fuerantex
399 819 553 853 seruitute
564 818 820 856 mantuana«—

107 785 152 819 24
202 774 254 806 M
256 773 316 817 ests
325 775 388 806 iam
389 770 546 820 grandis.)
596 769 814 805 Memorabile
823 783 888 852 ἕπε
899 769 974 853 agiis
982 771 1203 854 “Pnd.{⁹l‘¹.dae⁰⁵
1213 771 1272 806 effe
1282 771 1365 806 debu
1371 775 1400 854 istl
1405 771 1508 806 Mosts
1518 774 1779 855 exlemplum,pet
1791 778 1886 815 cuius,

49 883 97 919 ·ge
107 868 317 905 constitutus.
335 868 442 914 Qod
451 866 471 902 fi
482 865 561 900 fides
575 869 609 901 in
621 866 713 901 Mose
725 832 887 918 proeeiplise
899 822 1886 921 esteclgiisidlerdiiditionlildilYabsuartdltinlicccriifisraigdlsipibtsaailsb—

47 919 204 954 abducat.
217 916 310 951 Vnde
321 914 478 963 sequitur,
489 915 574 948 male
584 917 619 949 in
632 917 717 964 Lege
730 919 888 963 prolicere
898 929 1016 950 omnes
1027 918 1084 963 qui
1097 918 1137 952 ab
1148 914 1214 964 ipsa
1226 930 1294 951 non
1306 918 1493 965 diriguntur
1503 919 1542 952 ad
1553 917 1661 954 fidem.
1678 922 1780 956 Nunc
1790 924 1886 957 vide—

25 998 28 1004 ,
47 968 135 1021 {dum
148 965 191 1001 est
200 965 323 1013 quibus
335 967 369 999 in
381 964 476 999 rebus
488 962 590 998 Molis
600 962 695 997 fidem
705 965 867 1011 praedictt.
881 965 976 998 Hanc
986 967 1101 999 ordine
1110 978 1252 1016 primam
1264 968 1420 1000 virtutem
1434 969 1531 1014 ponit
1542 994 1551 1006 ‚
1575 968 1739 1014 quodiam
1753 972 1886 1016 grandis

13 1029 26 1040 .›
55 1027 134 1052 „ar-u
144 1015 361 1062 adoptionem
373 1007 447 1049 filiae
461 1013 637 1046 Pharaonis
648 1011 857 1060 contempsit.
887 1015 1002 1048 AEtatis
1013 1018 1180 1052 meminit,
1192 1016 1270 1060 quia
1282 1015 1302 1048 si
1319 1028 1397 1061 puer
1408 1016 1472 1049 hoc
1483 1015 1603 1050 fecisset
1613 1038 1624 1053 ‚
1643 1016 1770 1052 lenitati
1782 1031 1836 1053 aut
1855 1022 1889 1056 in

54 1066 238 1124 gnorantiae
251 1061 353 1110 posset
366 1061 814 1111 imputarizguandoquidem
839 1063 975 1095 enimin
988 1065 1096 1112 pueris
1110 1063 1262 1097 nondum
1275 1075 1364 1111 viget
1382 1063 1558 1098 consilium
1571 1076 1626 1099 aut
1638 1068 1722 1099 ratio
1733 1093 1743 1107 ‚
1763 1078 1884 1104 temere

53 1113 215 1158 icquouis
225 1112 419 1157 proiiciunt:
433 1109 652 1143 adolescentes
665 1119 763 1143 ettam
778 1108 856 1156 saepe
867 1108 932 1143 huc
944 1112 994 1143 vel
1007 1110 1084 1148 illuc
1094 1114 1179 1159 rapit
1189 1112 1446 1146 inconsideratus
1457 1111 1580 1153 feruor.
1590 1114 1676 1160 Ergo
1687 1126 1721 1148 vt
1732 1113 1886 1158 sciamus,

43 1159 141 1196 mihil
152 1157 211 1194 nisi
223 1155 376 1192 consulto
390 1155 512 1193 factum
524 1155 626 1194 soille,
640 1163 671 1192 ὄε
685 1158 775 1206 qnod
786 1158 891 1206 longo
903 1161 967 1191 iam
981 1170 1130 1207 tempore
1143 1160 1317 1193 meditatus
1329 1171 1404 1194 erat:
1418 1159 1513 1195 refert
1524 1161 1706 1210 Apostolus
1717 1174 1797 1198 tunc
1807 1163 1886 1199 fuis-

0 1217 14 1225 ’·
44 1206 84 1244 ese
94 1207 250 1256 grandem
262 1217 353 1241 natut
365 1207 456 1253 quod
466 1218 565 1241 etiam
583 1218 619 1239 ex
630 1206 765 1242 historia
776 1206 891 1254 liquet.
904 1207 1006 1241 Pon-b
1016 1210 1233 1257 adoptionem
1249 1208 1394 1255 spreuiss't
1407 1210 1538 1250 dicitur,
1554 1212 1632 1256 quia
1643 1223 1748 1257 quum
1760 1212 1887 1247 inuise-

0 1274 12 1286 τ
53 1267 102 1293 ret
116 1254 226 1291 statres
237 1254 322 1296 suos,
337 1268 442 1301 quum
457 1251 624 1289 subleuare
636 1251 722 1302 ipsos
734 1255 882 1289 studeret.
897 1268 1001 1301 quum
1012 1258 1191 1290 vindicaret
1203 1269 1317 1292 eorum
1329 1259 1465 1292 iniurias
1476 1281 1485 1295 ,
1495 1257 1560 1293 huc
1572 1257 1760 1306 spetstabant
1770 1265 1886 1296 omnia

58 1316 94 1347 vt
120 1304 220 1346 ediret
231 1306 343 1351 potius
352 1304 389 1337 ad
403 1315 507 1351 genus
519 1301 628 1343 suum,
639 1306 737 1349 quan,
754 1306 786 1337 in
797 1302 868 1336 aula
881 1305 983 1350 Regis
996 1317 1151 1338 maneret.
1164 1317 1241 1353 ergo
1252 1306 1386 1352 perinde
1396 1307 1429 1339 id
1439 1306 1542 1341 valuit
1552 1333 1563 1347 ‚
1574 1305 1634 1341 acsi
1646 1306 1733 1343 vltro
1754 1307 1782 1343 se
1792 1310 1885 1344 abdi-

50 1352 88 1390 c'a
114 1350 288 1388 etssldfidci
299 1349 429 1386 ascribit
439 1350 619 1399 Apostolus
631 1353 708 1397 quia
719 1351 827 1385 multo
840 1349 936 1385 satius
947 1363 1011 1386 crat
1024 1355 1057 1386 in
1069 1354 1208 1401 AEgypto
1221 1365 1363 1393 manere,
1375 1351 1433 1387 nisi
1446 1366 1550 1401 genus
1560 1355 1700 1391 Abrahae
1709 1357 1886 1394 benedictii

50 1397 111 1443 esse
123 1399 286 1450 persuasus
296 1399 380 1434 esset:
391 1402 485 1434 cuius
496 1399 740 1434 berieditstionis
752 1397 817 1433 sola
829 1406 914 1434 teltis
928 1413 992 1434 erat
1006 1402 1069 1435 Dei
1082 1400 1265 1449 promiffio.
1278 1403 1318 1438 na
1330 1399 1436 1436 oculis
1447 1402 1533 1438 nihil
1544 1403 1606 1439 tale
1617 1405 1780 1443 cernebat.
1793 1408 1886 1444 Hinc:⁴

43 1449 184 1500 apparet
195 1447 256 1483 fide
268 1449 327 1483 elle
338 1450 498 1482 intuitum
509 1447 602 1494 quod
614 1447 715 1495 longe
725 1449 742 1482 'a
752 1446 930 1495 conspeetu
944 1461 1111 1484 remotum
1125 1461 1201 1485 erat.
1894 1449 1895 1452 ’

97 1500 138 1533 26
191 1500 343 1530 Maiores
353 1495 530 1538 exrsttmans
539 1496 667 1530 diuitias
674 1495 815 1546 probrum
826 1497 966 1540 christi.)
1013 1498 1135 1533 Sedulo
1144 1499 1288 1533 notanda
1298 1500 1340 1533 est
1361 1500 1429 1536 haec
1440 1498 1598 1547 loquutio
1609 1524 1618 1539 ‚
1631 1514 1696 1549 qua
1705 1502 1884 1543 doeemur.

47 1547 148 1581 instat
159 1544 289 1581 lethalis
299 1548 419 1581 veneni
432 1544 627 1592 fugiendum
640 1545 699 1580 elle
711 1547 871 1593 quicquid
883 1545 1028 1581 obtineri
1038 1550 1154 1595 nequit
1168 1551 1250 1593 quin
1262 1549 1325 1587 Dei
1337 1547 1459 1584 offensa
1469 1550 1660 1585 redimatur.
1698 1553 1838 1586 Delicias
1850 1566 1884 1586 e·

45 1596 248 1642 gimpeccsm
258 1603 354 1629 vocat
365 1593 532 1630 illecebras
543 1595 657 1628 mundi
670 1606 725 1628 om
733 1606 800 1631 nes,
814 1607 886 1640 quae
898 1607 959 1629 nos
971 1596 988 1629 a
997 1597 1071 1630 Deo
1083 1593 1216 1642 eit'isque
1228 1600 1403 1633 vocatione
1412 1597 1592 1634 abducunt.
1602 1599 1692 1634 Nam
1703 1602 1885 1636 commoda

0 1643 15 1675 f
45 1645 121 1678 vitae
131 1654 264 1678 terrena:
276 1642 396 1690 quibus
408 1654 488 1692 pura
500 1640 703 1677 conscientia
714 1647 746 1677 &
759 1644 822 1676 Dei
833 1642 983 1690 permissu
998 1643 1061 1678 frui
1073 1643 1172 1684 licet,
1192 1657 1228 1680 ea
1237 1645 1302 1682 hoc
1312 1658 1457 1680 numero
1467 1659 1538 1684 non
1551 1643 1735 1683 censentur.
1809 1661 1884 1685 utre

18 3404 55 3440 ’ἱ

43 1690 171 1740 semper
181 1694 434 1727 meminerimus
444 1688 623 1725 discernere
634 1691 714 1736 quid
725 1690 823 1725 nobis
834 1692 924 1726 Deus
936 1694 1114 1739 permittat.
1126 1693 1209 1728 Sunt
1221 1705 1334 1728 autem
1344 1696 1485 1741 quedam
1497 1706 1554 1745 per
1565 1694 1694 1731 felicita
1705 1723 1716 1737 ,
1735 1709 1885 1744 quorum

43 1739 140 1776 vsum
151 1739 249 1776 nobis
259 1739 439 1788 prohibent
450 1738 502 1775 vel
513 1742 674 1787 temporis
686 1739 735 1772 vel
747 1738 813 1774 loci
826 1739 876 1773 vel
887 1739 1023 1774 aliarum
1036 1753 1144 1776 rerum
1155 1740 1406 1779 circunstantiae.
1417 1755 1518 1789 quate
1528 1746 1561 1778 in
1574 1743 1735 1779 omnibus
1744 1743 1884 1795 praesen-

42 1791 85 1824 tis
95 1792 169 1825 vitae
178 1789 370 1824 commodis
382 1787 507 1835 semper
517 1788 548 1821 id
560 1784 786 1836 speritandum,
801 1799 833 1821 vt
845 1787 942 1822 nobis
952 1789 991 1822 ad
1002 1786 1206 1836 sequendum
1228 1791 1338 1824 Deum
1349 1790 1552 1825 adminicula
1562 1791 1625 1826 fint
1634 1814 1644 1830 ,
1656 1805 1726 1828 non
1739 1797 1785 1828 im
1791 1796 1885 1842 pedi-

43 1849 165 1873 menta.
181 1838 220 1873 Et
230 1835 428 1884 temporales
441 1836 576 1883 quidem
586 1835 718 1870 delicias
729 1838 852 1884 peccati
863 1847 973 1877 vocat,
984 1850 1056 1883 quae
1066 1838 1135 1872 cito
1145 1836 1345 1876 euanescunt
1357 1837 1452 1873 fimul
1462 1850 1539 1874 cum
1552 1843 1629 1875 vita.
1650 1843 1712 1876 His
1734 1846 1882 1891 opponit

39 1885 203 1934 probrum
213 1885 445 1934 Christi,quod
453 1883 595 1920 libenter
608 1887 641 1918 in
654 1883 682 1918 se
694 1881 851 1935 suscipere
860 1884 1038 1967 debentpii
1051 1898 1178 1920 omnes.
1193 1887 1247 1920 Νῖι
1256 1899 1341 1934 quos
1352 1886 1451 1936 elegit
1461 1889 1565 1926 Deus,
1577 1902 1633 1924 eos
1645 1893 1744 1925 ctiam
1756 1904 1882 1939 praeor-

41 1934 171 1969 uinauit
179 1943 213 1967 vt
224 1931 303 1969 fiant
313 1935 453 1982 imagini
466 1933 537 1969 Filii
550 1930 596 1969 sui
608 1931 812 1970 conformes:
829 1945 898 1967 non
912 1933 980 1980 quo
1015 1934 1053 1967 ad
1064 1935 1207 1968 eundem
1218 1947 1337 1970 omnes
1349 1937 1488 1970 modurn
1511 1937 1641 1983 probris
1653 1950 1708 1973 aut
1728 1939 1795 1974 alio
1804 1952 1881 1975 cru-

41 1984 89 2017 cis
100 1993 218 2030 genere
229 1993 374 2017 exerceat
382 2008 393 2022 ,
404 1980 457 2016 sed
465 1981 557 2028 quod
567 1993 686 2016 omnes
696 1983 740 2016 ita
749 1992 825 2015 com
854 1992 959 2016 aratos
984 1980 1044 2015 eise
1062 1983 1153 2019 decet
1162 1993 1197 2016 vt
1210 1985 1316 2017 crucis
1327 1983 1514 2020 societatem
1527 1997 1604 2023 cum
1625 1985 1762 2021 Christo
1773 1986 1880 2027 subire

39 2042 113 2065 non
125 2029 283 2065 recusent.
297 2033 443 2078 Reputet
457 2033 558 2077 igitur
569 2027 708 2076 quisque
719 2030 806 2076 apud
831 2041 846 2061 e
859 2040 978 2075 quaten
985 2042 1021 2063 us
1033 2031 1072 2063 ad
1085 2030 1172 2065 hanc
1182 2034 1530 2066 communicationem
1545 2045 1730 2072 vocetur,vt
1740 2035 1879 2072 obstacu

39 2077 73 2113 la
84 2080 200 2113 omnia
209 2078 396 2126 abrumpat.
408 2078 480 2112 Nec
495 2078 760 2125 praetereundum
772 2077 816 2110 est
830 2077 921 2123 quod
947 2078 1070 2112 Christi
1083 2078 1212 2126 probris
1225 2092 1421 2114 annumerat
1439 2080 1654 2129 quascunque
1670 2085 1878 2130 ignominias

39 2125 151 2162 fideles
161 2126 202 2160 ab
214 2129 313 2161 initio
325 2126 440 2160 mundi
453 2124 670 2173 pertulerunt.
684 2125 773 2159 Nam
787 2124 878 2159 sicuti
892 2125 1040 2164 membra
1051 2125 1183 2161 fuerunt
1194 2126 1335 2161 eiusdem
1350 2132 1500 2179 corporis
1510 2155 1520 2170 ,
1532 2132 1576 2164 ita
1586 2130 1672 2165 nihil
1686 2130 1849 2168 habebant
1860 2135 1879 2170 a

37 2174 140 2210 nobis
150 2173 439 2222 separatmn.5unt
450 2173 585 2220 quidem
597 2185 716 2206 omnes
728 2185 892 2213 aerumnae,
903 2172 983 2211 sicut
997 2177 1265 2222 ptaemia-peccati
1278 2202 1287 2213 ,
1300 2178 1343 2210 ita
1358 2179 1456 2210 etiam
1469 2177 1714 2214 maledictionis
1736 2180 1875 2220 fructus,

36 2235 109 2273 quae
122 2226 232 2272 primo
245 2223 380 2258 homini
393 2220 454 2256 fuit
467 2219 639 2268 imposita:
659 2219 709 2254 sed
725 2219 939 2268 quascunque
951 2224 1086 2257 iniurias
1098 2223 1221 2258 Christi
1231 2223 1578 2263 nomine-sustinemus
1590 2227 1630 2261 ab
1643 2230 1756 2276 impiis
1766 2253 1775 2267 ‚
1786 2243 1836 2265 eas
1848 2233 1878 2265 i—

37 2270 91 2320 pse
103 2269 170 2306 suas
181 2272 283 2310 ducit.
299 2271 393 2307 Vnde
405 2270 567 2317 gloriatur
578 2267 696 2303 Paulus
709 2268 737 2302 se
749 2268 897 2318 supplere
907 2271 997 2316 quod
1010 2269 1210 2320 pastionibus
1221 2273 1345 2307 Christi
1355 2271 1450 2307 deest.
1461 2275 1494 2307 id
1506 2274 1525 2308 fi
1538 2278 1598 2309 rite
1608 2278 1879 2323 expenderemus,

37 2331 110 2354 non
121 2330 187 2353 tam
199 2319 376 2355 molestum
388 2318 486 2354 nobis
496 2317 569 2352 eil'et
581 2328 680 2363 atque
693 2317 860 2355 acerbum,
875 2330 937 2366 pro
947 2319 1081 2354 Christo
1093 2322 1170 2367 pati.
1194 2320 1319 2356 Melius
1331 2324 1428 2356 etiam
1441 2323 1506 2357 hoc
1519 2322 1634 2357 mebro
1644 2326 1784 2361 declarat
1796 2329 1878 2373 quid

37 2365 199 2413 significet
211 2379 267 2414 per
278 2366 438 2417 probrum
451 2366 585 2404 Christi,
598 2365 653 2400 vbi
664 2366 756 2403 dicit,
770 2368 868 2400 Malis
878 2365 966 2404 affici
976 2379 1052 2401 cum
1066 2368 1130 2402 Dei
1142 2369 1271 2416 populo
1287 2393 1296 2407 ,
1308 2369 1390 2403 Non
1403 2381 1531 2417 poterat
1542 2371 1636 2406 aliter
1646 2372 1755 2408 Moses
1772 2379 1799 2407 le
1811 2379 1877 2411 vnfi

38 2414 99 2448 effe
110 2428 147 2450 ex
157 2416 219 2450 Dei
236 2413 366 2463 populo
375 2413 534 2462 profiteri,
547 2412 606 2453 nisi
619 2416 726 2461 gentis
742 2413 803 2448 suat
814 2414 949 2449 miseriis
961 2417 1151 2463 adiungeret
1164 2416 1192 2451 se
1205 2422 1378 2452 comitem.
1390 2420 1476 2467 Ergo
1491 2418 1548 2453 vbi
1564 2419 1617 2454 hic
1632 2419 1705 2456 finis
1720 2423 1762 2456 est
1773 2424 1876 2457 nedi-

38 2460 205 2500 scedamus
216 2465 235 2499 ὲ,
244 2475 385 2510 corpore
397 2461 554 2500 Ecclefiae:
566 2463 726 2509 quicquid
737 2461 1037 2510 patimur‚sciamus
1049 2467 1166 2511 capitis
1180 2468 1320 2501 nomine
1333 2466 1392 2502 ell'c
1401 2465 1639 2503 consecratum.
1654 2473 1701 2503 lta
1711 2482 1749 2504 ex
1760 2472 1878 2506 aduer-

35 2509 71 2545 so
83 2511 258 2555 Thefhuros·
269 2513 402 2561 Aegypti
412 2522 518 2546 vocat:
531 2523 616 2562 quos
626 2510 719 2545 aliter
731 2509 890 2557 poffidere
900 2524 1002 2546 nemo
1013 2511 1120 2559 potest
1132 2515 1214 2559 quin
1228 2513 1371 2553 Ecclesiae
1384 2518 1562 2553 renuntiet.
1608 2516 1790 2552 Intuebatnr
1798 2524 1877 2555 enim

35 2562 68 2593 in
79 2561 381 2600 remunerationem.)
431 2559 550 2598 Probat
561 2558 652 2594 illam
663 2561 768 2593 animi
780 2560 1046 2607 magnitudinem
1059 2558 1150 2595 fuiffe
1164 2560 1237 2596 fidei
1248 2560 1456 2600 affectuumcx
1467 2562 1689 2612 descriptione
1700 2575 1800 2613 quam
1813 2581 1876 2616 po-

34 2607 110 2645 suit}
126 2611 205 2655 qnia
216 2607 325 2642 Moses
336 2607 454 2642 oculos
463 2620 497 2642 in
515 2609 578 2642 Dei
590 2605 843 2656 promissionem
855 2606 978 2645 defixos
989 2607 1140 2644 habebat.
1158 2610 1211 2644 Ne
1239 2624 1278 2644 ue
1289 2613 1378 2647 enim
1392 2609 1448 2644 sibi
1462 2611 1582 2646 melius
1592 2611 1662 2648 fore
1675 2612 1693 2648 s
1713 2615 1822 2650 craffet
1834 2620 1875 2652 εὖ

34 2656 165 2704 populo
175 2656 352 2691 uraelitico
365 2657 465 2702 quam
476 2656 564 2704 apud
578 2654 842 2707 AEgyptios‚nifi
852 2654 919 2690 sola
932 2655 1148 2704 promiffione
1159 2669 1225 2693 con
1254 2657 1315 2693 sus.
1329 2659 1431 2693 Porro
1446 2658 1544 2706 liquis
1554 2662 1629 2695 inde
1640 2627 1876 2704 infldratffldem

34 2715 106 2742 non
117 2703 264 2739 insolam
276 2706 339 2738 Dei
354 2702 611 2738 misericordiam
624 2703 826 2742 recumbere,
843 2706 920 2750 quia
934 2708 1060 2753 ptaemii
1071 2704 1252 2753 respectum
1265 2706 1391 2741 habeat:
1408 2706 1602 2755 respondeo,
1615 2723 1685 2745 non
1698 2711 1753 2746 hic
1763 2713 1876 2760 dispu-

33 2754 94 2788 tari
104 2753 142 2791 de
154 2753 276 2787 iustitia
286 2762 342 2786 aut
355 2751 464 2788 salutis
478 2751 580 2787 causa:
597 2750 647 2786 sed
658 2751 857 2799 Apostolum
869 2753 1065 2799 generaliter
1090 2754 1269 2802 complecti
1286 2756 1446 2803 quicquid
1458 2754 1531 2790 fidei
1543 2761 1715 2793 conuenit.
1737 2763 1824 2808 Ergo
1836 2760 1875 2795 fi-

34 2801 90 2834 d⁴es
101 2812 264 2848 quatenus
275 2800 449 2846 quaetenda
460 2800 504 2835 est
515 2801 637 2838 iustitia
650 2811 762 2835 coram
774 2801 860 2838 Deo,
873 2814 943 2836 non
959 2814 1025 2835 rem
1032 2801 1332 2841 unerationem‚sed
1345 2806 1520 2850 gratuitam
1529 2807 1593 2840 Dei
1603 2806 1876 2846 bonitatemznon

34 2859 134 2896 opera
144 2849 263 2890 nostra,
274 2848 325 2882 sed
341 2847 510 2884 Christum
524 2846 630 2882 solum
644 2850 800 2883 intuetur.
811 2850 870 2882 Sed
882 2848 959 2883 fides
969 2861 1056 2883 extra
1067 2849 1309 2886 iustificationis
1323 2852 1464 2890 causam,
1486 2856 1564 2899 quia
1575 2855 1769 2902 generaliter
1781 2856 1809 2891 sc
1821 2847 1876 2891 exss

34 2898 138 2931 tendit
149 2897 188 2933 ad
197 2897 287 2943 quod
294 2899 342 2930 uis
353 2898 416 2930 Dei
427 2896 578 2934 verbum,
596 2899 875 2935 remunerationis
886 2910 958 2944 quae
971 2900 1180 2945 promittitur
1190 2897 1373 2947 'tespetstum
1388 2899 1495 2934 habet:
1511 2903 1585 2936 Pide
1597 2905 1734 2949 inquam
1747 2905 1876 2953 ample-

35 2946 157 2980 stimur
169 2945 329 2992 quicquid
340 2946 429 2982 Deus
440 2947 620 2993 promittit:
635 2946 728 2990 atqui
741 2944 896 2992 operibus
908 2948 1078 3001 promittit
1090 2950 1407 2985 remunerationem:
1419 2961 1498 2996 ergo
1509 2950 1594 2986 lianc
1602 2951 1823 2998 apprehendit
1835 2953 1877 2986 fi-

34 2993 100 3026 des.
111 2993 174 3027 Sed
185 2993 249 3027 hoc
262 3004 370 3031 totum
384 2996 417 3028 in
429 2991 522 3029 causa
531 2994 679 3040 gratuita?
693 2991 935 3030 iustificationis
949 2993 1062 3028 locum
1077 2994 1209 3030 nullum
1219 2995 1329 3034 habet:
1343 2999 1420 3047 quia
1432 2996 1524 3031 nulla
1534 3011 1673 3046 operum
1685 3012 1876 3036 remunera-

34 3042 84 3074 tio
96 3038 212 3088 sperati
253 3041 345 3081 otest,
360 3041 418 3076 nisi
431 3053 572 3090 gratuita
586 3041 715 3075 iustitia:
728 3043 908 3088 imputatio
919 3043 1085 3088 praecedat.

81 3098 124 3132 27
140 3094 146 3099 ’
172 3053 251 3122 frag
259 3089 384 3133 reliquit
393 3092 588 3138 Aegyptum.)
627 3090 713 3125 Tam
724 3090 763 3127 de
775 3092 883 3136 priore
893 3094 982 3125 exitu
995 3091 1060 3125 hoc
1071 3088 1175 3137 posset
1191 3093 1314 3139 exponi
1325 3094 1428 3140 qnam
1440 3094 1478 3127 de
1493 3091 1637 3128 secundo
1648 3121 1657 3134 ‚
1669 3108 1774 3142 quum
1787 3096 1875 3132 scili·

31 3148 83 3178 eet
95 3136 203 3170 secum
216 3135 383 3183 populum
393 3139 514 3173 eduxit.
529 3149 610 3172 tunc
620 3139 710 3176 enim
727 3138 859 3184 proprie
871 3137 1007 3184 reliquit
1018 3141 1214 3186 AEgyptum
1225 3163 1234 3176 ‚
1249 3152 1354 3185 quum
1368 3154 1405 3175 ex
1417 3142 1520 3175 domo
1531 3142 1712 3178 Pharaonis
1733 3144 1872 3193 aufugit,

31 3184 110 3221 Huc
121 3184 244 3218 accedit
255 3184 348 3229 quod
358 3197 432 3229 ante
442 3185 700 3220 celebrationem
725 3184 886 3220 Paschatis
898 3186 952 3221 hic
966 3185 1104 3232 egressus
1128 3187 1311 3222 recensetur
1322 3188 1362 3222 ab
1377 3188 1553 3236 Apostolo.
1589 3191 1727 3226 Videtur
1739 3206 1817 3241 ergo
1836 3196 1876 3229 de

33 3230 137 3270 Molis
151 3230 271 3278 fugan
301 3234 345 3266 ui.
356 3245 417 3268 nec
428 3233 533 3268 obstat
545 3234 636 3280 quod
649 3234 735 3266 addit
749 3255 758 3270 ‚
771 3234 849 3267 Non
857 3234 1119 3279 timusffefurorem
1129 3238 1238 3283 Regis:
1261 3249 1367 3282 quum
1382 3235 1492 3271 Moses
1509 3235 1576 3285 ipse
1588 3251 1695 3274 narret
1706 3252 1828 3276 terrore
1849 3241 1881 3278 se

30 3277 123 3317 suiffe
133 3278 274 3326 compul
294 3287 362 3314 um‘.
386 3281 476 3316 Nam
489 3281 508 3316 si
521 3284 657 3316 initium
669 3279 865 3328 spectamus,
880 3296 951 3317 non
962 3284 1079 3324 timuit
1097 3295 1203 3330 quum
1219 3283 1249 3317 se
1261 3283 1378 3331 populi
1393 3285 1560 3319 vindicem
1575 3285 1796 3333 profiteretur.
1828 3292 1879 3325 Ο-

28 3327 165 3370 mnibus
180 3339 295 3362 tamen
310 3328 469 3375 expensis,
483 3331 523 3364 ad
533 3330 713 3364 secundum
725 3333 851 3364 exitum
864 3329 980 3364 referre
991 3330 1091 3364 malo.
1103 3343 1185 3366 tunc
1198 3335 1287 3366 enim
1301 3333 1466 3378 intrepide
1477 3334 1581 3380 Regis
1592 3333 1750 3371 ferociam
1764 3336 1879 3386 despe-

52 3379 89 3419 it,
103 3387 194 3413 tanta
203 3378 348 3431 Spiritus
356 3377 422 3415 Dei
431 3380 552 3418 virtute
567 3388 713 3415 armatus
722 3403 734 3419 ,
756 3387 790 3414 vt
802 3376 961 3417 furiosam
974 3377 1067 3418 illam
1077 3378 1214 3423 bestiam
1227 3379 1314 3415 vltrb
1339 3377 1476 3417 subinde
1490 3380 1660 3422 lacesseret.
1699 3385 1778 3421 Haee
1788 3394 1877 3423 certe
