2268 3705
50 352 220 392 »Lustrat-w.

257 117 307 163 ’53Σ
781 105 873 157 ΙΝ
923 105 1523 158 EPIST·P·-AVL1

260 182 361 218 talem
373 178 563 217 thesaurum
573 180 666 216 Deus
675 176 775 215 'nobis
785 177 955 227 dispensat.
968 178 1176 215 deinde‚vere
1188 177 1301 211 nuntii
1313 176 1380 209 Dei
1389 172 1626 220 sunt‚quorum
1636 184 1693 207 ore
1703 173 1794 208 Deus
1805 170 1981 208 nobiscum
1992 171 2108 220 loqui-

262 243 325 267 tur.
342 233 452 277 Atque
464 231 532 265 haec
543 232 627 264 ratio
636 229 724 278 apud
735 227 935 263 Malachiam
946 227 1084 262 habetur
1103 238 1173 272 cap.
1193 236 1219 258 2.
1238 222 1307 264 b.7.
1328 222 1440 257 Altius
1450 222 1557 256 adhuc
1568 219 1784 259 transcendit,
1805 222 1966 256 addendo.
2011 223 2107 256 ‘Tan-

262 293 356 326 quam
367 276 515 325 shrstum
534 280 640 322 [eſsum
677 290 754 312 nam
766 281 799 311 δι’
809 279 980 310 Dominus
993 273 1059 322 ipse
1071 287 1142 309 nou
1154 272 1248 306 aliter
1261 272 1427 306 ministros
1438 269 1512 305 suos
1527 268 1638 304 haberi
1650 273 1799 318 praecipit
1812 282 1847 304 ac
1859 268 2009 317 seipsum.
2032 269 2107 311 Qui

264 342 325 364 vos
335 329 425 363 audit
438 351 448 366 ,
459 341 512 362 me
523 328 614 362 audit
629 340 638 360 t
649 329 709 373 qui
721 334 780 360 vo's
795 324 928 372 spernit,
941 337 994 358 me
1005 322 1128 370 spernit
1139 332 1200 354 nec
1211 323 1333 354 mirum
1348 333 1358 353 ι
1379 318 1545 366 legatione
1559 321 1650 353 enim
1673 332 1733 366 pro
1744 317 1812 366 ipso
1823 318 2020 366 funguntur.
2041 321 2109 352 Ita--

263 391 330 425 que
341 375 515 426 personam
535 378 605 410 eius
623 374 784 409 sustinent
795 399 806 414 ,
818 375 912 407 cuius
924 375 1010 406 vices
1021 380 1136 418 agunt.
1152 368 1291 403 Talibus
1304 368 1423 415 elogiis
1440 367 1693 408 commendatur
1705 368 1803 402 nobis
1820 366 1993 413 Euangelii
2006 369 2109 401 mai:-

262 428 324 461 stas
337 440 345 460 :
364 429 399 460 &
411 426 632 460 ministerium
644 422 733 457 illius
763 431 910 455 ornatur.
923 418 1028 465 de
1043 417 1254 452 lisecundum
1267 417 1393 453 Christi
1409 414 1602 453 mandarun}
1615 418 1658 449 ita
1669 415 1856 450 honorandi
1868 413 1941 449 sunt
1954 416 2106 455 ministri„

265 486 393 510 certum
410 473 466 514 est,
481 485 597 508 eorum
610 480 845 516 contemptum
857 481 893 502 ex
905 466 1031 502 diaboli
1043 467 1258 513 instigatione
1268 463 1339 499 effe:
1352 469 1383 499 ὃ(
1397 463 1483 498 cette
1493 466 1667 498 contemni
1681 475 1853 510 nequeunt
1865 464 2015 510 quandiu
2028 466 2109 497 Ver*

260 523 347 558 bum
358 522 497 558 habetur
507 524 541 556 in
555 522 672 568 pretio.
691 519 858 551 Caeterum
870 516 982 551 frustra
990 515 1056 550 hoc
1067 526 1223 562 praetextu
1236 511 1428 561 superbiunt
1439 513 1582 560 Papistae:
1592 524 1671 546 nam
1685 517 1752 559 quii
1762 511 1822 546 sint
1833 511 1996 549 manifesti
2007 511 2110 545 Chri-

264 573 304 606 sti
312 572 436 611 hostes,
452 571 553 616 quam
565 565 744 601 ridiculum
756 566 800 599 est
810 567 950 613 arripere
969 563 1101 612 plumas
1112 561 1282 596 seruorum
1294 562 1430 598 (bristi,
1440 559 1563 606 quibus
1575 559 1638 594 scie
1651 561 1841 594 venditent?
1856 573 1935 607 ergo
1947 562 2005 606 qui
2017 561 2112 594 volut

266 633 327 668 pro
340 616 477 667 Angelis
488 616 567 653 coli,
581 613 733 649 officium
745 613 867 648 faciant
875 612 1088 661 Angelorum
1099 625 1109 643 .·
1120 614 1178 658 qui
1190 610 1287 644 instar
1299 609 1424 646 Christi
1436 610 1544 643 audiri
1556 607 1677 644 volunt
1686 635 1696 649 ,
1711 621 1832 656 purum
1843 611 1912 643 eius
1922 608 2060 648 verbum
2072 607 2111 643 fi-

264 669 380 703 deliter
392 667 489 701 uobis
499 662 644 698 afferant.
2102 695 2105 698 ,

307 728 336 760 ις
384 713 451 750 Vbi
461 717 550 761 {gitur
557 710 742 756 beatitudo.)
796 712 912 746 Innuit
921 711 1001 744 tunc
1014 707 1105 744 fuisse
1115 707 1230 744 beatos
1240 709 1298 754 qui
1315 704 1375 740 sua*
1386 705 1600 740 beatitudinis
1612 705 1869 739 instrumentum
1887 715 1954 740 tam
1966 708 2025 754 pio
2033 703 2112 742 affe-

261 767 322 800 ctu
337 761 643 811 amplectebantur:
655 773 745 796 nunc
757 759 891 794 miseros
902 782 912 797 ‚
926 760 985 805 qui
999 756 1131 806 spoliari
1142 756 1171 792 se
1183 758 1348 805 patiantur
1360 756 1429 788 eius
1443 754 1627 788 ministerio
1636 778 1646 792 ,
1667 756 1722 788 cui
1732 763 1908 800 acceptum
1919 752 2000 788 ferre
2011 754 2111 789 debe-

263 813 344 848 bant
356 812 519 859 quicquid
535 809 699 844 habebant
709 810 844 844 Christi.
872 806 950 841 Vult
963 819 1053 842 enim
1071 806 1130 841 hac
1150 806 1385 839 admonitione
1398 801 1486 850 ipsos
1499 814 1655 850 pungere.
1678 801 1758 849 quid
1773 809 1781 834 Ξ
1795 815 1835 835 an
1849 802 1916 836 hoc
1928 813 2039 844 totum
2049 805 2112 838 erit

263 861 454 910 perditum?
478 872 519 893 an
535 858 621 893 nihil
632 858 727 893 vobis
737 857 900 905 profuerit
915 879 924 893 ‚
944 855 1035 903 qubd
1057 852 1156 889 semel
1167 852 1340 888 Christum
1359 852 1545 898 agnouistis
1560 863 1614 898 per
1629 863 1680 884 me
1692 851 1891 897 loquentem
1905 857 1914 883 Ξ
1936 863 1978 884 an
1997 850 2113 886 frustra

263 921 385 958 perine
398 907 525 943 fundati
537 908 609 941 estis
621 909 655 941 in
670 904 742 940 fide?
754 918 795 940 an
808 917 899 940 nunc
909 903 1054 939 desefflo
1065 901 1206 951 gloriam
1218 902 1327 936 vestrae
1342 899 1538 934 obedientia:
1549 911 1661 933 coram
1672 900 1747 932 Deo
1759 897 1896 933 delebit?
1908 899 2045 934 Summa
2054 901 2112 937 est,

263 968 460 1005 contemptu
475 968 670 1004 pure,quam
683 953 828 1001 amplexi
839 954 903 987 ertit
915 950 1168 995 doc‘triiie‚vltro
1180 950 1322 985 abiicere
1333 961 1433 995 quam
1444 949 1552 995 adepti
1565 959 1655 982 erant
1666 946 2049 995 beatitudiiieni‚libique
2057 960 2115 983 ac-.

261 1004 382 1041 cersere
392 1007 531 1039 exitium
544 1017 612 1051 quo
626 1002 738 1037 misere
748 1003 868 1050 pereat.
918 1001 953 1036 T
955 1000 1139 1045 :stimonium
1150 1002 1230 1032 enim
1245 996 1353 1032 reddo.
1372 998 1454 1031 Non
1469 995 1541 1030 satis
1552 995 1596 1030 est
1607 995 1753 1030 exhiberi
1764 995 1948 1030 Pastor-ibus
1959 1009 2115 1032 reueren-

262 1058 357 1091 tiam,
371 1052 429 1089 nisi
442 1056 540 1087 etiam
552 1062 714 1086 amentur.
731 1051 800 1085 haec
811 1053 901 1084 enim
911 1049 978 1083 duo
990 1047 1064 1083 sunt
1076 1045 1259 1082 necessaria.
1273 1047 1352 1092 quia
1362 1045 1489 1092 alioqui
1501 1043 1607 1080 suauis
1618 1058 1689 1079 non
1701 1048 1761 1079 erit
1775 1045 1935 1079 dmstrinae
1949 1046 2114 1093 gustuszit-

263 1115 409 1149 trunque
420 1103 552 1136 testatur
563 1097 656 1134 fuisse
668 1101 703 1133 in
713 1097 848 1133 Galatis.
859 1100 911 1132 De
921 1098 1104 1132 reuerentia
1115 1095 1205 1144 prius
1218 1095 1309 1129 dixit:
1323 1106 1414 1129 nunc
1426 1095 1464 1128 de
1473 1106 1595 1128 amore.
1607 1093 1650 1127 est
1663 1096 1753 1128 enim
1764 1096 1828 1128 rari
1838 1096 1963 1128 amoris
1974 1094 2113 1135 indicia,

264 1150 383 1187 oculos
395 1148 542 1186 eruere‚fi
553 1160 637 1195 opus
650 1146 695 1181 sit.
713 1149 793 1194 quia
804 1146 878 1195 plus
890 1147 933 1180 cst
945 1145 1046 1192 quam
1059 1147 1161 1179 vitam
1174 1142 1385 1192 profundere.

314 1201 351 1233 16
400 1201 516 1246 Ergone
529 1208 607 1230 vera
618 1194 804 1240 loquendo.)
854 1195 958 1229 Nunc
969 1195 1008 1228 ad
1020 1192 1048 1227 se
1060 1193 1145 1227 redit
1159 1219 1169 1233 ‚
1180 1204 1216 1227 ac
1232 1202 1329 1238 negat
1340 1217 1350 1231 ‚
1359 1189 1412 1224 sua
1422 1189 1620 1238 culpafuilse
1632 1188 1755 1225 faustum
1770 1201 1805 1224 vt
1817 1193 2021 1226 inritauerint
2042 1193 2117 1226 ani-

264 1261 348 1283 mos.
364 1245 506 1280 Tamctfi
519 1247 610 1279 enim
621 1243 679 1278 vsu
691 1249 808 1278 tritum
821 1244 875 1281 est,
889 1254 922 1276 vt
933 1245 1051 1277 veritas
1063 1242 1179 1276 odium
1192 1242 1304 1288 pariat:
1315 1252 1386 1274 non
1397 1251 1509 1275 tamen
1520 1238 1633 1274 odiosa
1642 1239 1697 1278 est,
1710 1237 1770 1273 nifi
1782 1239 1909 1273 malitia
1920 1243 1952 1274 8<
1968 1242 2117 1287 prauita-

264 1308 296 1331 te
308 1307 424 1330 eorum
440 1296 499 1341 qui
513 1305 586 1328 eam
600 1306 670 1328 non
681 1291 840 1327 sustinent
850 1292 970 1326 audire.
986 1289 1014 1325 se
1027 1292 1129 1338 igitur
1154 1291 1199 1323 ita
1212 1299 1329 1336 purgat
1340 1289 1358 1322 ὲ
1368 1289 1466 1336 culpa
1476 1288 1700 1325 alienationis,
1714 1299 1748 1320 vt
1775 1289 2119 1371 eorumiiigratiffi-

265 1357 344 1379 nem
354 1342 493 1389 oblique
507 1342 711 1390 perstringat.
726 1341 777 1375 Est
789 1352 900 1374 tamen
911 1338 1007 1373 simul
1019 1341 1124 1373 amica
1134 1337 1337 1376 admonitio,
1351 1350 1392 1370 ne
1403 1337 1526 1371 temere
1540 1341 1574 1370 &e
1585 1334 1650 1371 fine
1663 1333 1756 1370 causa
1766 1334 1860 1370 suuni
1873 1336 2019 1384 Apostol
2081 1349 2117 1372 m

265 1394 426 1429 reiiciant,
439 1404 538 1438 quem
552 1390 640 1438 prius
654 1389 749 1424 vnice
758 1390 1005 1435 amaruntzquia
1014 1387 1156 1435 dignum
1169 1397 1282 1419 amore
1293 1386 1508 1432 cognouerit.
1534 1385 1628 1430 Qd
1639 1386 1729 1419 enim
1743 1387 1847 1433 magis
1858 1386 2000 1433 indignt‘i
2013 1386 2116 1431 quain

264 1443 411 1475 veritatis
422 1441 504 1475 odio
515 1463 527 1478 s
541 1450 579 1473 ex
587 1440 705 1473 amicis
717 1436 788 1473 fieri
799 1439 957 1473 inimicos
966 1441 982 1469 ?
997 1439 1108 1483 itaque
1119 1447 1189 1470 non
1200 1446 1266 1469 tam
1279 1433 1497 1481 exprobrandi
1509 1432 1603 1468 causa
1614 1434 1680 1467 hoc
1690 1434 1887 1480 dixit‚quam
1899 1434 2117 1474 admonendi,

264 1500 301 1523 vt
310 1487 545 1537 resipiscerent.
1696 1492 1698 1495 '

315 1548 352 1582 17
405 1539 627 1572 QAimulamur
646 1538 728 1577 vos.)
777 1534 929 1568 Tandem
941 1534 980 1567 ad
1000 1531 1293 1581 pseudoapostolos
1315 1532 1482 1566 descendit
1493 1555 1501 1569 ‚
1521 1543 1607 1577 quos
1621 1530 1762 1564 tacendo
1793 1529 1940 1565 odiosius
1958 1529 2117 1578 designat,
2158 1571 2162 1575 .

265 1587 369 1632 quam
381 1583 402 1618 sl
413 1584 612 1619 nominibus
628 1586 834 1631 exprimeret:
846 1595 922 1617 nam
933 1580 1076 1615 solemus
1087 1578 1252 1630 suppresso
1263 1582 1400 1615 nomine
1411 1581 1449 1614 de
1462 1582 1501 1614 iis
1513 1579 1710 1625 loqui‚quos
1722 1581 1898 1613 nominare
1913 1581 2005 1627 piget
2017 1592 2053 1614 ac
2066 1591 2116 1624 [ς-

265 1635 333 1668 det⁴
345 1633 513 1668 Admonet
523 1644 633 1667 autem
645 1631 776 1666 Galatas
787 1632 826 1665 de
836 1631 1030 1678 praepostera
1041 1628 1179 1664 illorum
1191 1627 1386 1664 ambitione:
1398 1631 1476 1675 quia
1489 1627 1594 1676 specie
1606 1627 1668 1661 zeli
1683 1625 1751 1660 falli
1762 1639 1924 1675 poterant.
1939 1630 1987 1663 Ac
1999 1625 2118 1663 simili-

266 1683 421 1717 tudinem
431 1683 448 1715 ὲ
459 1683 568 1730 procis
583 1692 754 1715 mutuatur
762 1703 773 1717 ,
788 1682 928 1726 quinon
943 1679 1026 1713 caste
1038 1677 1163 1726 puellas
1173 1688 1335 1726 appetunt
1347 1703 1356 1717 ‚
1368 1689 1429 1712 nec
1440 1677 1580 1714 honesto
1591 1688 1703 1712 amore
1718 1699 1729 1712 ‚
1740 1674 1791 1710 sed
1807 1687 1840 1710 vt
1851 1678 1890 1711 ad
1900 1675 1991 1710 suam
2003 1675 2120 1712 libidi-

266 1743 346 1766 nem
358 1730 546 1765 abutantur.
574 1729 680 1776 Qd
692 1741 750 1762 vos
769 1738 931 1775 appetunt
944 1726 995 1761 vel
1006 1726 1161 1762 ambiunt
1171 1749 1181 1764 ‚
1195 1740 1236 1762 ne
1247 1726 1280 1760 id
1289 1724 1386 1760 vobis
1395 1728 1566 1773 imponat:
1581 1723 1707 1758 faciunt
1724 1726 1815 1759 euim
1827 1738 1898 1763 non
1924 1727 2017 1761 recto
2030 1724 2119 1764 zelo,

269 1777 322 1813 sed
332 1791 432 1827 praua
442 1779 623 1826 cupiditate
633 1777 825 1824 acquirendi
846 1777 1008 1810 nominis:
1020 1788 1055 1810 ea
1064 1774 1180 1812 sa116tae
1190 1773 1363 1822 zelotypiae
1377 1776 1574 1821 opponitur,
1583 1775 1678 1808 cuius
1689 1775 1846 1806 meminit
1855 1774 2031 1808 2.Cotinth
2047 1785 2120 1822 cap.

265 1838 364 1862 naz.
381 1830 397 1861 1
400 1841 446 1861 mo
456 1824 632 1860 excludere.
696 1827 747 1859 Au
753 1835 807 1872 get
817 1824 924 1859 adhuc
933 1824 1142 1872 praeposteras
1155 1820 1304 1870 ipsorum
1315 1822 1461 1863 technas,
1473 1822 1581 1859 addita
1591 1821 1902 1857 correctione.Non
1913 1821 2042 1857 tantum
2055 1826 2120 1858 v'os

268 1871 420 1924 captant,
431 1877 556 1922 inquit:
568 1873 619 1908 scd
629 1875 708 1920 quia
717 1873 810 1907 aliter
821 1874 924 1920 potiri
938 1871 1035 1907 vobis
1044 1881 1229 1920 nequeunt,
1243 1868 1411 1905 diffidium
1426 1870 1601 1908 accendere
1612 1871 1698 1905 inter
1707 1882 1769 1903 uos
1779 1880 1956 1910 conantur,
1982 1881 2017 1905 vt
2027 1869 2120 1918 quasi

268 1924 427 1962 destituti,
439 1936 498 1958 vos
512 1922 579 1958 illis
591 1923 724 1957 dedatis:
736 1922 851 1957 vident
862 1923 965 1958 enim,
976 1921 1124 1967 quandiu
1136 1922 1221 1955 inter
1237 1932 1301 1954 nos·
1310 1918 1472 1953 constabit
1483 1921 1557 1967 pius
1568 1915 1746 1953 consensus
1756 1940 1766 1954 ‚
1782 1916 1841 1953 sibi
1853 1921 1898 1952 ηό
1909 1916 1979 1953 fore
1987 1917 2116 1954 locum.

267 1974 347 2007 Hoc
360 1984 544 2008 commune
556 1971 600 2005 est
609 1968 789 2004 artificium
800 1968 961 2004 omnibus
970 1970 1094 2003 satana».
1106 1968 1264 2003 ministris
1275 1991 1285 2005 ,
1299 1966 1440 2002 alienare
1448 1966 1582 2015 plebem
1593 1968 1611 2000 a
1621 1964 1679 2000 suo
1691 1966 1820 2000 Pastore
1832 1988 1842 2003 ‚
1869 1977 1905 2000 vt
1917 1966 1957 2000 ad
1967 1965 1997 2001 se
2030 1968 2120 2002 ostea

270 2020 430 2056 alliciant:
446 2024 480 2055 δε
490 2017 581 2066 quasi
589 2018 717 2054 sublato
726 2017 860 2055 aemulo,
876 2028 1015 2051 vacuam
1026 2014 1257 2064 posseffionem
1276 2026 1454 2064 occupent.
1469 2017 1580 2063 Siquis
1589 2014 1712 2049 attente
1722 2012 1943 2062 prudeterque
1952 2014 1999 2050 ob
2014 2026 2117 2050 eruet:

269 2069 397 2104 videbit
407 2069 484 2104 inde
497 2068 624 2116 semper
635 2065 712 2101 illos
723 2065 826 2102 facere
838 2067 986 2100 initium.

316 2118 351 2151 18
401 2121 518 2152 Bonum
528 2115 567 2163 ef}
575 2118 729 2159 amulam.)
780 2117 950 2150 Incertum
962 2113 1018 2152 est,
1030 2113 1070 2149 de
1082 2110 1112 2147 se
1121 2126 1163 2148 ne
1172 2112 1329 2159 loquatur
1345 2134 1356 2149 ,
1370 2124 1413 2145 an
1424 2112 1462 2146 dc
1474 2111 1620 2146 Galatis:
1636 2123 1714 2147 nam
1727 2109 1850 2158 probos
1865 2110 2033 2146 ministros
2046 2109 2119 2146 san·

269 2167 323 2201 &a
336 2165 503 2213 zelotypia
512 2165 621 2199 ardere
631 2164 736 2202 decet,
748 2175 781 2197 vt
794 2161 941 2197 ecclesias
952 2164 1114 2197 retineant
1124 2164 1159 2196 in
1169 2162 1251 2196 casta
1260 2173 1339 2195 cnm
1351 2163 1471 2195 marito
1480 2159 1539 2194 suo
1556 2161 1810 2196 coniunffione.
1826 2161 1912 2207 Ergo
1930 2158 1952 2192 si
1961 2159 2002 2192 de
2012 2159 2117 2198 Paulo

268 2216 465 2262 accipimus,
476 2213 549 2248 talis
566 2216 626 2247 erit
637 2209 756 2248 sensus,
770 2213 844 2259 Ego
855 2211 991 2257 quidem
1003 2223 1056 2245 me
1067 2212 1166 2244 etiam
1174 2209 1322 2246 aemulari
1334 2221 1392 2242 vos
1403 2207 1567 2243 confiteor
1577 2232 1588 2246 ‚
1601 2208 1653 2243 sed
1663 2207 1731 2242 alio
1742 2206 1808 2242 fine
1821 2212 1853 2242 ὅ(
1866 2205 2001 2244 affectu:
2015 2205 2118 2254 idque

271 2261 361 2297 facio
371 2261 486 2297 absens
498 2275 568 2296 non
582 2264 694 2296 minus
704 2261 806 2306 quam
819 2257 966 2308 praesens:
977 2260 1056 2306 quia
1065 2258 1212 2306 fructum
1224 2258 1307 2292 mihi
1318 2259 1494 2305 proprium
1505 2270 1576 2292 non
1588 2268 1710 2303 quaeto.
1725 2256 1812 2291 Mihi
1824 2258 1912 2292 tame
1923 2257 2028 2302 magis
2044 2256 2119 2304 pla-

270 2322 324 2346 cet
334 2310 444 2345 referri
455 2311 494 2345 ad
507 2309 648 2345 Galatas:
660 2321 696 2345 ac
706 2321 747 2343 ne
758 2307 799 2343 sic
810 2309 946 2354 quidem
962 2310 1022 2342 erit
1031 2320 1117 2341 vnus
1128 2304 1249 2347 sensus,
1261 2319 1337 2340 nam
1349 2307 1472 2354 poterit
1484 2308 1607 2354 exponi
1619 2305 1684 2339 hoc
1695 2304 1867 2341 modo‚lsti
1878 2304 2013 2350 quidem
2026 2317 2086 2340 vos
2097 2305 2116 2342 ὲ

272 2372 327 2394 me
337 2359 479 2394 alienare
491 2370 668 2398 conantur,
679 2368 714 2391 vt
725 2354 871 2391 destituti
881 2357 922 2390 ad
932 2354 1019 2404 ipsos
1030 2358 1189 2403 migretis:
1201 2367 1259 2389 vos
1272 2366 1382 2389 autem
1395 2356 1454 2400 qui
1465 2367 1518 2388 me
1529 2352 1718 2401 praesentem
1729 2350 2001 2400 amastis.pergite
2012 2355 2113 2389 etiam

269 2406 441 2443 absentem
452 2408 570 2442 eodem
582 2419 694 2440 amore
703 2403 868 2453 prosequi.
880 2406 998 2439 Verior
1008 2406 1128 2452 opinio
1139 2401 1196 2444 est,
1204 2401 1344 2437 Paulum
1356 2405 1390 2436 in
1403 2401 1491 2436 verbi
1501 2400 1756 2450 amphibologia
1770 2398 1891 2435 lusisse:
1918 2411 1997 2435 nam
2008 2413 2116 2447 quum

274 2456 430 2491 AEmulari
445 2454 599 2505 posuisset
609 2466 671 2503 pro
683 2452 830 2489 Ambire:
843 2465 934 2487 nunc
946 2465 1006 2500 pro
1020 2454 1159 2490 Imitari,
1168 2451 1221 2486 vel
1231 2452 1325 2486 Eniti
1336 2451 1376 2486 ad
1387 2450 1520 2485 alterius
1529 2453 1683 2484 virtutem
1695 2472 1706 2487 ,
1721 2451 1852 2497 accipit.
1862 2450 2066 2484 Damnando
2080 2465 2116 2485 e-

273 2507 349 2540 nim
361 2506 588 2552 praeposteram
597 2502 847 2539 :emulationem
857 2525 867 2539 ,
878 2501 1029 2536 hortatur
1039 2512 1074 2535 vt
1084 2500 1207 2536 Galata:
1219 2498 1249 2536 se
1261 2502 1296 2534 in
1306 2497 1434 2537 diuerso
1444 2497 1620 2533 aemulandi
1630 2509 1750 2546 genere
1760 2509 1931 2534 exerceant
1947 2511 1955 2533 ι
1969 2495 2068 2544 idque
2078 2512 2113 2534 e-

276 2555 357 2587 tiam
369 2566 474 2600 quum
493 2552 590 2587 abest.

321 2612 357 2643 19
407 2603 514 2635 Filioli
522 2602 614 2641 mei.)
663 2597 730 2637 Hic
741 2598 897 2635 molliore
909 2600 1093 2634 etiamnum
1105 2596 1330 2646 appellatione
1338 2598 1460 2631 vritur:
1472 2608 1550 2632 nam
1561 2598 1596 2629 ὃς
1609 2594 1685 2643 plus
1694 2595 1737 2629 est
1747 2593 1808 2630 filii
1816 2607 1944 2631 nomen
1954 2595 2055 2642 quarn
2067 2593 2115 2630 fra

271 2651 344 2683 tris:
358 2652 391 2683 δε
404 2649 647 2684 diminutiuum
660 2661 729 2682 non
741 2648 779 2682 ad
789 2657 1037 2695 contemptum,
1048 2643 1100 2680 sed
1110 2645 1304 2680 blandiendi
1315 2643 1408 2680 causa
1419 2642 1652 2692 vsurpauit:etsi
1664 2646 1797 2679 interim
1809 2641 1994 2680 subindicat
2003 2641 2115 2690 ipson]

271 2698 546 2738 teneritudinem,
557 2699 615 2744 qui
626 2699 692 2730 iam
702 2695 882 2731 debuerant
890 2691 1076 2730 adoleuisse.
1091 2695 1143 2728 Est
1155 2706 1267 2729 autem
1277 2693 1416 2741 abrupta
1427 2695 1536 2727 oratio
1545 2715 1555 2730 ,
1565 2703 1601 2726 vt
1613 2690 1719 2728 solent
1729 2705 1800 2738 qua:
1812 2691 1886 2726 sunt
1900 2691 2042 2728 maxime*
2054 2703 2113 2739 pa-

274 2745 416 2780 theticae.
426 2745 644 2780 Vehementia
654 2746 744 2780 enim
755 2743 892 2780 affetffhis
904 2743 1024 2778 medias
1033 2754 1133 2778 voces
1143 2741 1311 2789 abrumpit
1320 2766 1330 2780 ,
1342 2743 1422 2776 dum
1432 2754 1503 2778 non
1515 2743 1708 2776 inuenimus
1721 2740 1812 2786 quod
1826 2737 1899 2774 satis
1909 2741 2014 2775 animi
2025 2737 2112 2775 sensa

273 2796 448 2843 exprimat:
465 2797 498 2829 ὅ(
509 2795 653 2833 animus,
666 2792 870 2833 ebulliendo,
883 2791 990 2827 fauces
1000 2789 1089 2838 quasi
1100 2789 1279 2838 praecludit.
1325 2790 1415 2839 Qos
1422 2793 1529 2823 iterum
1535 2799 1680 2837 parturio.
1691 2789 1726 2824 ld
1739 2800 1875 2835 quoque
1885 2787 1924 2822 ad
1933 2787 2116 2824 vehemen-

275 2844 357 2878 tiam
368 2844 490 2876 amoris
500 2840 728 2875 declarandam
738 2840 816 2876 facit
824 2868 835 2883 ‚
846 2841 937 2888 quod
949 2851 1115 2875 maternos
1129 2841 1226 2874 nixus
1237 2843 1270 2874 &
1283 2838 1417 2875 dolores
1426 2839 1552 2872 'eorum
1563 2837 1655 2873 causa
1665 2836 1761 2877 subit.
1778 2834 1885 2870 Simul
1896 2846 2009 2870 tamen
2021 2836 2112 2873 suam

271 2894 473 2926 anxietatem
484 2888 623 2924 declarat
636 2902 733 2924 :nam
745 2902 816 2936 quae
827 2890 953 2938 peperit
965 2886 1097 2925 mulier,
1109 2887 1245 2923 laetatur:
1257 2889 1292 2921 in
1305 2897 1399 2935 partu
1410 2884 1480 2934 ipso
1492 2883 1715 2923 acerbiffimos
1726 2885 1889 2923 cruciatus
1904 2882 2047 2919 sustinet.
2056 2887 2114 2920 Se-

276 2939 444 2988 mel-prius
456 2943 489 2973 &
501 2940 703 2986 concepti&
716 2938 794 2972 editi
807 2938 947 2973 fuerant:
957 2939 1023 2971 iam
1035 2935 1178 2971 secundo
1189 2936 1381 2983 procreandi
1393 2945 1483 2970 erant
1497 2932 1569 2982 post
1579 2932 1812 2970 defectionem.
1822 2933 1987 2968 Inuidiam
2000 2944 2113 2970 tamen

275 2998 443 3028 extenuat,
452 2999 556 3034 quum
570 2987 662 3022 dicit,
679 2986 947 3030 Donecfhrmetur.
979 2998 1050 3020 non
1063 2986 1154 3020 enim
1168 2983 1278 3019 abolet
1288 2985 1434 3031 priorem
1445 2981 1642 3030 partum‚led
1652 2982 1860 3019 dicit-iterum
1870 2979 2036 3016 fouendus
2047 2993 2119 3016 vte-

275 3048 312 3070 ro
325 3034 396 3076 effe,
408 3047 568 3082 tanquam
581 3036 778 3068 immaturos
789 3032 887 3068 foetus
899 3038 930 3068 &
940 3033 1113 3068 informes.
1124 3031 1228 3068 Porro
1240 3031 1411 3072 Christum
1422 3033 1458 3064 in
1469 3030 1568 3067 nobis
1579 3028 1726 3066 foi-mari,
1750 3033 1781 3064 3<
1794 3042 1855 3064 nos
1866 3031 1900 3065 in
1911 3029 2114 3068 Christo,id5

260 3119 263 3121 .
277 3084 331 3118 cst:
344 3083 509 3119 nascimur
518 3086 609 3118 enim
619 3093 654 3116 vt
669 3080 767 3116 simus
777 3094 873 3118 nouae
883 3083 918 3116 in
929 3080 999 3129 ipso
1009 3092 1171 3117 creaturae:
1185 3085 1217 3118 &
1230 3078 1295 3128 ipse
1306 3076 1445 3116 viciffim
1458 3076 1601 3114 nascitur
1612 3080 1646 3112 iu
1657 3076 1768 3118 nobis,
1777 3088 1812 3111 vt
1822 3081 1973 3117 viuamus
1984 3079 2054 3113 eius
2063 3080 2118 3112 vi-

275 3143 355 3166 tam.
370 3134 462 3179 Qa
474 3133 578 3179 igitur
587 3142 661 3166 vera
671 3129 796 3165 Christi
807 3131 919 3176 imago
932 3142 989 3176 pet
999 3128 1263 3167 subintroduc‘tas
1275 3129 1293 3163 a
1304 3125 1584 3176 pseudoapostolis
1596 3125 1837 3174 superstitiones
1848 3125 2029 3161 deformata
2037 3137 2114 3166 erat.

276 3178 403 3215 laborat
412 3179 532 3215 Paulus
543 3182 578 3214 in
591 3192 627 3214 ea
636 3176 833 3227 expolienda
846 3202 856 3216 ,
874 3188 910 3211 vt
946 3178 1000 3211 ure
1011 3177 1131 3224 absque
1167 3177 1419 3226 impedimentis
1433 3174 1585 3211 reluceat.
1603 3175 1679 3210 Hoc
1689 3176 1788 3210 etiam
1801 3172 1928 3210 faciunt
1937 3174 2115 3222 Euangelii

277 3229 430 3268 ministri,
440 3230 519 3262 dum
536 3227 754 3267 laetant,dum
766 3224 874 3262 solido
884 3189 962 3260 eigo
973 3225 1265 3273 pascuntzdeniquc
1275 3235 1350 3260 toto
1364 3225 1598 3272 predicationis
1610 3219 1670 3258 suae
1680 3220 1772 3258 cursu
1785 3225 1820 3257 in
1832 3237 1872 3257 eo
1882 3221 2002 3257 debent
2012 3235 2113 3258 occu-

301 3280 356 3309 ari.
368 3277 426 3310 Sed
437 3275 555 3311 Paulus
566 3275 621 3311 hic
632 3276 826 3323 parturienti
838 3272 868 3308 se
878 3285 1058 3320 comparat:
1077 3277 1156 3321 quia
1164 3274 1319 3308 nondum
1333 3272 1475 3321 perfecte
1486 3274 1555 3306 nati
1565 3282 1657 3304 erant
1665 3269 1798 3305 Galatae.
1808 3272 1847 3306 Et
1857 3271 1913 3306 hic
1923 3269 2061 3318 insignis
2070 3271 2114 3306 cst

274 3290 369 3360 focus
379 3325 418 3358 de
428 3323 572 3359 efficacia
585 3324 769 3358 ministerii.
784 3323 960 3371 Proprium
970 3323 1105 3369 quiden-i
1115 3323 1178 3356 Dei
1192 3322 1236 3356 est
1246 3345 1255 3359 ,
1267 3316 1479 3369 spiritualiter
1491 3322 1626 3367 gignere
1645 3323 1676 3354 δι’
1690 3331 1812 3367 parcre:
1823 3317 1874 3354 scd
1882 3321 1962 3366 quia
1991 3319 2113 3354 instra*

274 3375 396 3409 mentis
405 3373 443 3414 ad
453 3373 486 3408 id
498 3375 618 3408 vritur:
635 3370 787 3409 ministro
797 3375 832 3408 δε
847 3370 1098 3419 praedicatione:
1116 3368 1313 3418 quodsuum
1327 3370 1371 3412 est
1384 3393 1394 3411 ,
1407 3369 1475 3413 illis
1487 3366 1638 3412 adscribit
1656 3381 1663 3401 2
1675 3378 1848 3416 propterea
1859 3367 1951 3416 quod
1962 3378 2039 3401 cum
2052 3367 2116 3402 ho-

2015 3427 2118 3451 minis
