2268 3705
334 102 378 149 36
952 93 1045 140 IN
1093 88 1694 141 EPISTPAVLI

355 167 755 219 'Spiritchitegenetati.
784 165 869 213 Qiae
880 165 1179 202 sententiadefendi
1189 166 1321 213 quidem
1332 164 1440 213 potest
1449 186 1460 203 ,
1476 164 1561 199 mihi
1571 176 1682 198 tamen
1692 160 1822 197 videtur
1831 163 2039 210 comparatio
2051 160 2111 198 effe
2123 161 2192 199 mass

357 221 449 255 ioris,
459 220 493 251 δέ
505 217 656 250 minoris:
667 227 703 250 ac
714 214 737 250 si
745 216 988 255 diceret,Tanti
1000 214 1043 249 est
1053 214 1129 263 ipsis
1140 227 1276 262 quoque
1285 212 1457 248 elementis
1468 210 1559 247 sensu
1573 225 1609 246 ac
1619 214 1747 246 ratione
1758 209 1942 245 carentibus
1958 209 2073 245 futurae
2083 211 2198 258 gloriae

358 266 475 301 nostrae
490 263 693 304 excellentia,
704 275 739 298 vt
748 264 894 311 quodam
906 265 975 297 eius
990 261 1144 297 desiderio
1155 263 1303 310 flagrentt
1314 260 1423 296 multo
1440 263 1545 308 magis
1555 274 1617 295 nos
1627 262 1686 306 qui
1694 261 1816 307 Spiritu
1827 260 1890 293 Dei
1903 257 2013 293 sumus
2024 257 2197 294 illumina-

355 317 435 352 ti‚&
447 312 514 361 spei
526 311 730 347 firmitudine
744 317 777 347 &
789 312 884 346 studii
896 314 1115 345 contentione
1128 312 1168 344 ad
1177 321 1304 344 tantam
1314 308 1398 344 boni
1409 310 1677 356 magnitudinem
1687 308 1823 355 aspirare
1834 311 1868 342 &
1879 309 1962 341 eniti
1973 309 2196 342 conuenit.Ac

355 361 527 410 duplicem
539 359 693 396 affectum
705 362 842 407 requirit
855 362 890 394 in
902 358 1187 406 fidelibusmempe
1199 369 1232 392 vt
1243 356 1405 405 ptaesentis
1417 357 1550 391 miseriae
1563 354 1652 390 sensu
1664 353 2197 403 grauati‚ingemiscantzpatienter

358 410 585 446 nihilominus
594 409 828 444 liberationem
840 409 1022 455 expectent.
1040 407 1120 441 Vult
1131 409 1220 440 enim
1232 406 1347 440 futurae
1358 404 1571 440 beatitudinis
1585 406 1811 452 expechtione
1822 406 1957 440 ereCros,
1972 405 2076 437 animi
2085 403 2199 437 altitu-

356 460 438 494 dine
452 458 598 506 superare
608 470 725 492 omnes
735 454 904 504 praesentes
914 467 1092 489 aerumnas:
1111 466 1146 489 vr
1159 468 1229 489 non
1240 465 1392 502 reputent
1405 453 1516 500 quales
1531 452 1592 487 sint
1605 464 1706 489 nunc,
1721 451 1772 486 scd
1783 451 1893 498 quales
1904 450 2006 487 futuri
2019 450 2091 485 sint.
2141 453 2203 501 Ipsi

357 510 411 553 qui
413 505 592 556 primordia.
626 504 731 550 Qod
740 503 799 538 alii
807 505 973 537 Primitias
986 505 1241 550 interpretantur
1251 514 1353 536 raram
1365 506 1397 537 ὃ(
1409 503 1564 536 eximiam
1575 500 1891 548 praestantimmmihi
1902 498 1997 534 nullo
2012 500 2115 534 modo
2125 500 2200 547 pla-

355 555 565 602 cet-:ideoque
575 554 615 588 ad
626 552 796 586 vitandam
806 550 1058 599 ambiguitatem
1071 563 1192 585 vertere
1204 549 1308 585 malui
1317 550 1510 584 Primordia.
1523 550 1607 583 Non
1618 551 1707 582 enim
1718 549 1756 582 de
1767 546 1842 582 solis
1854 546 2032 595 Apostolis‚
2041 549 2201 594 quemad-

358 606 500 639 modum
511 602 572 639 illi,
595 602 724 636 didrum
734 602 882 649 accipio:
896 599 948 634 sed
957 600 997 634 de
1007 598 1163 634 vniuersis
1174 598 1324 633 fidelibus
1340 622 1349 636 ‚
1361 600 1419 644 qui
1431 600 1465 632 in
1476 598 1540 632 hoc
1550 610 1581 631 m
1587 597 1676 631 undo
1689 595 1828 643 guttulis
1838 596 1993 630 duntaxat
2002 598 2142 643 Spiritus
2152 594 2202 630 as·-

358 652 440 702 persi
451 678 461 693 ‚
473 650 524 685 vel
536 650 622 685 certe
633 662 739 696 quum
762 650 891 696 optime
901 646 1113 696 profecerunt
1124 671 1134 686 ‚
1144 659 1229 683 certa
1242 649 1310 681 eius
1323 644 1473 680 mensura
1483 646 1608 694 praediti
1618 668 1628 683 ‚
1646 645 1664 679 a
1674 644 1924 692 complemento
1944 644 2050 678 adhuc
2061 657 2132 679 non
2143 657 2202 692 pa-

359 714 435 736 rum
457 696 583 733 absunt.
610 699 689 732 Haec
702 699 803 745 igitur
812 696 886 731 sunt
904 695 1068 745 Apostolo
1080 696 1259 743 primordia
1268 694 1319 728 vel
1329 696 1484 742 primitiae
1494 718 1504 732 ,
1523 693 1643 740 quibus
1655 696 1781 740 integer
1801 703 1983 740 prouentus
2004 695 2202 739 opponitur.

358 750 452 784 Nam
461 750 539 794 quia
551 746 706 781 nondum
732 744 940 793 plenitudine
950 745 1065 779 donati
1075 744 1185 778 sumus
1195 767 1205 782 ‚
1223 756 1294 778 non
1306 745 1428 776 mirum
1440 743 1483 776 est
1493 742 1723 789 inquietudine
1735 755 1755 774 n
1762 754 1798 775 os
1813 743 1952 775 moueri.
1969 741 2075 786 Qod
2090 752 2202 775 aurem

358 798 477 845 repetit
515 796 589 828 Nos
608 794 661 843 ipsi
668 818 678 832 ,
698 798 731 829 ὅ(
743 791 913 841 subiungit
950 794 991 826 In
1000 791 1083 827 nobis
1093 793 1176 840 ipsis,
1197 792 1237 826 ad
1248 790 1382 839 epitasin
1394 791 1426 824 id
1446 790 1522 825 facit
1532 813 1541 827 ‚
1560 790 1628 836 quo
1640 791 1804 823 ardentius
1821 786 2012 822 desiderium
2026 791 2200 836 exprimat.

357 846 431 880 Nec
441 842 636 878 desiderium
649 841 751 877 modo
768 844 923 876 nominat
939 864 949 879 ‚
961 839 1012 875 sed
1023 843 1204 888 gemitum:
1225 843 1304 886 quia
1316 838 1370 873 vbi
1383 836 1490 873 sensus
1501 836 1633 873 miseriae
1643 862 1652 875 ‚
1666 837 1734 871 illic
1745 841 1778 871 δέ
1791 839 1946 884 gemitus.
1993 835 2202 885 Adoptionem

356 891 562 942 expeZZanter.
599 891 785 939 Improprie
796 891 932 937 quidem
942 916 952 930 ‚
972 887 1104 923 sednon
1116 887 1181 922 sine
1191 891 1320 936 optima
1332 899 1443 922 tamen
1454 889 1582 921 ratione
1592 886 1728 934 adoptio
1739 885 1792 919 hic
1804 897 1937 919 vocatur
1956 883 2152 919 haereditatis
2161 886 2202 920 ad
2239 907 2243 912 ·

357 954 460 989 quam
471 941 617 988 adoptati
629 937 741 973 sumus
752 938 879 973 fruitio.
905 936 1077 985 Significat
1095 939 1187 972 enim
1201 935 1320 971 Paulus
1342 937 1509 970 decretum
1520 934 1605 969 illud
1616 935 1683 968 Dei
1692 944 1851 967 aeternum
1863 959 1873 973 ‚
1897 945 1965 979 quo
1976 946 2038 967 nos
2051 932 2109 967 sibi
2126 944 2205 968 anoe

357 990 525 1025 mundum
540 989 717 1023 conditum
728 986 827 1034 elegit
840 989 874 1020 in
886 984 984 1023 filios,
996 985 1033 1020 dc
1046 998 1114 1032 quo
1125 984 1223 1020 nobis
1236 997 1292 1032 per
1302 982 1520 1030 Euangelium
1533 984 1664 1017 testatur
1673 1005 1684 1020 ,
1711 986 1745 1016 δε
1758 984 1852 1015 cuius
1862 980 1960 1015 fidem
1976 993 2032 1028 per
2043 983 2205 1029 Spiritum

357 1037 514 1073 cordibus
524 1037 642 1071 nostris
654 1034 815 1082 obsignat,
831 1036 961 1068 irritum
975 1032 1114 1068 forenisi
1124 1045 1210 1068 certa
1219 1033 1255 1067 sit
1270 1031 1426 1080 promissa
1435 1029 1626 1067 resurreetio
1636 1055 1646 1069 ‚
1668 1042 1739 1078 quae
1750 1028 1839 1063 illius
1856 1030 1898 1063 est
1910 1027 2055 1064 effecius.
2089 1032 2206 1077 Qr-
2252 1059 2253 1062 ,

357 1086 431 1121 sum
454 1087 544 1120 enim
556 1086 646 1118 Dens
669 1083 767 1117 nobis
781 1084 824 1117 est
834 1084 929 1116 Pater
941 1108 950 1120 ,
964 1081 1025 1116 nisi
1037 1094 1070 1117 vt
1087 1093 1214 1117 terrena
1223 1082 1488 1128 peregrinatione
1511 1079 1684 1114 defunctos
1697 1101 1706 1115 ‚
1717 1077 1848 1112 caelestis
1859 1091 1921 1112 nos
1932 1077 2097 1112 haereditas
2117 1081 2206 1113 exci-

358 1136 451 1184 piat?
477 1134 602 1169 Eodem
612 1131 733 1180 speet‘at
743 1144 815 1177 quae
827 1142 906 1164 mox
919 1128 1092 1164 subiicitur
1132 1131 1273 1177 Corporis
1290 1126 1465 1175 redemptio.
1491 1129 1544 1162 Sic
1559 1130 1649 1161 enim
1668 1125 1814 1161 solutum
1825 1124 1888 1160 fuit
1898 1126 1916 1160 ὲ
1925 1126 2059 1160 Christo
2076 1127 2207 1161 redem-

359 1185 487 1232 ptionis
498 1183 614 1216 nostrae
631 1183 776 1227 pretium
785 1202 795 1216 ,
810 1190 846 1212 vt
859 1189 970 1212 tamen
981 1190 1072 1211 mors
1081 1177 1189 1211 adhuc
1199 1175 1261 1210 suis
1271 1174 1415 1210 vinculis
1426 1188 1488 1209 nos
1498 1175 1620 1222 ligatos
1630 1185 1737 1210 teneat
1746 1198 1756 1211 ‚
1768 1174 1838 1209 ιιτιὸ
1849 1187 1920 1208 eam
1932 1176 2022 1208 intus
2033 1174 2208 1221 gestemus=
2239 1189 2242 1195 ·

358 1232 445 1266 vnde
457 1229 612 1277 sequitur,
625 1231 722 1262 inane
734 1239 770 1262 ac
780 1224 1026 1261 infructuosum
1037 1225 1108 1260 fore
1119 1227 1237 1260 mortis
1247 1223 1371 1259 Christi
1384 1220 1599 1261 sacrificium,
1617 1223 1677 1258 nisi
1689 1223 1814 1258 fructus
1824 1225 1860 1257 in
1876 1221 1992 1259 caelesti
2014 1226 2208 1259 renouatio·-

360 1291 403 1315 ΠΕ
414 1288 575 1326 appareat·
677 1321 680 1324 .

410 1338 453 1372 24
499 1326 522 1370 ⁴S
545 1336 559 1357 e
571 1326 651 1358 enim
654 1321 764 1369 salui.)
813 1322 892 1358 Alio
902 1332 1101 1371 argumento
1111 1319 1232 1356 Paulus
1243 1321 1512 1356 exhortationem
1532 1318 1623 1356 suam
1634 1317 1808 1356 confirmat
1817 1343 1828 1358 ‚
1849 1322 1928 1367 quia
1938 1317 2062 1356 scilicet
2075 1321 2092 1356 ὲ
2103 1318 2211 1369 specie

361 1377 478 1410 mortis
490 1336 572 1408 Γιιὶὓιιε
584 1374 693 1408 nostra
705 1371 840 1420 separari
852 1382 994 1418 nequeat
1007 1394 1018 1409 ‚
1038 1371 1129 1417 quod
1140 1369 1258 1418 probat
1269 1382 1306 1404 ex
1315 1369 1334 1403 s
1353 1372 1381 1404 ei
1392 1379 1517 1404 natura.
1543 1370 1633 1404 Nam
1644 1381 1750 1416 quum
1764 1367 1831 1417 s'p'es
1841 1369 1880 1402 ad
1890 1381 1939 1404 res
1947 1370 2101 1404 nondum
2112 1382 2212 1406 com-.

359 1434 466 1506 pertas
477 1422 506 1456 se
517 1422 668 1456 extendat
676 1443 686 1459 ‚
701 1425 735 1455 &
753 1434 784 1454 m
790 1420 920 1455 entibus
932 1418 1051 1454 nostris
1069 1427 1178 1453 rerum
1189 1431 1260 1465 quae
1271 1417 1311 1452 ab
1326 1419 1468 1452 conditae
1485 1416 1560 1452 sunt
1570 1430 1607 1452 ac
1616 1416 1734 1466 procul
1743 1428 1878 1452 remotae
1897 1419 2080 1464 imaginem
2092 1430 2212 1465 teptae—

375 1483 477 1508 enter,
489 1469 651 1517 quicquid
661 1469 713 1503 vel
725 1468 834 1517 palam
843 1471 999 1506 cernitur,
1010 1467 1062 1502 vel
1075 1480 1177 1502 manu
1186 1476 1401 1506 tenetur‚non
1413 1467 1520 1514 potest
1531 1464 1657 1514 sperari.
1670 1468 1775 1512 Atqui
1786 1478 1847 1514 pro
1859 1465 2004 1501 confesso
2016 1464 2117 1501 sumit
2125 1468 2212 1504 Pau-
2250 1503 2254 1505 λ

361 1520 413 1554 lus
424 1520 514 1567 quod
528 1520 640 1566 negari
657 1528 727 1552 n'on
739 1518 844 1566 potest
854 1541 863 1555 ‚
875 1517 1024 1564 quandiu
1034 1515 1198 1551 versamur
1209 1518 1244 1549 in
1256 1517 1384 1549 mundo
1396 1538 1404 1551 ‚
1419 1513 1554 1548 salutem
1572 1516 1717 1548 nostram
1730 1517 1766 1548 in
1781 1515 1835 1562 spe
1845 1513 1938 1550 fitam
1949 1527 1957 1548 ε
1968 1515 2055 1549 vnde
2065 1512 2212 1561 sequitur
2235 1519 2249 1530 ·“”

363 1568 466 1615 longe
477 1564 571 1614 supra
585 1563 691 1601 sensus
701 1566 830 1600 nostros
847 1566 934 1613 apud
946 1566 1058 1599 Deum
1070 1561 1130 1598 esse
1141 1562 1326 1612 repositam.
1353 1563 1458 1611 Qod
1470 1563 1552 1597 dicit
1561 1576 1632 1597 non
1641 1561 1700 1597 esse
1710 1560 1798 1610 spem
1809 1560 2094 1610 quae-conspicitur
2103 1586 2115 1601 ‚
2130 1563 2213 1597 dura

390 1617 500 1651 uidem
513 1615 670 1661 loquutio
685 1615 740 1652 est,
751 1612 802 1648 sed
812 1627 883 1660 quae
894 1612 1020 1648 sensum
1034 1615 1079 1647 116
1090 1611 1250 1647 obscurat.
1266 1610 1470 1658 Simpliciter
1480 1613 1571 1645 enim
1587 1611 1704 1645 docere
1715 1609 1800 1648 vult,
1810 1622 1916 1656 quum
1929 1608 1998 1659 spes
2011 1610 2115 1646 futuri
2126 1610 2212 1646 boni
2252 1634 2257 1650 ,ι

362 1630 413 1702 sit,
424 1677 495 1699 non
508 1662 670 1711 praesentis
684 1685 694 1700 ‚
704 1675 782 1697 cum
791 1673 901 1710 aperta
921 1659 1115 1710 poffeffione
1123 1673 1298 1707 nunquam
1309 1658 1368 1694 ess'e
1378 1661 1604 1694 coniunctam.
1638 1661 1724 1705 Ergo
1735 1657 1882 1705 siquibus
1894 1671 1993 1705 graue
2012 1659 2056 1694 est
2066 1662 2215 1707 ingemi-
2252 1667 2258 1691 ἢ

363 1710 461 1754 scere,
474 1712 626 1747 ordinem
638 1713 656 1746 a
666 1713 741 1745 Deo
752 1710 896 1759 positum
908 1721 1057 1745 euertant
1070 1707 1192 1744 necesse
1202 1709 1257 1748 est,
1267 1710 1407 1755 quinon
1419 1709 1508 1759 prius
1519 1705 1595 1741 suos
1606 1709 1646 1741 ad
1655 1709 1865 1754 triumphum
1876 1718 1985 1748 vocat,
1998 1708 2098 1753 quam
2109 1711 2145 1743 in
2156 1720 2214 1743 to-

363 1760 508 1797 lerantiae
518 1759 640 1795 militia
662 1761 850 1794 exercuerit.
876 1760 981 1806 Atqui
995 1770 1072 1793 cum
1090 1759 1165 1792 Deo
1177 1754 1285 1791 visum
1295 1755 1393 1791 fuerit
1416 1755 1553 1789 salutem
1564 1756 1709 1789 nostram
1720 1754 1808 1802 quasi
1829 1757 1863 1788 in
1872 1754 1941 1789 sinu
1954 1754 2063 1790 clauso
2081 1755 2209 1797 fouere,

363 1809 464 1845 nobis
478 1808 607 1857 expedit
618 1810 652 1842 in
664 1819 747 1842 terra
757 1806 904 1842 laborate
913 1833 924 1847 ,
937 1808 1062 1855 premi,
1073 1805 1197 1853 lugere,
1207 1804 1333 1852 affligi,
1344 1805 1416 1839 imo
1429 1806 1533 1838 iacere
1541 1803 1630 1851 quasi
1640 1801 1874 1837 semimortuos
1883 1826 1893 1840 ,
1905 1804 1957 1838 vel
1968 1807 2109 1838 mortuis
2122 1804 2212 1839 simi-

363 1855 421 1893 les.
432 1858 523 1893 Nam
535 1858 594 1904 qui
604 1855 765 1891 visibilem
775 1855 912 1890 salutem
922 1865 1097 1905 appetunt,
1109 1854 1149 1889 ab
1160 1867 1196 1889 ea
1205 1851 1234 1888 se
1243 1853 1409 1894 abdicant,
1418 1851 1487 1901 spei
1495 1855 1722 1887 renuntiantes
1734 1864 1806 1900 quae
1818 1854 1887 1886 eius
1902 1853 2010 1887 custos
2021 1852 2063 1886 est
2071 1854 2213 1888 Diuini-

363 1917 417 1942 tus
435 1907 597 1941 ordinata.

414 1964 448 1999 25
488 1955 522 1987 Si
535 1966 600 2002 ergo
611 1951 695 1999 quod
701 1966 759 1987 non
768 1953 989 2002 conffiicimus.)
1040 1954 1289 2001 Argumentum
1299 1950 1340 1986 ab
1349 1951 1556 1986 antecedenti
1566 1950 1605 1985 ad
1613 1947 1828 1997 consequens:
1846 1946 1925 1997 quia
1933 1948 2024 1998 spem
2033 1947 2213 1985 necessarib
2264 1945 2268 1948 ’

363 2001 395 2039 se
421 2006 511 2038 uitur
522 2004 691 2050 patientia.
707 2002 797 2036 Nam
809 2000 832 2036 fi
842 2000 1020 2036 molestum
1030 2003 1074 2036 est
1082 2002 1176 2036 bono
1185 2013 1291 2035 carere
1304 2000 1398 2047 quod
1409 1998 1581 2034 desideres:
1594 1998 1653 2034 nisi
1663 2001 1822 2047 patientia
1831 2010 1863 2033 te
1873 1997 2026 2033 sustineas
2037 2010 2073 2033 ac
2085 1996 2211 2041 soleris,

363 2016 587 2134 deisperatione
597 2050 752 2085 concidas
763 2061 906 2098 oportet.
916 2048 985 2098 spes
996 2062 1076 2098 ergo
1085 2051 1281 2098 patientiam
1293 2047 1418 2096 semper
1426 2047 1535 2083 secum
1545 2048 1655 2082 trahit.
1667 2051 1714 2081 lta
1724 2048 1770 2081 est
1776 2045 1938 2095 aptiffima
1947 2046 2067 2082 conclu
2073 2045 2210 2085 sio‚eua—

365 2114 407 2136 ne

364 2147 512 2193 ferendo,
523 2160 586 2196 prae
603 2158 712 2181 entem
723 2158 827 2181 Vitam
837 2145 1064 2194 transigamus,
1089 2147 1123 2181 Si
1138 2149 1230 2181 enim
1245 2148 1313 2180 vita
1323 2144 1498 2180 inuisibilis
1508 2146 1552 2179 est
1561 2171 1572 2185 ,
1584 2155 1727 2179 mortem
1738 2155 1871 2192 oportet
1880 2144 2000 2179 habere
2011 2156 2074 2192 prae
2085 2144 2211 2179 oculis:

315 2231 320 2237 ,
363 2196 387 2232 si
407 2195 582 2232 inuisibilis
596 2193 720 2242 gloria,
745 2207 824 2243 ergo
836 2193 972 2243 praesens
997 2196 1198 2243 ignominia.
1226 2193 1374 2241 Itaquesi
1394 2196 1442 2228 vis
1452 2196 1565 2242 paucis
1583 2191 1764 2241 complesti
1783 2203 1894 2228 totum
1905 2193 1996 2227 hunc
2016 2193 2129 2226 locum
2142 2216 2152 2230 ,
2174 2195 2212 2227 in
2264 2194 2268 2201 ¹

325 2243 334 2271 ³·
364 2242 451 2280 hanc
461 2243 604 2279 formam
624 2254 818 2290 argumenta
826 2242 919 2277 Pauli
929 2244 1055 2291 digeras
1068 2267 1078 2283 ‚
1091 2244 1157 2277 Piis
1177 2236 1337 2277 omnibus
1348 2240 1430 2276 salus
1440 2255 1475 2276 in
1487 2241 1540 2289 spe
1550 2242 1593 2276 est
1602 2240 1758 2289 reposita:
1770 2244 1944 2290 proprium
1955 2239 2021 2288 spei
2034 2241 2077 2274 est
2086 2264 2096 2277 ‚
2116 2240 2208 2275 futu·-

364 2295 408 2328 ris
425 2296 459 2328 &
471 2289 658 2327 absentibus
676 2291 776 2326 bonis
786 2294 948 2326 intentam
961 2291 1038 2325 effe:
1059 2303 1138 2339 ergo
1149 2290 1230 2325 salus
1241 2289 1389 2325 fidelium
1411 2291 1454 2325 est
1464 2288 1663 2324 abscondita.
1690 2292 1757 2324 Iam
1777 2288 1846 2338 spes
1856 2288 1991 2324 nonnisi
2002 2301 2057 2336 per
2079 2291 2210 2336 patien-

338 2352 341 2356 ’
362 2344 446 2377 tiam
466 2339 658 2375 sustinetur:
684 2352 763 2387 ergo
772 2353 843 2374 non
869 2338 1119 2374 consummatur
1135 2337 1217 2374 salus
1228 2338 1375 2373 fidelium
1387 2337 1446 2374 nisi
1457 2340 1624 2386 patientia.
1652 2338 1755 2371 Porro
1769 2337 1927 2372 habemus
1945 2338 2001 2372 hic
2020 2336 2207 2372 notabilem

263 2396 270 2408 ⁸
307 2399 325 2419 '—
363 2389 480 2425 locum
489 2414 498 2426 ,
509 2388 603 2435 quod
612 2389 769 2436 patientia
787 2387 825 2422 sit
835 2388 1008 2422 indiuidua
1017 2387 1094 2422 fidei
1103 2390 1325 2422 comes.cuius
1336 2390 1382 2421 rei
1392 2390 1425 2421 in
1438 2398 1597 2434 promptu
1609 2386 1651 2420 est
1665 2388 1749 2420 ratio
1760 2409 1769 2422 ‚
1783 2389 1861 2432 quia
1869 2387 1951 2420 dum
1963 2385 2111 2420 melioris
2123 2397 2208 2420 con-

363 2438 502 2473 ditionis
523 2435 576 2485 spe
587 2449 649 2471 nos
659 2434 871 2471 consolamur
880 2460 890 2474 ‚
905 2434 1069 2471 mollescit
1079 2448 1116 2471 ac
1127 2438 1300 2484 mitigatur
1310 2434 1520 2483 praesentium
1531 2434 1735 2469 miseriarum
1749 2431 1856 2469 sensus
1866 2457 1876 2472 ‚
1897 2448 1938 2469 ne
1949 2433 2011 2469 sint
2021 2430 2103 2468 adeo
2122 2433 2209 2469 tole-

282 2484 291 2496 '
318 2490 330 2505 ‘¹
364 2484 608 2522 tatudifficiles.

446 2545 488 2581 26
544 2536 795 2581 similitersverb
809 2541 949 2594 Spin‘tus
967 2543 1072 2580 etiam
1081 2541 1298 2597 coopitulatur
1311 2537 1568 2592 infirmitatibus
1574 2537 1708 2589 nostris.
1728 2554 1799 2579 non
1809 2542 1902 2579 enim
1913 2538 2003 2594 quid
2018 2514 2149 2577 o‘raturi
2155 2537 2206 2593 fi-

316 2598 328 2609 “
363 2614 440 2639 mue
451 2595 739 2653 quemadmodum
748 2605 880 2652 oportet
889 2623 899 2642 ,
916 2600 1094 2637 nouimus:
1113 2595 1241 2637 verimi
1258 2600 1402 2654 Spiritus
1424 2596 1491 2652 ipse
1505 2595 1688 2636 intercedit
1694 2607 1757 2652 pro
1766 2592 2047 2651 nobis-gemitibus
2067 2597 2207 2633 inenar-

363 2652 532 2694 rabilibus.
1991 2658 1996 2664 ’
2158 2680 2161 2683 »

363 2765 395 2821 s
421 2724 470 2761 27
526 2711 603 2763 Qi
613 2706 694 2749 verb
699 2706 976 2764 firutatur'corda
988 2738 997 2756 ‚
1008 2711 1108 2749 nouit
1115 2712 1349 2765 cogitationem
1359 2710 1502 2764 Spiritus
1512 2737 1522 2756 ‚
1551 2705 1831 2764 quod-(beandum
1841 2715 1956 2748 Deum
1963 2705 2139 2749 intercedit
2142 2717 2205 2763 pro

383 2769 507 2807 anelis.

426 2825 467 2857 26
503 2821 651 2855 Similiter
658 2815 728 2854 verb
738 2823 891 2869 Spiritus.)
933 2822 988 2856 Ne
1000 2824 1187 2875 exciperent
1201 2818 1354 2858 fideles‚se
1366 2823 1471 2869 magis
1483 2818 1533 2855 ess
1528 2835 1543 2855 e
1554 2819 1741 2855 imbecillos
1753 2820 1856 2866 quain
1867 2830 1902 2854 vt
1912 2818 2051 2854 ferendis
2062 2829 2114 2853 tot
2127 2831 2164 2854 ac
2173 2820 2208 2854 tii
2225 2841 2233 2849 ·

367 2869 457 2905 duris
467 2868 623 2904 oneribus
635 2881 725 2916 pares
737 2867 848 2910 essent,
858 2872 997 2918 Spiritus
1008 2869 1184 2905 subsidium
1196 2869 1262 2905 illis
1273 2873 1435 2918 proponit
1444 2869 1536 2916 quod
1546 2870 1584 2903 ad
1595 2867 1788 2916 superandas
1799 2881 1916 2902 omnes
1927 2865 2137 2902 difficultates
2146 2866 2206 2902 ab-
2242 2876 2253 2911 ‘j

367 2918 457 2953 unde
473 2915 689 2952 sufficit.Non
702 2917 746 2956 est
755 2930 834 2965 ergo
844 2930 902 2952 cur
915 2916 1090 2966 quisquam
1101 2929 1255 2965 queratur
1265 2921 1372 2953 crucis
1381 2917 1590 2952 tolerantiam
1604 2915 1698 2964 supra
1708 2914 1778 2950 suas
1790 2919 1872 2950 vires
1882 2914 1953 2952 effe,
1966 2916 2100 2961 quando
2111 2915 2206 2950 caele-

370 2964 407 3001 sti
419 2969 540 3001 virtute
552 2965 758 3000 roboramur.
780 2969 819 3000 Et
830 2979 951 3014 magna
959 2968 1003 3001 est
1013 2969 1060 3001 vis
1070 2967 1172 3010 Greci
1181 2966 1270 3001 verbi
1280 2969 1581 3006 συναντιλαμβρινέθαι,
1592 2965 1683 3011 quod
1692 2962 1814 2999 scilicet
1824 2975 1929 3011 partes
1939 2966 2048 2998 oneris
2059 2976 2129 3010 quo
2138 2976 2204 2997 no-
2248 2959 2255 2982 ³·

368 3012 431 3049 stra
439 3013 613 3050 infirmitas
625 3024 788 3062 gratiatur,
797 3013 875 3048 adse
884 3016 1045 3063 recipiens
1056 3017 1280 3063 Spiritus‚non
1291 3015 1393 3049 modo
1404 3013 1580 3048 auxiliatur
1589 3012 1687 3047 nobis
1699 3016 1734 3046 Sc
1749 3010 1918 3052 succurrit,
1933 3009 1984 3046 scd
1994 3012 2129 3059 perinde
2139 3024 2204 3047 nos

368 3060 528 3099 subleuat,
543 3060 604 3096 acsi
614 3060 681 3110 ipse
689 3059 863 3097 nobiscum
875 3076 961 3097 onus
972 3060 1103 3097 subiret.
1141 3065 1180 3097 Et
1191 3065 1226 3097 in
1237 3075 1319 3097 voce
1327 3061 1550 3102 Infirmitates‚
1562 3056 1696 3110 pluralis
1708 3072 1866 3094 numerus
1876 3056 1965 3093 stiam
1978 3058 2075 3093 habet
2084 3056 2204 3101 αὔξησιν.

369 3123 448 3145 nam
457 3113 535 3158 quia
545 3113 745 3158 experientia
754 3109 968 3148 ostendit‚nisi
977 3112 1042 3145 Dei
1052 3124 1153 3145 manu
1163 3110 1543 3148 fulciamur‚innumeras
1552 3121 1662 3143 ruinas
1673 3110 1825 3155 protinus
1836 3107 2004 3142 instare:ad
2010 3119 2065 3140 mo
2072 3119 2126 3142 net
2136 3110 2203 3144 Pau
2255 3113 2259 3117 “

370 3156 433 3195 lus,
449 3157 572 3193 etiamsi
584 3161 680 3194 omni
691 3171 729 3192 ex
738 3169 828 3206 parte
842 3157 942 3193 simus
951 3158 1087 3197 debiles,
1102 3171 1138 3193 ac
1147 3161 1243 3193 variae
1254 3157 1461 3193 infirmitates
1472 3154 1598 3207 lapsum
1608 3156 1706 3191 nobis
1717 3158 1898 3192 minentur,
1909 3152 1982 3188 satis
1993 3153 2063 3188 fore
2071 3155 2205 3203 presidii

372 3207 408 3239 in
421 3207 486 3239 Dei
496 3209 674 3253 Spiritu‚ne
682 3219 832 3253 vnquam
843 3205 1088 3244 labefaetemur,
1100 3205 1155 3241 vel
1163 3206 1228 3240 vlla
1236 3206 1404 3242 malorum
1415 3209 1586 3254 congeries
1596 3218 1658 3239 nos
1669 3203 1800 3238 obruat.
1821 3201 1987 3237 Caetertun
2000 3203 2050 3237 hae
2063 3206 2205 3252 Spiritus

371 3254 525 3300 suppetiae
535 3257 653 3289 certius
665 3268 727 3289 nos
737 3255 858 3290 docent
867 3256 931 3289 Dei
941 3254 1151 3289 ordinatione
1160 3253 1202 3289 sic
1212 3253 1281 3289 fieri
1290 3281 1300 3295 ,
1317 3266 1353 3288 vt
1367 3267 1423 3302 per
1435 3256 1578 3302 gemitus
1590 3257 1622 3287 &
1633 3251 1767 3299 suspiria
1774 3252 1814 3285 ad
1821 3251 2087 3298 redemptionem
2097 3254 2206 3288 nostra

371 3302 546 3336 enitamur.
594 3303 635 3336 N
637 3316 673 3336 on
684 3305 763 3337 enim
772 3301 848 3348 quid
858 3306 980 3336 oraturi.
1025 3303 1128 3350 Supra
1137 3303 1177 3336 de
1186 3303 1325 3349 Spiritus
1337 3304 1530 3337 testimonio
1540 3301 1699 3347 loquutus
1711 3298 1823 3337 fuerat,
1830 3312 1899 3345 quo
1909 3300 2020 3334 Deum
2029 3301 2206 3347 cognosci-

369 3360 445 3383 mus
455 3347 552 3384 nobis
564 3349 622 3385 effe
631 3352 757 3386 Patrem
768 3374 779 3391 ‚
803 3355 837 3387 &
849 3363 919 3398 quo
929 3350 1022 3389 freti,
1036 3351 1194 3387 audemus
1206 3360 1242 3385 vt
1251 3360 1379 3398 patrem
1389 3353 1562 3387 inuocare:
1586 3360 1676 3385 nunc
1686 3345 1867 3383 secundum
1881 3347 1962 3383 istud
1975 3350 2204 3384 inuocationis

2015 3395 2206 3435 membrum

422 2112 492 2135 cere
504 2101 581 2146 quic
608 2099 664 2132 uid
673 2097 896 2146 Euangelium
907 2098 946 2133 de
955 2096 1317 2146 resurre&ionisgloria
1325 2099 1496 2145 promittit
1506 2120 1517 2134 ‚
1538 2095 1599 2131 nisi
1608 2107 1738 2130 crucem
1751 2099 1785 2131 ὃς
1803 2095 2035 2130 tribulationes
2046 2097 2210 2142 patienter
2250 2101 2268 2143 ’ζ
