2268 3705
606 75 714 124 AD
761 75 1120 125 TiMoTH-
1167 81 1336 128 CAP-
1384 73 1446 131 v:
1794 77 1927 146 ‘399

89 149 346 187 destinabantur:
354 146 407 184 sed
415 158 450 182 vt
461 146 662 196 pauperibus
674 151 709 183 δε
719 151 849 195 aegtotis
859 150 1203 191 ministrarent,donee
1212 152 1338 187 viribus
1348 152 1654 206 ,ideonunquam
1665 166 1809 201 emeritae
1818 169 1929 215 quies-

93 210 215 236 cerent.
235 201 348 244 ltaque
360 207 395 231 vt
404 197 444 230 ad
456 194 645 230 obeundam
664 195 877 232 funetionem
888 197 949 232 sint
959 201 1122 246 aptiores,
1135 202 1171 235 in
1182 197 1304 236 officiis
1315 201 1476 237 omnibus
1495 217 1568 252 quae
1582 207 1657 244 sunt
1667 211 1759 248 illius
1778 222 1911 264 propria

91 249 199 294 longo
209 244 266 283 vsu
277 247 463 280 exercitatas
474 243 534 279 ess'e
545 242 627 279 vult:
639 243 750 291 qualia
760 243 834 280 sunt
844 245 937 280 labor
948 250 981 281 δι
993 246 1145 283 sedulitas
1157 250 1191 284 in
1200 247 1312 284 liberis
1323 250 1500 286 educandis
1508 276 1519 291 ,
1536 253 1743 303 hospitalitas
1752 285 1762 300 ‚
1775 244 1926 301 ministe:

90 299 138 330 ria
147 306 223 343 erga
233 305 390 342 pauperes
401 315 412 329 ‚
424 297 457 327 δ(
468 291 594 339 reliqua
611 291 837 329 beneficentiae
848 306 958 342 opera.
980 296 1091 342 Siquis
1101 296 1156 332 hic
1168 299 1349 347 interroget
1359 321 1370 336 ‚
1384 299 1515 349 Ergone
1526 305 1786 350 repudiabuntur
1802 325 1923 350 omnes

92 344 225 379 steriles.
237 344 315 388 quia
323 339 436 375 nullos
452 353 598 387 vnquam
609 340 731 376 liberos
744 341 1225 392 sustulerint2rcspondend1=m
1234 369 1246 384 ‚
1259 359 1330 382 non
1341 347 1541 383 sterilitatem
1552 350 1607 387 hic
1618 354 1795 393 damnaria
1803 361 1920 401 Paulo,

87 391 141 427 scd
151 401 292 426 matrum
304 387 437 423 delicias
459 412 469 426 ,
481 401 553 436 quae
565 387 686 424 sobolis
696 389 818 426 alendae
828 391 920 425 taedia
930 392 1085 427 deuorare
1095 394 1175 428 dum
1184 393 1344 433 recusant,
1354 396 1426 431 satis
1436 398 1617 435 ostendunt
1625 401 1655 436 se
1667 405 1778 440 minus
1788 407 1922 444 officio-

88 438 135 475 sas
146 438 215 474 fore
225 449 300 484 erga
309 449 491 472 extraneos.
516 438 558 472 Et
570 436 666 472 simul
676 438 760 473 hanc
773 440 835 486 piis
845 442 1006 474 matronis
1016 442 1230 477 honorariam
1242 445 1425 479 mercedem
1436 450 1609 495 proponit,
1620 462 1693 498 quae
1703 452 1762 488 sibi
1775 468 1844 490 non
1861 470 1922 504 pe-

88 488 268 536 percerint:
288 497 322 521 vt
334 483 472 520 viciffim
482 497 555 521 aetas
568 498 679 521 earum
692 485 800 521 senilis
819 486 965 523 Ecclefiae
975 492 1105 536 gremio
1115 488 1258 526 fouenda
1269 494 1459 540 excipiatur.
1485 496 1544 530 Per
1568 498 1710 533 lotionem
1716 500 1831 549 pedum
1840 526 1851 542 ,
1869 505 1921 551 sy-

85 533 304 571 necdochico‘is
321 532 482 581 obsequia
491 532 650 582 intelligit
662 547 734 581 quae
745 534 862 570 sanctis
875 536 1012 583 praestari
1022 534 1138 572 solent.
1151 541 1254 574 moris
1263 542 1354 574 enirn
1367 552 1449 576 tunc
1460 554 1527 577 erat
1537 545 1633 592 pedes
1645 546 1765 584 lauare.
1778 552 1855 587 Hoc
1865 553 1920 587 of-

85 583 153 619 ficii
174 594 279 631 genus
292 584 326 617 in
337 581 478 631 speciem
497 581 662 617 sordidum
676 587 708 617 δε
722 585 826 632 prope
846 583 961 618 seruile
972 587 1075 620 videri
1086 598 1234 634 poterat:
1258 589 1440 635 itaquehac
1449 591 1537 638 quali
1549 605 1629 629 nota
1639 594 1776 645 insignit
1795 600 1919 637 {edulag

84 637 119 669 &
133 630 274 667 minime
292 630 445 666 delicatas
454 642 509 665 aut
521 630 640 665 molles
650 630 816 666 foeminas.
837 633 940 679 Qod
951 635 1104 681 proxime
1116 632 1262 682 sequitur
1271 661 1282 676 ‚
1292 637 1332 670 ad
1341 636 1570 676 liberalitatem
1583 647 1736 690 pertinet.
1767 649 1879 695 Atque
1889 652 1919 684 i-

78 681 158 716 dem
176 679 343 728 postremi>
355 679 537 728 generalius
549 682 723 727 exprimit,
751 693 855 727 quum
868 682 949 716 dicit
967 684 1003 716 Si
1012 680 1125 717 inbono
1136 685 1293 733 operefiu't
1302 682 1430 728 assidua.
1480 687 1570 724 Nam
1581 691 1637 726 hic
1647 692 1687 727 de
1697 693 1918 734 beneficentia

84 730 119 766 lo
147 732 246 764 uitur.
296 750 298 753 .

123 742 157 812 ‘ir
207 779 345 814 iuniores
354 776 467 812 viduas
477 778 590 818 reiice.)
641 777 724 812 Non
736 779 827 815 iubet
839 781 1122 814 excommunicari
1133 778 1174 814 ab
1184 779 1340 820 Ecclefia,
1354 794 1412 819 aut
1421 782 1531 831 aliqua
1540 787 1730 833 ignominia
1739 794 1917 831 notatis&

79 826 210 862 tantum
220 828 255 861 in
267 825 327 861 illo
338 825 478 864 honore,
489 828 584 861 cuius
598 824 692 873 supra
704 829 869 864 meminit,
880 829 1115 875 impertiendo,
1125 827 1308 864 habendam
1325 829 1385 865 effe
1394 844 1507 867 earum
1519 837 1682 872 rationem
1694 844 1917 890 neganQni

79 874 102 910 fi
114 876 181 909 Dei
191 876 333 923 Spiritus
344 886 400 923 per
409 887 447 909 os
457 874 551 909 Pauli
561 875 735 910 mulierem
748 873 876 910 nullam
893 874 1096 924 sexagenaria
1107 879 1274 912 minorem
1285 901 1294 917 ,
1307 880 1424 914 ordine
1435 879 1497 916 illo
1510 882 1644 930 dignam
1657 886 1715 920 effe
1730 895 1913 936 pronutiat‚

79 923 174 970 qubd
185 925 219 959 iu
230 922 287 958 illa
296 935 389 959 aetate
399 921 601 972 periculosus
611 922 647 956 sit
656 923 832 958 caelibatus:
844 925 938 959 cuius
948 925 1089 961 audaciae
1098 923 1179 966 fuit,
1210 925 1317 974 legem
1329 932 1480 977 perpetui
1489 930 1656 968 caelibatus
1677 936 1865 975 iuuenculis
1877 943 1915 977 in

69 976 210 1007 summo
220 974 322 1006 aetatis
331 970 460 1006 feruore
469 969 581 1021 postea
594 974 767 1022 imponere
779 979 788 1005 Ξ
815 972 898 1006 Non
907 972 1055 1008 admittit
1066 977 1205 1021 inquam
1215 974 1400 1011 caelibatum
1412 977 1532 1012 Paulus
1541 1001 1553 1017 ‚
1565 979 1625 1015 nifi
1637 983 1671 1017 in
1683 994 1775 1019 :etate
1787 989 1851 1022 iam
1865 989 1915 1024 ef-

75 1019 168 1062 foeta‚
187 1023 222 1055 ὃ(
234 1032 306 1067 quae
319 1018 507 1067 periculum
527 1033 631 1056 omne
641 1022 896 1055 incontinentiae
906 1023 970 1055 iam
983 1020 1090 1056 euasit.
1104 1024 1139 1056 in
1149 1021 1296 1058 velandis
1308 1025 1494 1074 virginibus
1503 1027 1543 1061 ad
1551 1030 1768 1079 quadraginta
1795 1035 1915 1073 deinde

75 1081 182 1107 anuos
193 1078 332 1103 ventum
342 1066 399 1109 est,
408 1068 520 1117 postea
531 1069 570 1104 ad
580 1070 726 1118 triginta.
736 1069 870 1103 tandem
883 1068 1071 1116 promiscue
1081 1069 1148 1105 fine
1157 1070 1223 1105 vlla
1233 1076 1429 1121 exceptione
1437 1076 1662 1114 aetatis,velare
1673 1093 1792 1116 omnes
1801 1095 1915 1132 coepe..

72 1127 162 1152 runt.
171 1116 372 1152 Obtendunt
380 1118 628 1152 continentiam
639 1115 824 1164 virginibus
835 1129 907 1163 quae
917 1127 1091 1164 nunquam
1103 1121 1212 1153 virum
1223 1132 1360 1168 expertae
1369 1121 1568 1164 sunt,mult0
1579 1123 1727 1163 faciliore
1737 1129 1798 1164 effe
1809 1135 1913 1179 quam

71 1165 191 1200 viduis.
209 1165 270 1200 Sed
281 1177 352 1200 non
371 1161 518 1201 efficient
528 1167 611 1214 quin
621 1165 809 1200 timendum
834 1165 872 1199 fit
881 1166 1067 1214 periculum
1080 1168 1171 1214 quod
1181 1166 1236 1202 hic
1246 1168 1366 1204 Paulus
1375 1182 1468 1206 cauet
1476 1195 1486 1210 ,
1498 1184 1535 1207 ac
1546 1176 1732 1212 cauendum
1747 1183 1912 1229 ptaecipit.

72 1214 215 1250 Temere
225 1216 350 1261 itaque,
360 1212 510 1260 adeoque
520 1214 694 1249 crudeliter
704 1212 860 1260 laqueum
872 1216 1030 1250 iniiciunt
1041 1218 1160 1250 teneris
1173 1216 1279 1251 adhuc
1290 1217 1421 1265 puellis,
1433 1231 1505 1266 quae
1515 1225 1679 1271 coniugio
1689 1223 1808 1262 futurae
1819 1241 1913 1266 erant

29 1281 32 1285 Δ
71 1264 227 1310 aptiores.
274 1262 382 1310 Qum
389 1265 468 1296 em'm
479 1263 628 1308 last-inire.
680 1259 843 1298 Lasciuire
854 1274 905 1296 eas
912 1260 1062 1297 aduersus
1074 1264 1245 1298 Christum
1257 1266 1338 1300 dicit
1355 1288 1366 1303 ‚
1378 1280 1451 1313 quae
1461 1270 1668 1306 conditionis
1679 1274 1718 1307 ad
1736 1287 1835 1322 quam
1848 1291 1911 1314 vo-

72 1321 150 1346 catae
161 1308 246 1348 sunt,
263 1310 376 1346 oblitae
384 1310 521 1346 hilarius
531 1312 632 1359 quam
644 1311 736 1345 decet
745 1309 899 1344 exultant.
909 1309 1102 1346 Debuerant
1114 1314 1206 1346 enim
1224 1311 1254 1347 se
1264 1316 1436 1349 continere
1446 1313 1503 1351 sub
1515 1320 1679 1355 modestiae
1689 1324 1822 1370 iugo,vt
1835 1338 1910 1361 οη..

71 1358 172 1394 uibus
184 1362 347 1394 matronis
358 1360 498 1407 dignum
510 1360 565 1395 est.
575 1359 715 1393 Proinde
724 1357 861 1394 mollior
874 1362 906 1393 δέ
918 1355 986 1394 solu
992 1361 1057 1393 tior
1066 1361 1145 1397 vita,
1157 1359 1246 1406 quafi
1255 1359 1388 1396 lasciuia
1397 1364 1441 1398 est
1450 1364 1602 1400 aduersus
1616 1354 1857 1414 Christum‚cu⁰i
1868 1373 1911 1409 fi-

69 1407 147 1442 dem
158 1406 248 1442 suam
259 1407 510 1443 obstrinxerant.
522 1409 697 1453 Qoniam
706 1405 835 1453 aliquot
845 1405 1008 1440 eiusmodi
1017 1419 1054 1440 ex
1077 1407 1167 1455 mpla
1176 1408 1301 1444 viderat
1310 1410 1429 1446 Paulus
1437 1433 1449 1449 ‚
1477 1413 1622 1460 generali
1631 1419 1778 1454 remedio
1788 1433 1909 1457 occur..

67 1457 130 1491 rit:
141 1468 251 1503 nequa
263 1458 440 1505 recipiatur
457 1468 558 1502 quam
569 1457 670 1490 aetatis
690 1457 773 1488 ratio
785 1467 931 1501 vnquam
943 1452 1051 1489 solicit
1072 1457 1105 1489 re
1117 1453 1216 1503 poffit
1225 1458 1265 1491 ad
1276 1457 1425 1493 nubendi
1435 1464 1633 1508 appetitum.
1651 1466 1748 1511 Qot
1759 1466 1907 1516 flagitio·
1933 1468 1935 1470 ’

67 1516 145 1539 rum
165 1504 311 1539 monstra
321 1504 473 1551 quotidie
484 1506 520 1539 in
531 1505 655 1553 Papatu
666 1505 800 1538 coaetus
810 1501 866 1537 ille
876 1504 1076 1538 monialium
1088 1503 1254 1540 caelibatus
1263 1509 1372 1553 parit?
1383 1519 1456 1554 quae
1468 1510 1605 1544 claustra
1614 1524 1685 1547 non
1696 1514 1853 1565 refringit'
1863 1518 1907 1553 Η..

66 1551 169 1588 bido?
185 1555 272 1601 Ergo
283 1550 408 1587 etiamst
425 1564 473 1588 tes
483 1553 582 1587 initio
617 1549 777 1586 lacuiss'et:
791 1561 843 1585 tot
852 1561 964 1587 tamen
974 1563 1072 1598 atque
1083 1563 1150 1587 tam
1162 1553 1318 1601 grauibus
1329 1559 1562 1603 experimentis
1572 1559 1681 1595 edocti
1693 1587 1704 1602 ,
1724 1562 1906 1610 aliquando

65 1600 162 1636 Pauli
172 1600 314 1638 consilio
323 1600 550 1649 obtemperare
560 1599 599 1634 de
625 1610 749 1634 uetant.
770 1601 875 1647 Atqui
884 1599 951 1634 hoc
961 1601 1042 1635 adeo
1055 1613 1126 1635 non
1136 1600 1275 1643 faciunt,
1286 1614 1321 1637 vt
1336 1605 1372 1638 in
1381 1604 1449 1639 dies
1462 1609 1568 1654 magis
1579 1619 1616 1642 ac
1631 1612 1735 1658 magis
1746 1613 1827 1647 iram
1839 1615 1905 1651 Dei

67 1647 124 1685 sua
134 1648 358 1685 obstinatione
369 1645 649 1697 prouocent.'Nec
661 1648 701 1682 de
711 1646 787 1682 solis
796 1647 1005 1683 Monialibus
1014 1647 1190 1696 loquorzad
1202 1662 1402 1699 perpetuum
1418 1652 1604 1690 caelibaturn
1616 1658 1804 1696 Sacerdotes
1814 1675 1906 1710 quo-

64 1711 133 1747 que
143 1701 178 1733 δι
190 1697 378 1733 Monachos
388 1707 526 1745 cogunt.
545 1695 718 1733 Ebulliunt
728 1698 852 1731 interea
870 1695 963 1731 foedae
972 1695 1127 1732 libidines
1139 1720 1151 1736 ,
1159 1709 1196 1734 vt
1204 1701 1262 1734 vix
1270 1700 1419 1735 decimus
1429 1700 1570 1751 quisque
1578 1705 1661 1740 caste
1672 1705 1702 1740 se
1711 1706 1842 1744 habeat.
1863 1713 1904 1747 In

64 1747 273 1782 monasteriis
295 1756 406 1781 autern
418 1747 600 1781 minimum
610 1744 776 1781 malorum
787 1745 831 1779 est
840 1744 984 1793 vulgaris
993 1742 1159 1780 scortatio.
1189 1746 1346 1782 SiDeum
1357 1761 1415 1798 per
1424 1762 1462 1784 os
1472 1751 1565 1785 Pauli
1574 1751 1654 1800 loqu
1660 1766 1770 1791 entem
1789 1759 1903 1795 audire

63 1797 101 1830 in
111 1797 263 1830 animum
273 1795 478 1833 inducerent,
486 1805 567 1830 mox
576 1791 797 1841 confugerent
805 1793 846 1828 ad
854 1793 920 1828 hoc
929 1794 1111 1828 remedium
1122 1795 1216 1843 quod
1224 1794 1410 1844 praescribit.
1421 1799 1473 1832 sed
1483 1810 1573 1837 tanta
1581 1802 1626 1837 est
1637 1798 1838 1850 superbia-,vt
1846 1806 1902 1842 fu..

63 1842 149 1877 riose
157 1841 393 1891 persequantur
402 1845 598 1890 quicunque
607 1842 673 1878 huc
683 1854 739 1876 eos
749 1852 918 1877 reuocant.
935 1840 1054 1888 Aliqui
1064 1842 1260 1893 particulam
1281 1844 1441 1889 Aduerfiss
1451 1846 1610 1892 Christum,
1622 1854 1810 1900 coniugum
1821 1867 1902 1892 cum

63 1891 166 1926 verbo
175 1892 217 1925 N
217 1890 343 1926 ubendi.
352 1891 445 1939 quod
456 1890 582 1926 tametsi
593 1890 632 1925 ad
642 1889 735 1925 Pauli
748 1901 894 1925 mentem
907 1902 978 1924 non
990 1889 1136 1926 multum
1147 1890 1254 1929 refert:
1263 1896 1355 1944 prior
1364 1905 1476 1930 tamen
1487 1894 1594 1932 sensus
1605 1899 1649 1934 est
1658 1901 1880 1948 probabilior.

110 1951 144 1975 υ.
201 1938 368 1975 Habentes
377 1938 677 1984 condemnationem.)
725 1937 856 1974 Habere
872 1938 1123 1974 damnationem
1141 1939 1247 1987 aliqui
1257 1954 1430 1989 exponunt
1447 1945 1752 1992 Reprehenfionem
1764 1955 1897 1988 mereri.

58 1988 136 2037 Ego
145 1998 256 2024 tamen
264 1987 405 2024 seuerius
417 1988 546 2024 dietum
555 1989 698 2036 accipio,
709 1997 744 2024 vt
757 1998 884 2025 aeternae
896 1989 1013 2021 mortis
1022 1987 1238 2023 damnatione
1247 2002 1299 2023 eas
1313 1999 1429 2027 terreat
1438 1992 1568 2027 Paulus:
1581 1992 1643 2028 acfi
1652 1994 1719 2032 hoc
1727 1996 1835 2045 ipsum
1844 2012 1898 2035 re-

60 2036 289 2086 prehenderet,
299 2039 458 2071 eximium
468 2034 565 2071 illum
575 2037 727 2070 ordinem
738 2037 797 2081 qui
807 2037 945 2083 propius
957 2035 1093 2071 Christo
1102 2038 1196 2070 vnire
1204 2036 1376 2077 debuerat,
1404 2038 1470 2074 illis
1481 2041 1708 2085 damnationis
1720 2045 1780 2081 effe
1790 2059 1897 2083 mate-

57 2087 154 2120 riam.
165 2086 207 2120 Et
215 2086 300 2120 tatio
307 2085 449 2122 additur,
459 2085 564 2131 quiait
575 2082 636 2118 fide
646 2085 691 2117 Ba
717 2082 807 2118 tismi
816 2086 852 2117 &
863 2081 1116 2117 christianismo
1128 2081 1258 2132 prorsus
1269 2084 1433 2122 deficiant.
1443 2090 1520 2123 Scio
1531 2089 1571 2125 ab
1581 2089 1653 2125 aliis
1664 2091 1753 2129 secus
1765 2092 1894 2131 intelliss-

57 2136 104 2181 gi,
114 2146 236 2182 nempe
247 2132 339 2180 quod
349 2131 462 2168 fallant
471 2132 579 2168 datam
589 2095 736 2167 Ecclesia:
746 2129 857 2171 fidem,
867 2130 1037 2168 nubendo:
1051 2144 1157 2178 quum
1168 2135 1259 2180 ptius
1270 2132 1370 2170 essent
1379 2135 1537 2182 pollicitae
1550 2137 1580 2172 se
1587 2140 1627 2174 ad
1639 2152 1781 2176 mortem
1793 2142 1894 2191 vsque

56 2180 185 2217 caelibes
196 2183 348 2217 vidturas:
360 2181 451 2228 quod
460 2182 564 2216 nimis
573 2181 618 2216 est
627 2179 796 2227 frigidum.
806 2179 924 2213 deinde
933 2192 992 2216 cut
1000 2191 1132 2215 vocaret
1137 2183 1272 2229 primam
1274 2182 1371 2229 fidem
1383 2189 1398 2217 ?
1417 2184 1654 2222 Vehementius
1663 2190 1774 2236 itaque
1783 2191 1892 2227 insur-

56 2232 107 2277 git
117 2228 248 2268 Paulus,
261 2233 295 2264 δε
305 2227 382 2264 mali
398 2230 596 2277 grauitatem
607 2226 799 2276 amplificat,
810 2226 900 2271 qubd
912 2241 982 2266 non
989 2229 1118 2263 tantum
1129 2231 1320 2276 ignominia
1331 2231 1502 2269 Christum
1516 2239 1550 2270 ὅ(
1563 2236 1736 2272 Ecclefiam
1747 2238 1892 2276 afficeret

56 2277 228 2313 resiliendo
238 2279 256 2312 a
265 2276 408 2326 suscepta
418 2277 625 2315 conditione,
642 2274 693 2310 sed
702 2277 846 2324 primam
857 2288 994 2324 quoque
1005 2274 1104 2311 fidem
1114 2279 1218 2326 impia
1226 2277 1414 2315 defectione
1425 2280 1584 2318 fallerent.
1598 2287 1648 2318 Ita
1657 2289 1744 2320 enim
1756 2286 1827 2322 fieri
1838 2287 1891 2324 so-

56 2325 102 2360 let
112 2337 145 2360 vt
155 2328 214 2373 qui
223 2323 322 2361 semel
333 2325 470 2374 pudoris
481 2323 563 2361 fines
573 2323 723 2360 transiliit
732 2347 743 2362 ‚
753 2325 792 2359 ad
802 2337 940 2362 omnem
953 2325 1197 2373 impudentiam
1207 2325 1238 2361 se
1247 2329 1433 2377 prostituat.
1463 2330 1553 2366 Male
1565 2345 1617 2366 eas
1629 2333 1771 2370 habebat
1781 2362 1793 2377 ,
1809 2347 1892 2385 pro-

53 2372 185 2409 brosam
195 2371 256 2408 effe
267 2371 357 2409 suam
369 2372 539 2409 leuitatem
552 2373 640 2422 apud
651 2375 738 2423 pios,
751 2376 785 2408 δι
794 2370 882 2409 suam
893 2369 1090 2409 salacitatem
1103 2377 1252 2424 reprimi,
1264 2387 1321 2411 aut
1333 2375 1446 2412 saltem
1459 2381 1696 2428 vituperationi
1706 2382 1766 2418 effe
1775 2383 1889 2420 obno-

52 2425 154 2458 xiam.
173 2421 327 2457 Haecillis
336 2423 525 2470 proteruius
534 2421 702 2458 exultandi
715 2432 781 2456 erat
792 2419 919 2457 occasio
930 2444 940 2459 ‚
959 2422 1071 2459 donec
1085 2422 1378 2459 Christianismum
1385 2424 1576 2464 abiice'rent.
1593 2430 1738 2478 'Optime
1750 2434 1890 2479 quadrat

52 2470 113 2506 ista
121 2468 350 2519 amplificatio.
362 2470 444 2518 quid
461 2472 552 2506 enim
562 2472 668 2518 magis
676 2468 852 2508 absurdum
862 2471 964 2517 quam
973 2471 1055 2505 dum
1077 2470 1235 2507 volumus
1245 2472 1392 2523 personis
1403 2473 1574 2512 consulere
1584 2501 1595 2516 ,
1614 2481 1748 2515 ianuam
1761 2484 1889 2530 aperire

51 2519 177 2555 Christi
189 2519 431 2567 abnegationi?
455 2518 561 2565 Qd
571 2529 689 2554 votum
699 2520 851 2567 perpetui
864 2517 1031 2553 caelibarus
1041 2518 1271 2557 hincstabilire
1279 2522 1400 2558 volunt
1410 2525 1543 2572 Papistae
1555 2549 1567 2564 ‚
1588 2524 1749 2563 friuolum
1765 2530 1818 2566 est.
1842 2533 1890 2566 Vt

51 2568 169 2603 demus
177 2566 308 2602 solitam
318 2564 410 2602 fuisse
417 2566 543 2604 disertis
553 2566 659 2602 verbis
677 2568 848 2616 interponi
857 2565 956 2601 talem
968 2569 1173 2614 paitionem:
1183 2570 1218 2603 id
1228 2579 1338 2605 tamen
1351 2570 1436 2607 nihil
1446 2573 1486 2606 ad
1495 2571 1592 2621 ipsos.
1615 2576 1764 2614 Primum
1777 2578 1890 2614 const-

51 2616 212 2652 derandus
222 2616 265 2651 est
278 2614 366 2650 finis.
377 2628 450 2651 non
463 2616 539 2651 ideo
548 2614 676 2651 caelibes
686 2612 716 2650 se
727 2613 796 2652 fore
807 2616 1048 2663 promittebant
1061 2615 1146 2651 olim
1157 2618 1263 2657 viduae
1270 2629 1306 2652 vt
1314 2617 1510 2655 sanctiorem
1522 2634 1656 2669 agerent
1666 2627 1769 2661 vitam
1780 2628 1885 2675 quam

51 2666 87 2701 in
97 2664 325 2713 coniugiozse'd
334 2663 427 2711 qubd
436 2677 508 2700 non
523 2674 678 2713 poterant
687 2665 813 2698 maritis
823 2667 856 2698 &
867 2662 1014 2699 Ecclefiae
1024 2663 1120 2699 fimul
1132 2663 1192 2701 effe
1201 2666 1410 2702 addistaesub
1422 2669 1544 2717 Papatu
1554 2665 1663 2706 autem
1675 2684 1818 2710 vouetur
1826 2677 1887 2710 εὸ-

50 2715 204 2751 tinentia,
214 2711 304 2760 quasi
314 2715 419 2747 virtus
428 2725 485 2760 per
495 2710 526 2746 se
535 2722 669 2761 accepta
679 2709 753 2746 esset
762 2712 849 2746 Deo.
862 2712 996 2747 Deinde
1007 2726 1043 2747 ea
1052 2724 1144 2751 aetate
1153 2713 1184 2748 se
1193 2714 1388 2750 abdicabant
1396 2728 1478 2752 tunc
1487 2718 1637 2754 nubendi
1646 2719 1807 2761 libertate,
1819 2736 1887 2770 qua

50 2759 206 2797 defierant
218 2761 278 2797 effe
288 2759 432 2796 nubiles.
443 2762 672 2808 Sexagenarias
681 2762 772 2797 enim
782 2760 822 2794 ad
832 2762 1014 2796 minimum
1026 2758 1086 2796 esse
1096 2762 1282 2810 oportebat:
1293 2768 1327 2798 δι
1342 2776 1414 2811 quae
1423 2767 1523 2801 vnico
1535 2771 1755 2806 matrimonio
1766 2773 1886 2814 conte,-

49 2819 102 2850 τε,
112 2808 275 2857 specimen
285 2809 516 2844 iamcastitatis
527 2808 588 2843 suae
598 2806 767 2846 dediss‘ent,
778 2820 870 2845 nunc
885 2820 997 2857 autem
1008 2820 1087 2844 vota
1105 2812 1140 2844 in
1157 2810 1224 2849 hoc
1238 2812 1381 2848 eduntur
1389 2815 1477 2861 apud
1486 2815 1627 2863 Papistas
1636 2843 1647 2858 ‚
1669 2829 1703 2852 vt
1715 2822 1885 2867 coniugiis

49 2857 188 2893 velante
196 2869 339 2908 tempus,
349 2856 401 2892 vel
411 2859 446 2892 in
461 2857 573 2892 medio
582 2859 676 2901 etatis
685 2855 814 2894 feruore
823 2859 1026 2892 renuntient.
1035 2857 1174 2893 Duabus
1185 2870 1297 2894 autem
1309 2861 1453 2896 maxime
1463 2862 1502 2896 de
1511 2863 1613 2900 causis
1625 2870 1833 2910 tyrannicam
1843 2868 1885 2904 de

49 2904 195 2949 celibatu
205 2905 313 2954 legem
323 2905 565 2954 improbamus:
576 2905 667 2953 qubd
678 2904 801 2940 scilicet
810 2905 938 2941 cultum
950 2905 1011 2945 effe
1022 2903 1156 2954 fingunt
1166 2919 1279 2942 coram
1289 2909 1365 2943 Deo
1376 2912 1639 2950 meritorium&
1650 2915 1742 2961 quod
1753 2927 1884 2950 vouen-

50 2955 85 2988 di
96 2955 277 2990 temeritate
285 2957 483 3004 precipitaut
492 2956 620 2990 animas
630 2956 667 2989 in
678 2956 826 2989 exitium.
841 2954 1011 2989 Neutrum
1023 2965 1090 2989 erat
1100 2956 1136 2991 in
1145 2959 1247 2990 veteri
1256 2957 1420 2992 instituto.
1433 2971 1504 2994 non
1516 2960 1654 2997 edebant
1665 2964 1788 2998 direc‘tt'i
1797 2976 1883 2998 con-

47 3003 192 3046 tinentie
201 3006 330 3041 votum,
338 3001 433 3050 quasi
443 3005 556 3039 minus
565 3004 641 3038 Deo
652 3001 794 3052 placeret
801 3004 871 3037 vita
881 3001 1138 3050 coniugalis:sed
1147 3001 1278 3039 tantum
1289 3016 1452 3052 quatenus
1462 3009 1613 3056 exigebat
1624 3007 1755 3045 functio
1770 3013 1808 3045 ad
1818 3012 1884 3058 qua

49 3049 268 3098 eligebantur,
281 3053 394 3088 coniu'
409 3052 583 3087 iivinculo
593 3051 622 3086 se
633 3053 670 3086 in
678 3061 787 3085 totam
795 3053 898 3086 vitam
911 3048 1094 3086 soluebant.
1111 3064 1172 3087 nec
1183 3051 1213 3087 se
1225 3052 1400 3103 priuabant
1413 3055 1562 3091 nubendi
1572 3056 1730 3097 libertate,
1743 3059 1803 3093 nili
1813 3061 1884 3106 qut‘i

48 3100 174 3135 nubere
184 3097 387 3140 velmaxime
411 3099 510 3140 iberis
518 3101 586 3134 iam
593 3096 771 3134 absurdum
782 3110 848 3134 etat
861 3103 896 3134 &
906 3100 1191 3148 intempestiuum.
1201 3103 1359 3150 Denique
1370 3103 1502 3140 tantum
1511 3106 1529 3142 a
1540 3105 1743 3141 monialibus
1752 3105 1883 3143 differe-

47 3147 129 3183 bant
139 3147 204 3182 istae
212 3146 325 3190 vidue,
333 3148 496 3194 quantum
505 3149 555 3183 Ha
561 3160 628 3183 nna
637 3145 836 3196 prophetiffa
844 3149 863 3182 a
873 3146 1016 3182 Claudia
1029 3148 1154 3184 vestali.

96 3207 125 3242 ¹3
174 3195 274 3228 Simul
280 3197 318 3234 ώ-
327 3197 441 3241 otiosi.)
488 3195 588 3232 Nihil
598 3196 643 3231 est
652 3196 744 3244 quod
754 3194 909 3231 mulieres
920 3198 1025 3243 magis
1036 3197 1147 3232 deceat
1155 3198 1256 3245 quam
1267 3200 1388 3236 domus
1397 3201 1554 3237 custodia.
1564 3203 1651 3238 vnde
1660 3203 1747 3250 apud
1758 3215 1884 3240 veteres

46 3243 177 3280 testudo
186 3240 325 3287 honeste
334 3245 368 3279 δε
377 3242 482 3292 probe
490 3246 601 3280 mattis
609 3242 750 3279 familiis
762 3246 876 3293 imago
887 3243 959 3279 fuit:
970 3247 1063 3292 atqui
1073 3245 1178 3290 multe
1187 3251 1356 3284 contrario
1369 3248 1488 3284 morbo
1499 3248 1659 3285 laborant.
1679 3251 1777 3286 Nihil
1787 3256 1880 3291 enirn

47 3291 94 3328 e'st
104 3292 197 3340 quod
205 3293 312 3340 magis
321 3303 373 3326 eas
381 3290 520 3328 deiceret
527 3293 631 3340 quam
644 3291 711 3328 huc
722 3295 757 3328 δι
772 3291 853 3327 illuc
863 3291 1038 3328 cursitandi
1050 3291 1195 3330 licentia:
1207 3295 1373 3343 presertim
1383 3296 1441 3332 vbi
1449 3308 1623 3342 exonerate
1635 3297 1759 3335 familia
1769 3324 1780 3338 ‚
1792 3300 1881 3338 nihil

43 3339 169 3379 habent
185 3339 496 3390 domiquodnagant.
514 3341 609 3377 Adde
617 3339 786 3390 quodistis
796 3341 929 3381 viduis,
947 3340 1089 3379 honoris
1099 3354 1273 3392 pretextu,
1297 3345 1390 3391 quod
1399 3343 1501 3383 veluti
1521 3346 1691 3429 p‘pblicam
1704 3347 1883 3399 personatu

1536 3438 1546 3442 ,
1570 3419 1581 3443 .
1629 3406 1692 3442 m).
