2268 3705
122 368 285 400 Romanu.

132 2433 289 2464 1.Cor.3.c.11.

332 137 393 181 360
870 129 964 176 IN
1018 128 1576 178 EP1s-T-PAVL

329 203 434 250 quam
444 199 648 236 reformidet.
659 199 810 235 Christus
821 210 932 234 autem
944 199 987 233 est
998 202 1057 246 qui
1071 202 1205 233 ianuam
1219 198 1317 233 nobis
1326 195 1453 237 reserat,
1467 198 1538 231 imo
1552 194 1619 244 ipse
1633 197 1676 231 est
1687 198 1795 232 ianua.
1816 197 1924 233 Porro
1932 211 2037 246 quum
2049 201 2117 236 haec
2129 204 2177 237 ia—

331 264 398 286 nua
406 249 529 285 bifores
542 248 658 284 habeat
668 249 791 283 valnas:
805 261 841 283 ac
851 249 991 296 proinde
1003 260 1070 282 tam
1083 246 1252 281 Gentibus
1264 247 1366 293 quam
1379 247 1496 280 Iudaeis
1510 245 1547 280 fir
1557 256 1677 294 aperta:
1690 245 1963 293 sequiumDeum
1975 247 2118 297 vtrisque
2129 250 2177 285 es-

333 299 362 334 se
385 298 591 347 expositum,
603 298 643 332 ad
653 297 875 332 exhibendam
887 307 1056 343 paternam
1073 296 1279 330 charitatem.
1309 294 1429 331 Addit,
1451 297 1489 328 ln
1498 294 1674 342 vnospi'rztu
1691 317 1702 332 ,
1721 307 1790 341 quo
1802 296 1963 330 dir-eetore
1985 301 2019 331 ὅ(
2038 299 2120 333 duce
2139 301 2180 334 ad

333 348 506 383 Christum
526 359 662 394 quoquc
673 348 859 380 accedimus
879 351 911 378 oc
928 356 984 390 per
994 342 1095 389 quem
1107 343 1291 378 clamamus
1302 341 1399 377 Abba
1411 368 1420 383 ‚
1440 342 1542 376 Pater.
1562 355 1640 376 nam
1652 342 1727 377 inde
1737 345 1913 377 accedendi
1925 343 2053 380 fiducia.
2082 349 2180 382 Varia

332 396 467 431 fuerunt
489 396 598 430 media
613 395 702 443 apud
734 396 858 429 ludaeos
869 416 879 430 ‚
899 391 1021 437 quibus
1036 392 1074 425 ad
1093 392 1204 425 Deum
1216 392 1418 426 accederent.
1439 403 1531 426 nunc
1542 393 1680 425 Vnicum
1702 391 1746 425 est
1757 392 1936 427 omnibus:
1961 406 2086 442 nempe
2109 400 2181 443 regi

333 445 461 481 Christi
473 442 598 493 spiritu.
1844 454 1849 460 .

381 505 417 537 19
469 496 546 540 Ergo
555 505 614 526 non
624 492 755 539 amplius
766 490 856 533 eslis.)
894 488 1023 524 Alludit
1033 489 1072 523 ad
1093 489 1125 521 id
1137 488 1228 535 quod
1238 488 1361 521 dixerat
1372 513 1381 525 ,
1404 486 1576 533 quondam
1588 485 1680 521 fuisse
1698 487 1854 535 Ephesios
1867 489 1998 525 foedcris
2018 489 2181 540 hospites.

333 552 413 578 nam
425 555 481 576 eos
491 553 582 576 nunc
593 539 680 574 solos
693 539 888 585 alloquitur.
902 539 1038 585 perinde
1056 536 1118 571 acsi
1128 537 1261 573 diceret,
1274 538 1404 570 Mutata
1416 536 1461 569 est
1474 536 1575 568 vestra
1586 536 1739 570 conditio
1753 539 1867 573 {Deus
1881 541 1972 573 enim
1987 553 2024 574 ex
2036 542 2182 588 inquili-

333 604 387 626 nis
398 604 456 628 vos
467 591 543 626 fecit
556 587 699 622 Ecclesiae
711 585 770 621 suae
779 588 879 620 ciues.
892 587 1071 621 Honorem
1084 586 1162 619 vero
1175 586 1273 618 istum
1284 597 1353 630 qno
1366 585 1521 631 dignatus
1536 597 1591 617 cos
1603 585 1694 618 Deus
1706 584 1811 619 fuerat
1821 609 1831 623 ,
1843 585 1995 634 pluribus
2007 589 2111 623 verbis
2125 603 2182 624 cx—

334 639 438 674 toffit·
492 640 584 671 (Ἄκω-
594 638 771 669 §anglorum
780 633 936 682 appellat:
947 634 1103 671 secundo,
1115 635 1179 668 Dei
1190 633 1400 666 domesticos:
1411 631 1593 679 postremo,
1603 633 1743 680 Lapides
1755 645 1927 681 coaptatos
1938 638 1972 670 in
1985 637 2181 672 struitur-am

335 686 456 734 templi
467 688 542 719 Dei.
554 687 663 718 Prima
688 683 869 732 appellatio
881 681 1010 731 sumpta
1021 683 1063 717 est
1079 683 1097 716 ὲ
1106 681 1326 716 similitudine
1345 694 1417 727 quae
1428 691 1496 713 tam
1507 679 1693 727 frequenter
1704 685 1849 716 occurrit
1859 685 1893 717 in
1907 685 2082 732 Scripturis
2091 709 2101 723 ‚
2123 686 2182 721 vbi

334 733 480 771 Ecclefia
491 735 619 768 ciuitati
631 743 852 781 comparatur.
877 744 997 779 magna
1008 732 1161 778 dignatio
1172 756 1180 767 ,
1193 733 1251 776 qui
1263 729 1394 777 profani
1404 729 1480 763 ante
1493 751 1502 765 ‚
1519 733 1552 763 δι’
1567 732 1664 763 omni
1675 733 1811 778 piorum
1823 731 1990 766 consortio
2005 735 2136 781 indigni
2147 749 2182 769 e-

334 794 418 823 rant,
434 785 586 816 nuncius
598 781 717 823 habete
727 779 871 815 eiusdem
881 782 1028 814 ciuitatis
1038 792 1116 814 curn
1131 778 1310 820 Abraham,
1333 776 1451 813 finem
1463 776 2026 828 omnibusPatriarchiS‚Prophetis
2037 808 2048 823 ,
2066 787 2099 816 ὅ(
2112 785 2182 818 Re„

334 832 445 879 gibus,
455 831 526 864 imo
538 826 618 865 cum
629 828 703 876 ipsis
716 827 862 876 Angelis.
875 829 975 863 altera
986 839 1098 862 tamen
1108 840 1180 862 non
1193 829 1316 864 minor,
1327 826 1418 874 quod
1431 827 1524 860 Deus
1537 828 1572 860 in
1583 824 1745 861 nmilia-m
1757 825 1848 864 stiam
1860 840 1916 862 eos
1928 833 2181 877 cooptauit.Ec-

340 878 436 914 clefia
448 881 551 916 enim,
567 879 687 912 domus
698 879 772 912 Dei.

378 938 422 962 20
472 926 730 976 Superaedzficatt.)
769 927 882 959 Tertia
892 925 1056 972 dignatio,
1068 927 1104 960 in
1116 937 1182 972 qua
1192 926 1292 958 ctiam
1303 925 1500 972 exprimitur
1510 921 1651 970 qualiter
1662 926 1695 958 ec
1708 923 1881 960 domestici
1890 926 1954 960 Dei
1966 929 1999 961 δε
2010 928 2099 962 ciues
2110 926 2186 964 san--

336 979 471 1012 &orum
485 975 561 1011 faeti
573 973 634 1009 sint
648 972 775 1022 Ephesii
793 999 802 1011 ‚
813 972 960 1019 fiantque
972 974 1092 1021 reliqui
1104 986 1233 1008 omnes:
1248 986 1369 1021 nempe
1379 971 1404 1007 si
1413 971 1541 1007 fundati
1554 971 1662 1006 sintin
1673 972 1916 1021 Apostolorum
1929 977 1963 1009 ὃς
1979 976 2186 1023 Prophetarii

337 1027 502 1060 doctrina.
512 1025 599 1058 vnde
612 1026 710 1057 etiam
721 1023 759 1055 de
780 1034 855 1055 vera
865 1034 920 1055 aut
933 1020 1009 1056 falsa
1022 1021 1163 1057 Ecclesia
1174 1022 1334 1056 iudicium
1348 1021 1452 1055 facere
1461 1020 1549 1055 licet.
1561 1022 1653 1067 quod
1664 1023 1700 1054 in
1709 1024 1828 1069 primis
1839 1021 2051 1058 neceffarium
2064 1026 2118 1060 est.
2129 1027 2181 1062 Ni

337 1086 445 1120 quum
458 1072 548 1107 nulla
559 1071 596 1106 sit
610 1073 714 1118 magis
725 1067 908 1118 periculosa
915 1070 1149 1105 hallucinatio:
1160 1068 1265 1117 lapsus
1277 1081 1390 1103 tamen
1399 1068 1443 1102 est
1455 1068 1546 1102 valde
1556 1070 1731 1116 procliuis.
1762 1070 1862 1105 Nulli
1873 1070 1939 1105 fere
1956 1072 2112 1108 audacius
2121 1076 2184 1110 Ec—

341 1120 442 1157 clesiae
455 1122 594 1155 nomine
606 1118 634 1154 se
646 1121 780 1156 iactant,
793 1119 894 1165 quam
905 1121 965 1165 qui
976 1121 1110 1153 inanem
1123 1121 1193 1152 eius
1204 1117 1340 1152 titulum
1352 1119 1572 1151 mentiuntur:
1582 1119 1674 1164 quod
1684 1117 1785 1153 hodie
1798 1119 1908 1153 videre
1919 1119 2070 1168 est.atqni
2082 1136 2123 1156 ne
2134 1136 2186 1157 et-

342 1183 463 1207 remus.
487 1169 541 1203 hic
553 1168 650 1203 nobis
663 1169 679 1201 a
689 1167 792 1201 Paulo
806 1168 969 1201 indicatur
989 1179 1071 1201 verae
1080 1164 1226 1201 Ecclefiae
1237 1176 1327 1200 nota.
1341 1167 1438 1211 Qin
1451 1164 1697 1199 Fundamentum
1710 1166 1765 1200 hic
1776 1179 1837 1214 pro
1846 1169 2011 1203 Doctrina
2022 1169 2185 1209 sumatur.
2211 1166 2214 1168 v

340 1216 482 1253 minime
494 1216 634 1251 dubium
646 1216 697 1249 est.
711 1228 820 1262 neque
833 1218 923 1249 enim
935 1215 1135 1249 Patriarchas
1148 1217 1317 1254 nominat,
1329 1225 1385 1247 aut
1396 1215 1470 1261 pios
1481 1213 1598 1260 Reges:
1618 1212 1670 1247 sed
1682 1227 1737 1248 eos
1749 1213 1836 1250 solos
1847 1221 1905 1262 qui
1917 1215 2070 1253 officium
2082 1219 2184 1254 habe-

337 1267 418 1302 bant
428 1265 580 1302 docendi,
593 1270 625 1298 δε
637 1277 723 1310 quos
735 1263 884 1298 Ecclesiae
896 1263 956 1298 snae
967 1262 1180 1298 aedificationi
1189 1263 1285 1297 Deus
1296 1261 1490 1313 praefecerat.
1504 1264 1616 1312 ltaque
1626 1262 1722 1296 docet
1730 1262 1861 1301 Paulus,
1874 1264 1972 1300 fidem
1989 1266 2136 1302 Ecclefiae
2149 1272 2186 1304 in

338 1316 399 1350 hac
411 1316 563 1348 doctrina
574 1313 688 1347 debere
699 1310 758 1346 eil'e
775 1311 955 1346 fundatam.
966 1313 1060 1358 Qd
1072 1324 1150 1359 ergo
1162 1311 1202 1347 de
1211 1313 1253 1347 iis
1261 1310 1485 1348 sentiendum,
1499 1313 1558 1358 qui
1568 1310 1643 1346 [olis
1655 1311 1799 1346 hominu
1806 1325 1836 1345 m
1862 1311 2031 1359 figmentis
2043 1318 2184 1356 uiuitur,

340 1368 373 1398 &
386 1364 509 1396 interea
517 1375 579 1396 nos
591 1361 786 1395 defcstionis
802 1361 966 1401 accusant,
980 1363 1058 1409 quia
1069 1373 1187 1409 puram
1198 1361 1262 1394 Dei
1271 1359 1460 1395 dorminut]
1471 1357 1713 1406 amplectamur
1723 1367 1734 1393 Ξ
1745 1361 1806 1394 Sed
1817 1363 1963 1396 notanda
1976 1361 2187 1400 fundationis

338 1413 433 1445 ratio:
450 1424 526 1445 nam
541 1412 674 1458 proprie
688 1422 827 1444 vincum
837 1409 1093 1445 fundamentum
1105 1410 1149 1443 est
1157 1407 1320 1445 Christus,
1331 1410 1409 1457 quia
1420 1420 1503 1442 vnus
1515 1418 1620 1442 totam
1632 1407 1807 1442 Ecclesiam
1820 1407 1954 1444 sustinet
1965 1435 1973 1448 ,
1988 1424 2073 1447 vnus
2086 1414 2130 1448 est
2143 1413 2183 1448 fi-

339 1460 393 1493 dei
405 1458 518 1506 regula
537 1464 570 1492 &t
583 1456 741 1492 mensura.
756 1455 854 1492 sedin
867 1458 1003 1492 Christo
1011 1456 1164 1493 fundatur
1179 1456 1316 1492 Ecclesia
1328 1468 1383 1504 per
1396 1456 1556 1491 dotfibrinae
1568 1457 1849 1503 praediea‘cionem.
1861 1459 1948 1492 vnde
1962 1460 2134 1508 Prophctae
2147 1466 2183 1497 &

339 1507 495 1542 Anoioli
507 1518 666 1541 vocantur
680 1509 863 1541 architetfti.
874 1507 1010 1541 Perinde
1023 1519 1101 1555 ergo
1110 1508 1156 1540 ‘est
1166 1506 1226 1541 acii
1237 1507 1357 1540 diceret
1369 1505 1500 1544 Paulus,
1513 1506 1688 1553 Prophetis
1699 1509 1733 1539 ὃ(
1745 1505 1913 1552 Apostolis
1925 1507 2010 1542 nihil
2022 1508 2111 1543 aliud
2120 1510 2190 1546 fuis

340 1548 594 1603 lopropositum
605 1581 613 1594 ‚
638 1554 697 1588 nin
710 1566 743 1588 vt
754 1557 790 1590 in
803 1555 937 1589 Christo
950 1554 1125 1589 Ecclesiam
1136 1554 1323 1589 fundarent.
1344 1556 1421 1589 Hoc
1434 1566 1548 1587 verum
1561 1551 1620 1587 eise
1630 1565 1876 1601 comperiemus
1886 1577 1895 1592 ‚
1917 1554 1938 1589 si
1948 1558 2084 1591 initium
2099 1556 2154 1593 fiat
2165 1560 2186 1593 ὲ

338 1603 442 1639 Mose.
464 1617 539 1637 narn
553 1603 618 1651 ipse
630 1604 779 1638 Christus
791 1604 833 1637 est
844 1602 919 1638 nnis
932 1605 1040 1650 Legis:
1054 1605 1156 1643 idem,
1165 1603 1338 1650 Euangelii
1350 1602 1488 1637 stimma.
1499 1604 1760 1637 Meminerimus
1769 1615 1935 1650 ergomon
1945 1604 2184 1653 alibiacquies-

338 1653 482 1688 cendum
495 1653 593 1686 nobis
608 1650 678 1689 eise,
693 1651 714 1686 si
733 1652 874 1686 velimus
887 1655 973 1686 inter
983 1650 1094 1688 fideles
1105 1650 1247 1687 censen:
1260 1652 1327 1688 liin
1338 1653 1517 1699 Scripturis
1529 1649 1622 1687 sactis
1635 1649 1777 1684 velimus
1789 1662 1850 1686 rite
1861 1650 2022 1699 proficere
2033 1681 2044 1694 ,
2054 1657 2186 1690 adeum

339 1702 511 1748 dirigenda
521 1698 580 1735 effe
592 1703 718 1736 omnia.
736 1700 897 1735 Similiter
915 1701 1138 1736 admonemur
1148 1699 1203 1735 vbi
1212 1700 1427 1746 quaerendum
1439 1697 1475 1733 fit
1485 1699 1623 1733 verbum
1632 1699 1697 1733 Dei
1709 1712 1716 1732 :
1729 1700 1815 1746 apud
1825 1699 2006 1748 Prophetas
2016 1701 2138 1738 scilicet
2150 1709 2186 1739 δε

338 1749 530 1797 Apostolos.
543 1761 642 1797 atque
654 1762 688 1783 vt
698 1747 864 1783 distamus
874 1762 929 1784 eos
942 1751 1028 1784 inter
1039 1748 1068 1783 se
1080 1751 1300 1798 coniungere,
1312 1747 1496 1783 ostenditur
1509 1749 1595 1781 inter
1607 1745 1762 1793 Vtrosque
1772 1747 2057 1797 consensnstquod
2067 1751 2187 1787 habeat

339 1811 524 1832 commune
536 1797 806 1837 fundamentum,
822 1802 856 1833 ὃ(
868 1800 1098 1833 communiter
1109 1801 1144 1832 in
1158 1798 1341 1831 extruendo
1351 1798 1415 1830 Dei
1425 1795 1555 1845 templo
1566 1794 1727 1830 laborent.
1749 1795 1870 1843 Neque
1881 1801 1973 1833 enim
1987 1800 2062 1834 ideo
2074 1799 2187 1849 super-

340 1859 446 1881 uacua
457 1846 697 1894 Prophetarum
707 1847 871 1883 dostrina,
884 1845 975 1893 quod
991 1846 1144 1881 destores
1160 1845 1320 1879 habemus
1331 1848 1358 1879 A
1365 1844 1524 1893 postolos:
1539 1842 1591 1878 sed
1603 1856 1707 1877 vnum
1718 1854 1819 1891 atquc
1830 1846 1916 1880 idem
1928 1859 2032 1893 agunt
2042 1852 2186 1896 Vtrique.

340 1896 418 1929 Hoc
429 1895 504 1929 ideo
515 1896 602 1932 dico,
614 1895 705 1941 quod
715 1893 795 1929 ficut
806 1893 891 1930 olim
899 1895 1105 1938 Marcionite
1112 1894 1295 1942 Prophetas
1307 1906 1344 1928 ex
1355 1892 1504 1941 praesenti
1515 1892 1595 1927 ioco
1608 1904 1845 1939 expunxerant:
1858 1896 1904 1927 ita
1915 1895 2015 1930 hodie
2036 1896 2185 1938 fanatici,

340 1942 472 1992 spiritus
481 1945 694 1978 Marcionitis
706 1941 966 1989 limiles‚Legern
982 1946 1017 1978 &
1028 1944 1091 1978 Pro
1118 1943 1209 1978 heras
1220 1941 1308 1977 nihil
1318 1942 1357 1975 ad
1368 1955 1430 1977 nos
1443 1943 1607 1989 pertinere
1620 1941 1903 1988 clamitant,quod
1914 1945 2132 1991 Euangelium
2146 1945 2186 1980 fi-

339 2004 420 2027 nem
431 1990 591 2027 omnibus
603 1989 807 2036 imposuerit.
817 1993 921 2037 Atqui
931 1992 1073 2038 Spiritus
1097 1992 1213 2026 anetus
1225 1989 1347 2037 vbique
1358 1988 1387 2024 se
1397 1992 1444 2025 ita
1453 1990 1633 2035 loquuturi*
1647 1987 1707 2023 effe
1722 2001 1779 2036 per
1789 2002 1826 2024 os
1838 1991 2078 2039 Prophetarum
2091 1996 2189 2029 testa-

343 2050 410 2080 tur,
424 2051 460 2074 vt
471 2038 549 2074 velit
561 2041 596 2074 in
608 2038 745 2074 illorum
757 2037 884 2087 scriptis
895 2040 1012 2073 audiri.
1025 2039 1136 2086 Atque
1145 2039 1212 2074 hoc
1221 2038 1260 2073 ad
1270 2037 1468 2073 afferendam
1478 2036 1556 2071 fidei
1566 2039 1681 2072 nostrae
1699 2038 1935 2074 authoritatem
1948 2054 2019 2074 non
2049 2046 2127 2089 parii
2138 2042 2187 2078 fa-

342 2091 398 2123 cit:
412 2087 504 2135 quod
518 2089 679 2125 videmus,
693 2100 812 2122 omnes
823 2088 887 2121 Dei
898 2087 1007 2121 seruos
1017 2087 1058 2121 ab
1071 2088 1171 2122 initio
1180 2086 1220 2120 ad
1232 2084 1334 2121 finem
1343 2087 1443 2133 vsque
1453 2109 1463 2124 ,
1476 2097 1544 2120 tam
1555 2085 1640 2119 benc
1653 2085 1711 2119 fibi
1723 2087 1882 2128 constare,
1898 2099 1932 2121 vt
1943 2088 2141 2133 symphonia
2154 2094 2184 2126 i·

343 2134 398 2184 psa
408 2137 492 2171 clare
504 2137 714 2174 demonstret,
725 2138 837 2171 Deum
848 2148 953 2170 vnum
966 2134 1026 2169 effe
1038 2137 1143 2182 quiin
1153 2134 1314 2170 omnibus
1326 2133 1488 2181 loquitur.
1507 2135 1648 2168 Proinde
1659 2134 1833 2181 religionis
1845 2137 1963 2171 nostrae
1975 2130 2149 2174 exbrdmm
2162 2141 2183 2174 a

342 2188 509 2220 creatione
522 2185 638 2220 mnndi
648 2185 829 2233 petendum
842 2184 897 2218 est.
910 2196 980 2231 quo
994 2182 1030 2218 fit
1040 2194 1074 2218 vt
1086 2184 1124 2217 de
1143 2185 1342 2230 antiquitate
1353 2182 1467 2218 frustra
1477 2182 1663 2230 glorientur
1673 2194 1740 2216 tam
1751 2184 1884 2230 Papistae
1898 2188 1997 2225 quarn
2009 2188 2125 2221 Tutcae
2146 2201 2165 2222 α
2178 2210 2186 2216 .

341 2232 447 2280 liique
458 2246 576 2268 omues
588 2231 724 2269 seetarii:
733 2235 792 2279 qui
803 2232 890 2267 nihil
900 2231 973 2268 stmt
984 2232 1087 2279 quam
1098 2244 1180 2268 vera:
1204 2243 1359 2281 puraeque
1371 2231 1544 2278 religionis
1555 2230 1667 2278 spurii.
1694 2229 1933 2280 Lapissummits
1942 2237 2112 2281 angularis.
2133 2241 2182 2271 A·

346 2282 409 2316 deo
422 2280 497 2317 sunt
510 2282 720 2330 impudentes
732 2284 791 2327 qui
802 2281 867 2315 hoc
878 2281 1017 2316 honoris
1029 2279 1230 2316 transferunt
1239 2280 1278 2315 ad
1288 2280 1423 2314 Petrum
1434 2302 1444 2318 ‚
1454 2290 1489 2315 vt
1499 2277 1635 2314 afferant
1646 2278 1814 2316 fundatam
1825 2282 1860 2315 in
1871 2294 1912 2315 eo
1922 2280 2016 2316 fuiss'e
2028 2283 2182 2323 Ecclesia,

342 2342 378 2364 vt
388 2331 454 2365 hoc
465 2344 507 2377 qu
514 2343 602 2378 oque
614 2331 807 2365 testimonio
817 2329 857 2364 ab
863 2341 997 2365 utantur
1006 2331 1041 2364 in
1052 2339 1246 2376 praetcxtum
1257 2330 1375 2364 erroris
1385 2325 1526 2375 suizquia
1536 2326 1706 2362 obiectant
1718 2327 1850 2362 Christu
1856 2341 1888 2362 m
1900 2333 2011 2364 vocari
2023 2334 2181 2378 primarii}

342 2379 502 2427 lapidem,
517 2379 660 2414 aliorum
672 2376 830 2426 respectu:
841 2378 982 2424 ideoque
993 2377 1104 2425 plures
1119 2375 1179 2413 effe
1191 2375 1314 2425 lapides
1328 2376 1452 2424 quibus
1463 2375 1618 2412 fulciatur
1630 2374 1781 2410 Ecclesia.
1794 2377 1855 2411 Sed
1867 2376 1972 2413 facilis
1990 2380 2033 2414 est
2044 2377 2179 2419 solutio.

343 2430 442 2462 variis
455 2430 547 2462 enim
561 2427 764 2474 metaphoris
778 2437 915 2461 vtuntur
926 2425 1080 2475 Apostoli
1090 2423 1315 2475 prolocutum
1326 2425 1571 2465 circunstantia,
1584 2426 1620 2458 in
1633 2424 1775 2458 eundem
1786 2435 1897 2461 tamen
1909 2424 2049 2462 sensum.
2071 2431 2181 2465 Firmti

346 2475 428 2511 illud
446 2487 568 2514 manet,
580 2489 649 2510 non
663 2473 751 2523 posse
766 2474 856 2509 aliud
865 2473 1121 2509 fundamentum
1134 2476 1227 2522 poni.
1236 2485 1316 2522 ergo
1326 2471 1461 2509 hicnon
1472 2469 1644 2519 fignificat,
1655 2471 1813 2518 angelum
1823 2473 1982 2509 duntaxat
1992 2469 2110 2515 vnum,
2122 2490 2180 2513 aut

347 2536 472 2571 partem
485 2523 692 2559 fundamenti
706 2521 765 2557 effe
777 2523 958 2557 Christum:
970 2524 1048 2569 quia
1057 2520 1167 2556 secum
1178 2532 1350 2569 pugnaret.
1361 2521 1455 2566 Qid
1467 2522 1569 2567 igitur
1581 2527 1590 2552 Ξ
1601 2519 1671 2553 vult
1682 2532 1718 2554 in
1729 2532 1828 2556 vnam
1837 2517 2042 2569 spiritualem
2053 2525 2179 2562 structu

346 2585 417 2608 ram
431 2574 556 2607 iudaeos
570 2577 603 2607 δι
617 2574 740 2608 Gentes
751 2583 871 2618 aptare.
885 2582 976 2606 crant
985 2582 1096 2606 autem
1106 2571 1196 2618 quan
1205 2572 1273 2605 duo
1283 2571 1420 2618 parietes
1427 2567 1556 2605 diuerfi:
1567 2568 1738 2602 Christum
1751 2571 1891 2615 proinde
1909 2572 2060 2606 medium
2070 2575 2105 2608 in
2118 2587 2180 2609 an-

348 2621 429 2668 gulo
441 2620 584 2655 collocat
598 2647 608 2661 ‚
622 2623 681 2667 qui
696 2619 848 2666 Vtrosque
860 2620 1035 2654 coadunet.
1056 2618 1116 2663 hec
1127 2621 1211 2653 ratio
1224 2620 1267 2654 est
1279 2618 1492 2666 metaphorae.
1510 2615 1688 2651 Continuo
1699 2628 1810 2651 tamen
1821 2619 1894 2665 post
1914 2619 1988 2655 satis
1997 2619 2138 2657 declarat
2148 2621 2181 2658 se

346 2670 519 2704 uhi-istum
544 2668 683 2704 minime
693 2669 731 2702 ad
741 2681 841 2702 vnani
851 2667 996 2714 aliquam
1008 2677 1134 2715 partem
1145 2666 1275 2702 aedificii
1285 2667 1488 2713 restringere,
1499 2678 1605 2712 quum
1614 2665 1695 2698 dicit
1704 2690 1714 2704 ,
1730 2664 1845 2699 Totum
1854 2669 1886 2701 in
1896 2669 1953 2714 ipfi
1964 2674 2177 2715 coagmentari,

347 2719 440 2765 quod
452 2716 472 2751 si
484 2730 597 2752 verum
611 2718 664 2754 est,
680 2716 735 2752 vbi
748 2719 807 2751 etit
818 2718 941 2751 Petrus?
957 2718 1156 2761 Qinetiam
1167 2716 1206 2749 ad
1218 2715 1431 2751 Corinthios,
1449 2715 1530 2749 dum
1539 2712 1797 2748 fundamentum
1809 2725 1919 2751 vocat,
1931 2728 2002 2750 non
2015 2717 2176 2765 intelligit

347 2768 383 2801 in
398 2779 438 2799 eo
450 2765 600 2799 inchoati
611 2764 837 2801 Ecclesianhiu
849 2764 921 2799 aliis
931 2761 1111 2811 perficizsed
1120 2764 1201 2811 “quia
1210 2763 1354 2798 aliorum
1365 2763 1585 2799 ministerium
1597 2760 1674 2796 cum
1686 2759 1743 2795 suo
1757 2763 2109 2810 comparat:(debuerat
2118 2779 2177 2801 au-

345 2825 414 2848 tem
428 2812 492 2861 ipse
503 2813 638 2847 fundate
648 2812 814 2848 ecclesiam
826 2813 1099 2852 Corinthiorum,
1109 2810 1341 2847 succelsonbus
1354 2811 1530 2859 peragendi
1542 2809 1671 2844 :edificii
1682 2821 1788 2859 partes
1800 2811 1997 2856 relinquere)
2007 2813 2081 2847 ideo
2093 2814 2179 2850 hanc

320 2872 323 2875 '
345 2862 544 2897 diuiiioncm
559 2864 666 2908 ponit.
693 2863 871 2906 Qantum
883 2861 922 2895 ad
933 2859 1122 2908 praesentem
1133 2859 1247 2894 locum
1258 2856 1392 2910 spectat,
1401 2861 1510 2895 docet,
1521 2871 1640 2893 omnes
1650 2856 1791 2905 quisunt
1803 2861 1836 2892 in
1849 2855 1982 2894 Christo
1993 2873 2175 2909 coagmen-

138 3189 163 3207 2..
172 3181 256 3207 Cor.6.
266 3172 334 3205 das.

347 2913 419 2948 tati,
440 2908 498 2944 effe
508 2912 571 2944 Dei
582 2909 756 2956 templum.
766 2908 916 2943 Primum
927 2911 1106 2954 requiritur
1115 2910 1297 2956 coaptatio,
1309 2919 1341 2942 vt
1353 2911 1383 2941 le
1394 2910 1540 2942 inuicem
1554 2907 1821 2954 complectantur
1830 2904 1939 2941 fideles
1949 2932 1958 2945 ,
1993 2912 2025 2943 ἅς
2037 2910 2066 2943 se
2074 2909 2131 2945 alii
2141 2924 2175 2945 a-

347 2959 412 2996 liis,
427 2970 542 2992 mutua
551 2960 862 2992 communic-itione
872 2958 1138 2991 accommodent:
1149 2957 1276 3003 alioqui
1287 2967 1357 2990 non
1368 2954 1542 2989 :edificium
1555 2955 1628 2989 esset
1640 2977 1649 2991 ‚
1664 2953 1714 2988 sed
1726 2953 1860 2989 confusa
1872 2955 1986 2990 moles.
1996 2956 2048 2991 sed
2062 2961 2177 3006 praeci-

348 3020 413 3055 pua
425 3006 654 3052 symmetriam
671 3004 745 3038 fidei
758 3007 880 3040 vnitate
890 3004 1046 3045 consistit:
1057 3006 1174 3040 deinde
1184 3002 1508 3051 sequitatptofctStuS
1519 3025 1530 3039 ‚
1547 3002 1598 3036 vel
1608 3006 1864 3038 incrementum.
1884 3005 2090 3053 Qricunque
2102 3020 2175 3043 non

348 3060 393 3092 ita
404 3055 477 3090 sunt
488 3054 549 3089 fide
563 3059 597 3088 ὃς
611 3053 767 3088 charitate
778 3055 882 3094 vuiti,
904 3064 938 3087 vt
951 3056 986 3089 in
996 3053 1129 3089 Christo
1140 3052 1335 3102 proficiant,
1353 3050 1528 3102 profanam
1540 3051 1663 3088 habent
1675 3048 1927 3087 aedificationem
1941 3080 1951 3094 ‚
1971 3056 2025 3089 cui
2035 3056 2121 3093 nihil
2132 3058 2177 3091 est

350 3117 426 3139 cum
439 3103 566 3151 templo
577 3104 639 3136 Dei
651 3114 843 3136 commune.
1966 3139 1967 3142 Ἰ

397 3164 426 3187 21
477 3151 592 3193 Cresctt
602 3164 633 3183 m
641 3152 795 3198 templum,
812 3153 889 3193 ἃς.)
940 3149 1032 3184 Alibi
1044 3149 1162 3197 singuli
1176 3148 1286 3184 fideles
1297 3160 1458 3186 vocantur
1472 3145 1604 3194 templa:
1618 3146 1670 3182 hic
1683 3158 1793 3182 autern
1806 3161 1843 3182 ex
1853 3145 2013 3185 omnibus
2024 3150 2105 3186 dicit
2117 3153 2174 3186 c6-

348 3201 425 3235 stare
442 3199 568 3247 templu
576 3212 607 3233 m
617 3201 691 3233 Dei:
704 3210 869 3245 vtrunque
881 3203 913 3232 ὅ(
925 3198 999 3232 vere
1011 3202 1042 3232 ὃς
1055 3198 1200 3246 apposite
1211 3199 1341 3232 dicitur.
1352 3198 1444 3232 Nam
1456 3199 1500 3233 ita
1511 3199 1545 3230 in
1558 3208 1764 3244 vnoquoque
1775 3198 1923 3232 nostrum
1934 3200 2024 3232 Deus
2036 3198 2176 3241 habitat,

349 3259 384 3282 vt
395 3249 473 3282 velit
485 3261 544 3282 nos
555 3261 672 3285 omnes
688 3245 796 3282 sanem
806 3248 932 3280 vnitate
945 3244 1042 3280 simul
1052 3246 1245 3294 complesti,
1258 3250 1290 3280 &
1304 3247 1368 3280 hoc
1381 3246 1483 3280 modo
1494 3257 1597 3279 vnum
1609 3256 1645 3278 ex
1657 3245 1769 3281 multis
1781 3243 2010 3294 efficere.Ergo
2022 3250 2080 3294 qui
2090 3246 2177 3283 seor-

351 3294 420 3330 sum
436 3297 599 3342 templum
614 3297 667 3336 cst,
679 3295 751 3329 aliis
762 3305 967 3342 aggregatus,
982 3292 1017 3328 fit
1029 3292 1112 3341 lapis
1122 3293 1249 3341 templi.
1260 3295 1351 3340 quod
1361 3294 1400 3327 ad
1408 3293 1712 3329 commendandam
1725 3295 1884 3328 vnitatem
1897 3295 2028 3329 dicitur.

398 3354 431 3376 22
483 3347 517 3377 In
526 3357 581 3388 quo
594 3348 630 3382 (5
642 3357 695 3376 vos
707 3343 949 3387 coaedfi'camint'.)
1001 3343 1111 3375 Graeca
1125 3344 1317 3376 terminatio
1330 3342 1486 3389 ambigua
1496 3342 1550 3379 cst,
1563 3339 1651 3377 sicuti
1663 3341 1789 3376 Latina.
1802 3355 1879 3376 nam
1892 3344 2092 3390 imperatiuo
2103 3356 2178 3378 mo—

348 3392 394 3426 do
408 3397 438 3426 ὃς
456 3393 637 3428 indicatum
656 3393 806 3442 petatque·
819 3392 998 3428 conuenit:
1020 3394 1053 3426 δε
1064 3401 1232 3438 vtrunque
1248 3401 1422 3426 contextus
1432 3390 1588 3427 admittit.
1608 3389 1695 3426 Mihi
1707 3402 1818 3431 tamen
1845 3393 2061 3442 imperatiuus
2073 3395 2178 3473 magis

2063 3453 2082 3490 p
2100 3451 2180 3485 acet,

2260 1823 2268 2515 mfflWr—ss-——m-—a—
2256 1748 2268 1819 ÷——
2266 1737 2268 1743 .
