2268 3705
92 342 94 346 i
125 319 264 352 '¹V0sLDei.

331 85 392 132 33⁶
813 75 964 122 ¹IN
1014 71 1613 122 EP18T-PAVL1

329 151 500 190 beneficiis
519 158 644 186 nouam
664 145 801 183 subinde
819 147 984 194 gaudendi
1005 147 1170 192 &gratias
1189 143 1308 190 agendi
1318 141 1416 177 nobis
1437 142 1610 175 materiam
1630 136 1826 186 suppeditat.
1846 138 1982 173 interim
1994 135 2173 182 admonetg

333 205 444 249 impiae
454 198 622 248 turpisque
639 195 797 231 socordiae
807 195 877 229 fore
910 193 1122 229 ceffationcm
1135 217 1144 230 ,
1162 194 1222 228 nili
1234 190 1344 226 fideles
1362 191 1507 224 studium
1520 189 1760 223 &exercitium
1781 187 1937 221 laudandi
1955 190 2020 222 Dei
2042 199 2114 222 tota
2128 191 2180 222 vi—

332 263 364 286 ta
373 259 585 284 continuent.

389 313 428 337 21
484 294 618 335 subditi
627 295 722 347 astate
729 295 877 332 inuicem
888 294 926 330 in
935 287 1227 341 timore“Christ²i.

390 368 435 394 22
489 348 758 404 ‹Jl‘lubicresfhis
769 351 906 386 marius
912 345 1053 401 fiabditae
1066 343 1135 402 fint
1141 354 1310 398 tanquam
1322 345 1488 382 Domino:

391 427 429 460 23
485 412 669 464 Qoniam
675 408 738 444 vir
747 405 792 458 est
800 413 895 458 caput
901 406 1043 448 coxeris,
1053 399 1342 456 quemadmodum
1354 399 1394 446 ά
1406 397 1558 451 Christus
1567 407 1665 453 caput
1673 397 1718 451 est
1730 397 1882 454 Ealcfiae,
1888 401 1949 454 qui
1959 397 2053 440 idem
2061 397 2179 454 estser-

340 478 342 480 '
443 481 497 505 cor
518 479 596 503 oras.

328 479 439 573 *aaz
491 478 658 560 {aeteram
670 503 960 572 quemadmodum
973 521 1004 554 E
1005 513 1114 568 telesia
1114 510 1231 567 siches}
1238 509 1381 566 Chrg'st‘o:
1392 513 1441 549 ita
1456 511 1495 558 ῤ’
1505 510 1664 550 mulieres
1671 508 1746 563 sitis
1755 513 1891 550 maritis
1900 514 1940 550 in
1951 509 2117 551 omnibus.

392 594 433 630 25
490 579 565 618 Viri
575 575 706 630 diligite
720 571 845 625 vestras
858 584 1005 611 vxores:
1021 568 1360 625 quemadmodum&
1373 566 1523 621 Chrgstus
1533 565 1662 606 dilexit
1671 565 1860 624 Ecclgfiam‚
1871 565 2063 623 &Jeipfhm
2073 565 2184 623 tradi-3

336 636 390 680 dic
425 651 460 675 ro
471 649 511 674 ea
522 664 532 679 ‚

381 649 436 729 ξς
493 696 541 729 Vt
549 685 869 742 eamsand’t'ificaret‚
879 682 1059 723 mundans*
1069 682 1200 722 lauacro
1209 696 1302 737 aqua
1312 683 1350 720 in
1363 681 1479 723 verbo:

391 743 440 799 27
502 753 543 785 Vt
541 746 669 801 fisteret
683 757 759 782 eam
760 740 826 798 fibi
831 739 1012 797 glorioſsam
1026 738 1200 795 Ecclesiam
1213 767 1223 786 ,
1235 754 1306 779 non
1316 736 1498 779 habentem
1507 735 1676 778 maculam
1685 765 1697 784 ,
1709 746 1771 777 aut
1777 748 1896 791 rugam
1908 764 1920 782 ‚
1929 745 1991 776 aut
1997 740 2183 795 quicquam

335 803 418 843 tale:
430 803 500 858 sed
506 815 552 841 vt
559 798 765 860 essetsanc‘r'a
779 794 1139 850 &irreprehensibilia
1348 839 1350 842 v

349 866 356 873 '
394 863 440 898 28
498 867 550 898 Ita
564 855 690 896 debent
697 857 771 893 viri
783 853 922 908 diligere
925 851 1008 906 ficas
1019 865 1164 898 vxores,
1175 860 1344 906 tanquam
1346 850 1410 909 fica
1417 863 1566 909 terpora⁸

384 927 417 950 21
469 913 592 949 Subdita
602 912 710 956 estote.)
762 911 850 944 Nam
863 921 907 942 ita
918 921 980 943 nos
991 909 1166 942 obstrinxit
1177 909 1268 942 Deus
1277 909 1359 942 alios
1372 909 1493 948 aliis,vt
1503 920 1606 942 nemo
1618 902 1647 942 se
1660 909 1801 944 eximere
1812 907 1830 940 ὲ
1841 903 2048 942 subiectione
2057 905 2183 951 debeat.

334 975 372 998 ac
385 965 578 1009 vbicunque
588 972 701 1007 regnat
713 957 941 994 charitas‚illic
953 969 1070 991 mutua
1080 955 1125 990 est
1137 954 1342 990 seruitusNe
1356 960 1462 1004 Reges
1475 959 1611 1003 quidem
1624 969 1660 991 ac
1670 955 1908 1003 gubernatores
1919 954 2090 1003 excipimfi
2101 959 2188 1003 qui-

337 1013 413 1048 dem
428 1016 463 1047 in
476 1012 540 1046 hoc
553 1009 692 1058 praesunt
705 1019 739 1041 vt
749 1005 901 1040 seruiant.
944 1006 1059 1050 Qare
1072 1018 1142 1039 non
1154 1003 1219 1038 fine
1230 1003 1324 1039 causa
1336 1018 1454 1039 omues
1473 1005 1624 1039 hortatur
1647 1017 1681 1038 vt
1691 1005 1753 1038 sint
1772 1006 1921 1039 inuicem
1951 1003 2011 1038 sibi
2030 1003 2183 1041 subiecti.

336 1061 399 1096 Sed
417 1064 494 1108 quia
504 1058 591 1094 nihil
605 1059 755 1092 humano
767 1056 907 1101 ingenio
918 1056 1024 1100 magis
1036 1053 1080 1086 est
1090 1051 1261 1086 aduersum
1273 1076 1282 1090 ‚
1296 1055 1397 1099 quam
1408 1052 1481 1087 aliis
1490 1054 1519 1087 se
1528 1053 1719 1089 submittere
1728 1077 1738 1090 ,
1757 1064 1891 1087 reuocat
1903 1065 1966 1087 nos
1975 1053 2015 1086 ad
2027 1055 2188 1089 timorem

337 1110 476 1149 Christi,
493 1110 551 1155 qui
566 1105 653 1154 solus
666 1104 771 1152 potest
782 1103 926 1137 nostram
938 1100 1096 1135 ferociam
1108 1101 1255 1141 domare,
1267 1115 1308 1135 ne
1319 1104 1437 1154 iugum
1449 1101 1654 1136 recusemus:
1670 1106 1702 1135 &
1715 1100 1863 1148 subigere
1874 1103 2098 1148 arrogantiam
2114 1128 2125 1143 ,
2144 1116 2189 1138 ne

339 1157 459 1193 seruire
476 1169 537 1191 nos
551 1149 712 1202 proximis
728 1152 858 1199 pudeat.
882 1150 1034 1184 AdPauli
1047 1146 1175 1187 sensum
1188 1162 1305 1197 parum
1316 1151 1433 1187 refert,
1445 1147 1566 1197 paffiue
1584 1164 1625 1184 an
1636 1151 1746 1185 astiue
1757 1152 1899 1196 accipias
1919 1148 2186 1193 Christxmnorem.

339 1208 406 1242 hoc
421 1207 474 1244 est,
493 1203 544 1238 vel
555 1205 632 1249 quia
642 1205 802 1235 timemus
812 1199 997 1235 Christum,
1010 1199 1086 1232 ideo
1097 1196 1234 1233 subiecti
1244 1197 1343 1233 fimus
1355 1198 1593 1246 proximistveL
1606 1201 1684 1245 quia
1698 1196 1861 1232 eiusmodi
1872 1201 1994 1233 timore
2003 1201 2139 1246 piorum
2149 1213 2190 1234 o-

339 1257 473 1292 mnium
486 1252 613 1286 mentes'
623 1248 681 1290 sub
694 1249 818 1285 Chi-issi
830 1260 934 1295 regno
946 1245 1092 1282 imbutas
1102 1245 1161 1281 effe
1171 1249 1344 1281 conuenit.
1356 1246 1422 1281 Alii
1435 1247 1564 1282 codices
1574 1247 1864 1294 legunt,timorem
1875 1245 2039 1281 Dei.forte
2054 1249 2100 1282 ita
2112 1260 2190 1283 rnu-

338 1305 421 1337 tauit
434 1299 609 1348 quispiam,
624 1301 679 1333 cui
691 1301 782 1346 prior
794 1296 965 1343 loquutio‚
978 1309 1050 1342 quae
1065 1307 1178 1329 tamen
1189 1296 1318 1343 optime
1330 1292 1503 1336 conuenit,
1515 1296 1630 1330 durior
1643 1294 1709 1329 visa
1723 1293 1839 1329 fuerat.
1928 1327 1932 1329 .

385 1363 420 1385 22
468 1350 653 1392 Mulieres.)
707 1347 812 1380 Nunc
822 1345 860 1378 ad
871 1345 990 1391 gradus
999 1342 1164 1378 descendit
1174 1357 1181 1376 :
1193 1357 1271 1390 quia
1281 1356 1394 1392 praeter
1405 1343 1488 1378 illud
1500 1342 1680 1378 vuiuersale
1695 1342 1912 1378 subieetionis
1926 1344 2118 1384 vinculum,
2129 1345 2190 1382 alr‘i

334 1400 408 1434 aliis
421 1398 541 1433 arctius
555 1396 630 1431 sunt
645 1396 806 1430 deuincti:
820 1404 854 1427 vt
865 1394 909 1426 est
919 1390 1178 1438 vniuscuiusque
1189 1396 1335 1427 vocatio.
1347 1393 1449 1426 Porro
1462 1395 1656 1427 oeconomia
1666 1391 1772 1426 tribus
1783 1391 1872 1438 quasi
1882 1395 1970 1440 iugis
1981 1394 2127 1432 constat,
2150 1398 2189 1431 in

337 1449 461 1496 quibus
473 1457 589 1481 mutua
601 1445 644 1479 est
657 1445 802 1492 partium
814 1441 990 1489 obligatio.
999 1444 1120 1488 Iugum
1134 1443 1282 1487 primum
1296 1442 1338 1475 est
1350 1443 1502 1488 coniugii
1513 1444 1598 1475 iuter
1608 1443 1716 1474 virum
1730 1444 1763 1474 δε
1775 1453 1911 1474 onrem
1922 1455 1930 1474 ε
1942 1440 2121 1477 secundum
2133 1445 2190 1479 iu-

340 1510 422 1544 gum
434 1489 621 1531 conficiunt
632 1501 782 1540 parentes
794 1494 828 1525 ὃς
839 1490 954 1524 liberi:
975 1492 1111 1523 tertium
1122 1490 1282 1524 dominos
1297 1488 1453 1524 &seruos
1467 1493 1629 1524 continet.
1651 1492 1698 1523 lta
1709 1491 1745 1523 in
1757 1492 1950 1523 oeconomia
1961 1488 2035 1524 sunt
2055 1491 2191 1529 diuersae

337 1546 388 1580 sex
402 1542 557 1592 personae,
571 1553 714 1588 quarum
733 1538 869 1586 lingulis
879 1538 934 1572 hic
945 1539 1114 1585 praecipiet
1123 1538 1244 1572 Paulus
1255 1538 1352 1585 quale
1361 1537 1398 1572 fit
1409 1536 1504 1572 suum
1515 1536 1677 1572 officium.
1692 1539 1722 1571 A
1734 1536 1929 1571 mulieribus
1941 1539 2063 1586 incipit
2072 1565 2082 1579 ,
2105 1552 2190 1586 quas

337 1595 466 1629 maritis
479 1589 638 1626 subiectas
658 1586 717 1622 effe
731 1588 844 1625 iubet,
869 1600 940 1621 non
951 1586 1041 1621 secus
1051 1598 1088 1620 ac
1107 1585 1254 1625 Christo,
1273 1600 1344 1623 uon
1355 1589 1433 1632 quia
1444 1586 1480 1623 sit
1499 1586 1633 1633 aequalis
1643 1587 1846 1623 authoritas,
1869 1585 1921 1620 sed
1939 1589 2018 1633 quia
2031 1587 2189 1626 mulieres
2222 1627 2229 1632 ἡ
2253 1585 2266 1619 ’,

342 1642 477 1677 obedire
493 1640 628 1674 Christo
640 1647 807 1684 nequeant
816 1659 827 1674 ,
851 1634 911 1670 nisi
920 1633 949 1669 se
960 1634 1178 1681 obsequentes
1198 1637 1277 1670 viris
1298 1635 1486 1682 praebendo.
1514 1636 1670 1681 Sequitur
1689 1636 1774 1670 tatio
1791 1636 1890 1681 :quia
1901 1634 1988 1669 idem
2009 1636 2092 1670 ordo
2102 1649 2191 1672 con-

337 1684 476 1725 stitutus'
491 1687 535 1722 est
544 1689 562 1722 a
575 1687 710 1721 Christo
722 1687 808 1719 inter
827 1686 938 1720 virum
951 1687 984 1721 ὃς
996 1695 1133 1719 onrem
1143 1708 1155 1724 ‚
1180 1696 1281 1731 quem
1293 1682 1360 1731 ipse
1371 1694 1462 1722 tenet
1476 1695 1555 1717 cum
1565 1682 1621 1717 sua
1630 1681 1783 1721 Ecclesia.
1810 1682 1914 1717 Porro
1933 1683 2003 1718 haec
2013 1695 2191 1733 compara-

342 1742 393 1774 tio
410 1740 514 1785 magis
533 1734 660 1770 afficere
672 1733 786 1770 debuit
799 1759 810 1773 ‚
830 1730 964 1779 quamsi
976 1731 1016 1765 de
1036 1731 1125 1765 nuda
1134 1732 1198 1766 Dei
1223 1734 1437 1769 ordinatione
1457 1731 1620 1778 loquutus
1633 1730 1728 1765 foret.
1749 1732 1839 1769 Nam
1851 1731 1920 1765 duo
1941 1730 2068 1782 posuit:
2094 1734 2190 1780 quod

341 1789 435 1823 Deus
453 1789 564 1821 virum
575 1782 756 1832 praefecerir
766 1783 878 1816 vxori:
891 1784 925 1815 ὅ(
937 1780 1030 1828 quod
1038 1779 1139 1818 huius
1149 1779 1347 1829 praefedtutae
1357 1783 1471 1829 imago
1481 1783 1516 1818 iu
1525 1781 1660 1818 Christo
1669 1790 1767 1821 extet,
1788 1782 1849 1829 qui
1861 1792 1959 1828 caput
1971 1781 2016 1818 est
2026 1780 2187 1824 Ecclesiae,

340 1836 436 1872 sicuti
446 1837 496 1869 vir
508 1835 629 1868 vxoris.

391 1894 424 1928 23
474 1883 543 1931 Q
554 1879 636 1915 idem
645 1879 849 1924 estfirnator.)
899 1879 1049 1925 Qidam
1059 1877 1236 1914 relatiuam
1249 1879 1374 1914 Christi
1383 1879 1443 1914 effe
1453 1890 1571 1928 putant
1582 1903 1592 1917 ‚
1603 1878 1660 1916 alii
1670 1889 1783 1914 autem
1801 1879 2040 1927 Mariti.Magis
2050 1879 2187 1916 Christo

343 1934 503 1979 congruit
514 1953 524 1967 ,
547 1942 623 1964 meo
633 1930 770 1977 quidem
781 1928 927 1963 iudicio:
943 1926 995 1961 sed
1006 1930 1051 1961 ita
1059 1938 1095 1961 vt
1115 1928 1155 1961 ad
1165 1926 1356 1975 praesentem
1366 1927 1495 1963 causam
1510 1928 1754 1963 accommodet.
1782 1927 1872 1961 Nam
1884 1925 1979 1962 debet
1990 1929 2138 1964 constare
2151 1942 2187 1965 e·-

342 1984 425 2014 tiam
438 1982 472 2013 in
484 1979 544 2013 hac
558 1989 649 2025 parte
658 1975 842 2012 similitudo
851 1999 862 2016 ,
881 1978 987 2010 Sicuti
999 1975 1150 2010 Christus
1177 1975 1324 2011 Ecclefiae
1335 1976 1395 2011 suae
1406 1978 1516 2024 praeest
1528 1980 1563 2010 in
1575 1979 1646 2013 eius
1657 1975 1794 2012 salutem
1803 1998 1815 2013 2
1839 1978 1883 2009 ita
1893 1975 1981 2011 nihil
1988 1975 2054 2010 effe·
2063 1976 2189 2011 inu-liess

341 2032 369 2065 ri
381 2028 496 2062 vtilius
516 2039 577 2060 nec
592 2028 696 2073 magis
709 2023 835 2058 salubre
845 2051 855 2065 ,
867 2024 967 2070 quam
979 2035 1015 2057 vt
1025 2026 1146 2057 marito
1157 2018 1262 2058 sublit.
1283 2026 1391 2058 Perire
1402 2028 1503 2072 igitur
1513 2023 1667 2060 affectant
1678 2038 1750 2071 quae
1761 2036 1907 2058 renuunt
1940 2022 2187 2062 subiectionem

343 2072 402 2112 sub
414 2089 480 2124 qua
493 2070 586 2109 saluae
604 2072 664 2108 effe
685 2083 847 2121 poterant.
896 2070 1040 2106 Tametsi
1060 2084 1195 2119 propter
1210 2072 1446 2107 aduersatiuam
1468 2073 1664 2121 particulam
1676 2086 1748 2119 quae
1762 2070 1925 2119 sequitur,
1954 2071 2057 2120 polset
2075 2075 2121 2107 ita
2131 2086 2189 2109 ex·

344 2128 429 2172 poni
451 2136 507 2172 per
523 2125 781 2171 occupationem
791 2145 800 2160 ‚
821 2120 932 2155 Habet
957 2121 1093 2167 quidem
1113 2121 1145 2153 id
1157 2120 1321 2167 peculiare
1341 2121 1491 2156 Christus
1509 2148 1519 2162 ‚
1543 2123 1633 2167 quod
1647 2123 1690 2155 est
1707 2122 1861 2155 seruator
1873 2119 2029 2157 Ecclesiae.
2055 2112 2196 2156 nihilo-¹

341 2176 459 2208 miuus
483 2170 585 2207 sciant
606 2172 761 2206 mulieres
770 2196 779 2210 ,
803 2168 861 2203 sibi
874 2171 1012 2203 maritos
1033 2168 1159 2216 praeeffe
1169 2193 1179 2206 ‚
1201 2169 1325 2204 Christi
1339 2170 1493 2217 exemplo
1504 2196 1514 2209 ,
1533 2182 1704 2216 vtcunque
1716 2171 1786 2217 pari
1808 2171 1912 2215 gratia
1930 2168 2002 2204 non
2022 2169 2183 2217 polleant.

343 2221 420 2257 Alia
440 2233 551 2255 tamen
562 2219 724 2268 expositio
734 2220 842 2253 verior
854 2219 909 2253 est.
938 2230 999 2254 nec
1009 2218 1093 2257 adeo
1109 2230 1162 2256 me
1173 2229 1290 2257 mouet
1299 2220 1501 2254 coniunctio
1512 2217 1715 2253 aduersatiua
1727 2216 1845 2258 ,α’λλῶ,
1865 2230 1930 2264 qua
1939 2219 2044 2253 vtitur
2062 2217 2184 2256 Paulus

344 2283 407 2318 pro
420 2268 598 2304 Caeterum.
1888 2274 1892 2277 '
2101 2266 2105 2277 ‘¹

393 2330 426 2364 25
477 2320 510 2351 V
512 2320 549 2351 iri
559 2316 678 2365 diligite
689 2315 804 2356 vestras
812 2318 963 2358 vxore5·)
1009 2318 1039 2352 A
1052 2319 1177 2352 maritis
1187 2315 1327 2354 viciffim
1339 2318 1519 2364 requiritur
1527 2315 1676 2353 dilectio:
1689 2314 1740 2349 sed
1750 2327 1822 2348 eam
1833 2327 1904 2348 non
1915 2313 2031 2348 debere
2041 2314 2184 2351 ess'evul·

342 2380 457 2414 garem
468 2364 640 2414 significat,
651 2379 757 2413 quum
770 2365 834 2400 illis
847 2379 983 2413 quoque
991 2369 1152 2415 proponit
1162 2365 1352 2413 exemplum
1364 2364 1501 2400 Christi.
1521 2366 1610 2399 Nam
1623 2363 1645 2398 si
1661 2367 1696 2398 in
1710 2364 1810 2412 gradu
1822 2362 1974 2401 honoris,
1989 2362 2078 2398 illius
2088 2367 2183 2411 genie

347 2419 541 2462 imaginem,
555 2418 587 2449 ἂ
601 2413 689 2461 quasi
702 2412 872 2462 personam
883 2413 1050 2449 sustinent:
1063 2418 1162 2449 etiam
1174 2418 1209 2452 in
1219 2414 1334 2452 officio
1343 2413 1451 2463 ipsum
1462 2413 1578 2447 referre
1590 2412 1721 2447 debent.
1764 2412 1942 2461 Etsetpsum
1949 2410 2092 2446 tradidit.
2104 2414 2183 2451 Hoc

346 2466 481 2509 quidem
492 2464 530 2498 ad
540 2464 787 2511 exprimendam
798 2462 1191 2501 amoris'vehementiam‚
1201 2477 1303 2511 quem
1313 2465 1375 2497 viri
1384 2461 1504 2497 debent
1512 2459 1780 2499 vxoribuswalet.
1793 2457 1844 2496 sed
1854 2473 1933 2498 mox
1943 2459 2075 2509 sumpta
2083 2473 2183 2496 occa-

347 2513 436 2546 lione
450 2511 610 2546 delabitur
637 2512 676 2550 ad
686 2513 988 2548 commendandam
1003 2512 1128 2547 Christi
1140 2515 1290 2560 gratiam.
1302 2514 1478 2546 Imitentur
1488 2522 1567 2557 ergo
1579 2511 1640 2543 viri
1651 2509 1821 2543 Christum
1835 2512 1870 2543 in
1881 2521 1920 2543 eo
1931 2509 2024 2556 quod
2057 2521 2096 2543 ro
2116 2510 2184 2545 Ec*

347 2559 442 2597 clesia
456 2564 541 2594 mori
553 2573 622 2595 non
634 2559 810 2594 dubitauit.
822 2560 913 2606 quod
923 2572 1033 2595 autem
1047 2572 1155 2596 morte
1162 2558 1217 2596 sua
1227 2561 1366 2595 redemit
1376 2557 1563 2596 Ecclesiam,
1575 2558 1653 2593 haec
1666 2556 1840 2605 peculiaris
1851 2556 1901 2594 illi
1911 2559 2014 2594 virtus
2026 2522 2088 2592 fl’iit
2098 2570 2106 2591 z
2117 2558 2182 2604 qu5¹

349 2609 490 2642 minime
502 2610 612 2643 datum
624 2609 667 2642 est
678 2608 875 2642 hominibus
887 2608 941 2642 sua
952 2611 1142 2645 imitatione
1152 2608 1284 2656 assequi.
1296 2612 1364 2643 Iam
1375 2609 1453 2642 vero
1463 2607 1566 2647 addit,
1577 2608 1625 2640 Vt
1635 2606 1926 2648 eamsc'mc‘lisz'caret:
1941 2605 2009 2640 hoc
2019 2607 2074 2643 est,
2085 2618 2120 2640 vt
2131 2605 2181 2641 seq

346 2669 496 2704 gregat-et
511 2670 581 2691 eam
596 2656 711 2690 sibi.ita
725 2660 814 2690 enim
827 2656 1107 2693 §anstificationis
1118 2657 1321 2693 vocabulum
1332 2660 1473 2705 accipio.
1483 2655 1587 2692 Porro
1600 2655 1632 2691 id
1643 2653 1679 2689 fit
1688 2666 1746 2706 pet
1765 2650 1990 2693 remiffionem
2001 2655 2182 2705 peccatori

348 2709 385 2743 &-
399 2708 679 2752 regenerationem
692 2707 842 2755 Spiritus.

398 2767 440 2797 26
487 2766 535 2797 M
538 2763 655 2799 undans
666 2766 788 2800 lauacro
802 2767 1051 2809 aqua.)1nternae
1063 2768 1096 2799 δε
1108 2777 1231 2800 arcanae
1242 2764 1495 2799 sanctificationi
1506 2766 1596 2799 addit
1605 2767 1704 2799 etiam
1715 2775 1886 2798 externum
1899 2760 2181 2809 symbolumzquia

346 2814 383 2846 in
395 2811 459 2846 hoc
470 2811 647 2859 conspicua
657 2813 700 2848 est
711 2812 800 2847 illius
811 2811 1045 2848 confirmatio:
1064 2813 1125 2848 acfi
1135 2815 1255 2848 diceret
1265 2840 1275 2854 ,
1287 2812 1378 2847 illius
1388 2811 1659 2849 sanirificationis
1671 2815 1792 2860 pignus
1803 2809 1971 2858 Baptismo
1991 2809 2180 2845 exhibitum

350 2860 452 2896 fuille.
466 2862 670 2906 Quanquam
683 2860 755 2895 sana
767 2864 1038 2908 interpretatione
1049 2862 1103 2897 hic
1115 2875 1200 2910 opus
1213 2863 1268 2900 est,
1281 2875 1321 2895 ue
1334 2875 1371 2896 ex
1384 2864 1596 2898 Sacramento
1607 2862 1714 2906 (quod
1725 2862 1804 2908 saepe
1814 2859 1944 2901 accidit)
1958 2858 2059 2906 praua
2068 2857 2181 2907 super-

351 2910 485 2943 stitione
497 2908 627 2942 idolum
638 2908 695 2944 sibi
705 2907 825 2943 faciant
836 2911 1003 2945 homines.
1031 2911 1136 2955 Qod
1145 2909 1314 2958 Baptismo
1334 2923 1397 2944 nos
1407 2909 1497 2943 ablui
1507 2911 1604 2943 docet
1614 2909 1733 2943 Paulus
1742 2932 1752 2947 ,
1762 2909 1837 2942 idco
1849 2908 1892 2940 est
1903 2908 2018 2953 ‚quod
2028 2906 2097 2942 illic
2113 2920 2180 2945 no-

348 2956 399 2991 bis
412 2956 620 2991 ablutionem
632 2957 775 2990 nostram
791 2958 922 2992 testatur
932 2960 1037 2996 Deus,
1049 2963 1082 2992 δε
1096 2958 1192 2993 simul
1202 2957 1302 2994 efficit
1312 2960 1403 3004 quod
1415 2957 1543 3005 figurat.
1562 2956 1633 2992 Nili
1645 2960 1735 2991 enim
1748 2958 1930 2992 coniuncta
1948 2953 2022 2990 elset
2036 2957 2082 2989 rei
2092 2957 2178 2990 veri-

350 3016 409 3043 tas,
421 3016 476 3039 aut
486 3004 659 3042 exhibitio,
671 3006 762 3051 quod
774 3006 858 3039 idem
870 3007 923 3042 est:
937 3010 1120 3054 impropria
1131 3007 1198 3042 haec
1210 3008 1368 3053 loquutio
1381 3005 1465 3043 effer,
1476 3005 1657 3054 baptismus
1668 3006 1711 3039 est
1721 3004 1890 3039 lauacrum
1900 3006 2029 3038 animae.
2051 3006 2180 3041 Interea

350 3054 537 3091 cauendum
548 3080 557 3094 ‚
576 3067 616 3088 ne
628 3055 718 3099 quod
727 3055 896 3089 vniusDei
908 3055 962 3094 est,
973 3054 1024 3090 vel
1036 3057 1074 3088 ad
1086 3055 1176 3103 signu
1183 3069 1227 3093 m,
1238 3055 1287 3088 vel
1299 3056 1338 3089 ad
1348 3056 1539 3093 Ministrum
1552 3052 1773 3088 transferatur:
1785 3053 1850 3086 hoc
1860 3053 1951 3089 est‚vt
1962 3052 2113 3090 Minister
2124 3053 2180 3086 ce-

350 3100 453 3137 scatur
466 3101 647 3137 ablutionis
656 3102 777 3136 author
786 3124 796 3138 ‚
814 3113 848 3135 vt
859 3115 943 3148 aqua
954 3106 1086 3153 putetur
1095 3107 1214 3139 animae
1225 3103 1332 3138 sordes
1344 3115 1500 3151 purgare:
1521 3103 1612 3148 quod
1622 3115 1692 3136 nou
1703 3100 1763 3135 nisi
1784 3101 1907 3135 Christi
1921 3099 2075 3147 sanguini
2092 3112 2179 3136 con-

353 3152 456 3182 uenit.
470 3150 626 3196 Denique
637 3151 822 3184 cauendum
834 3164 876 3184 ne
887 3150 952 3184 vlla
962 3150 1088 3186 fiduciae
1098 3154 1213 3187 nostrae
1224 3155 1337 3200 portio
1348 3151 1399 3185 vel
1413 3155 1448 3186 in
1459 3151 1637 3189 elemento,
1652 3149 1703 3183 vel
1714 3152 1748 3183 in
1762 3149 1901 3183 homine
1911 3148 2179 3195 haereat.quando

354 3197 408 3231 hii:
418 3197 552 3231 demum
564 3211 658 3232 verus
670 3210 706 3232 ac
717 3201 823 3233 teitus
834 3201 1035 3238 Sacrameuti
1056 3199 1128 3235 vsus
1141 3202 1183 3234 est
1194 3224 1203 3238 ‚
1216 3203 1302 3235 reeta
1313 3213 1375 3234 nos
1386 3200 1424 3234 ad
1435 3199 1606 3234 Christum
1618 3211 1719 3232 manu
1731 3199 1848 3231 ducere
1859 3224 1868 3235 ‚
1891 3202 1923 3232 δε
1937 3200 1972 3233 in
1985 3195 2054 3245 ipso
2065 3196 2180 3232 sistere.

354 3244 458 3290 Qod
467 3256 572 3279 autem
585 3246 688 3292 aliqui
700 3250 734 3280 in
747 3247 811 3281 hoc
822 3247 979 3294 Baptismi
991 3247 1103 3295 elogio
1115 3253 1219 3295 magis
1231 3249 1439 3283 extenuando
1450 3247 1578 3284 sudant,
1588 3260 1629 3281 ne
1639 3245 1732 3293 signo
1744 3249 1891 3280 nimium
1902 3245 2077 3285 tribuatur,
2087 3242 2109 3278 si
2120 3256 2183 3277 vo-

348 3302 443 3327 cetur
453 3295 569 3326 animae
580 3294 758 3328 lauacrum:
776 3308 943 3342 perperam
955 3295 1091 3330 faciunt.
1102 3297 1191 3330 Nam
1204 3297 1350 3344 primum
1362 3296 1542 3344 Apostolus
1553 3309 1624 3330 non
1634 3295 1729 3331 docet
1741 3294 1870 3342 signum
1882 3293 1942 3328 effe
1953 3294 2045 3340 quod
2055 3292 2182 3330 insidet,

345 3337 401 3376 sed
411 3337 483 3376 affer
492 3342 514 3373 it
526 3339 623 3376 solius
637 3344 702 3378 Dei
716 3342 774 3380 effe
783 3356 880 3391 opus.
896 3344 949 3378 Est
960 3356 1039 3390 ergo
1052 3345 1141 3379 Deus
1153 3348 1211 3391 qui
1222 3346 1379 3382 mundat:
1398 3357 1460 3381 nec
1471 3343 1634 3380 transferri
1646 3342 1714 3379 hoc
1725 3344 1865 3378 honoris
1875 3343 1914 3378 ad
1925 3341 2055 3390 [ignum
2067 3339 2113 3374 fas
2124 3341 2180 3428 esst,

2077 3399 2133 3424 aut
2156 3401 2187 3428 i-
