2268 3705
123 1099 214 1131 (ft-27·
227 1094 253 1127 d.
273 1107 318 1130 29.

316 132 380 165 ⁶..
902 117 1036 164 ·1N
1092 96 1644 164 emsTOL‘AM

339 196 483 231 mortuis
494 195 644 229 excitare.
653 193 741 240 Ergo
751 189 862 225 datam
874 186 933 222 fibi
945 182 1201 235 promissionem
1211 196 1283 218 non
1294 181 1408 216 abiicit
1422 180 1430 215 Ξ
1452 179 1505 214 sed
1515 182 1583 215 virn
1595 183 1665 215 eius
1675 192 1712 215 ac
1721 181 1893 215 veritatem
1905 192 1994 217 extra
2005 178 2066 218 filii
2086 184 2189 221 vitam
2228 216 2229 220 ,

342 245 502 282 extendit,
514 245 594 290 quia
606 244 670 277 Dei
683 241 868 289 potentiam
881 247 949 271 tam
960 235 1105 283 angustis
1119 231 1242 268 finibus
1254 244 1324 266 non
1337 229 1474 270 limitat,
1486 240 1520 263 vt
1533 240 1669 264 mortuo
1679 228 1762 264 Isaac
1772 228 1824 263 vel
1833 228 1966 276 alligata
1976 229 2014 265 sit
2024 231 2075 267 vel
2086 237 2193 270 extin-

341 294 484 328 ‹sthoc
498 292 600 327 modo
612 285 867 339 promissionem
881 287 1030 322 retinuit,
1047 285 1126 330 quia
1136 282 1204 315 Dei
1213 281 1400 327 potentiam
1413 290 1485 312 non
1496 275 1600 312 affixit
1611 280 1686 312 vitae
1696 276 1791 312 Isaac:
1804 275 1855 312 sed
1867 278 2052 326 persuasum
2063 280 2191 321 habuit,

342 345 379 376 in
390 344 459 376 cius
471 342 597 376 mortui
608 337 776 374 cineribus
788 349 858 371 non
871 338 984 368 minus
999 333 1100 378 quam
1111 333 1148 364 in
1161 332 1241 364 vino
1257 332 1289 363 ὃ(
1302 326 1455 379 spirante,
1473 324 1544 360 fore
1555 323 1735 360 efficacem.

391 402 427 434 19
477 388 574 424 Vnde
583 400 653 422 eum
662 389 804 434 quoque.)
845 381 917 417 Acii
929 383 1053 415 diceret
1072 403 1081 419 ‚
1093 380 1217 427 Neque
1227 377 1295 412 haec
1305 379 1374 425 spes
1386 375 1534 409 frustrata
1543 375 1587 409 est
1598 373 1828 410 Abrahamum
1842 398 1852 413 ‚
1875 376 2033 423 quiahaec
2045 379 2213 424 quaedamc'

342 438 591 474 restitit-&iouis
603 436 665 471 fuit
676 435 808 483 species,
822 432 914 479 quod
925 428 1036 468 subito
1049 426 1205 462 liberatus
1217 425 1280 460 fuit
1294 435 1331 459 ex
1345 425 1450 458 media
1462 433 1582 457 morte.
1602 423 1742 458 Nomen
1754 423 1916 471 parabolae
1927 426 2020 472 quod
2029 427 2084 461 hic
2096 432 2197 474 ponfi-

343 498 408 527 tur,
422 488 509 521 varie
520 495 695 534 exponunt
709 486 913 529 interpretes.
934 479 1006 525 Ego
1018 476 1352 526 simplicitet-accipio
1364 485 1424 520 pro
1435 467 1768 507 similitudinishota.
1790 472 1917 508 tametsi
1927 478 2019 514 enim
2031 479 2106 510 vere
2124 469 2198 512 non

343 535 514 570 resurrexit
524 533 620 571 Isaac,
637 529 890 579 quodammodo
901 539 1013 561 tamen
1024 527 1154 560 videtur
1164 520 1365 557 resurrexisse
1377 532 1483 567 quum
1494 521 1630 567 repente
1638 531 1674 554 ac
1695 512 1892 564 mirabiliter
1904 524 2114 570 inexpetitam
2132 525 2199 562 Dei

344 587 460 632 gratia,
470 585 617 631 eripitur.
631 581 753 626 Neque
766 591 877 613 tamen
888 574 1037 623 displicet
1049 573 1141 618 quod
1151 573 1207 606 alii
1219 573 1254 605 in
1265 573 1375 609 ariete,
1382 571 1441 616 qui
1454 566 1646 616 subrogatus
1659 564 1752 603 est‘in
1764 569 1879 605 locum
1891 564 2123 608 lsaac,cat‘nem
2133 585 2200 608 no-

345 634 441 667 stram
453 632 611 679 designari
623 638 755 677 purant,
767 640 839 674 quae
851 635 951 659 morti
964 622 1146 657 subiicitur.
1156 622 1268 654 Fateor
1279 621 1378 652 etiam
1389 629 1506 651 verum
1518 618 1578 651 esse
1590 618 1681 663 qnod
1696 616 1752 651 alii
1763 617 1909 656 tradunt,
1920 621 1954 653 in
1967 619 2028 654 hac
2039 620 2206 657 immola-'

345 683 439 715 tione
451 683 575 728 pictam
587 677 678 713 fuisse
689 676 814 711 Christi
826 675 1017 721 imaginem.
1032 671 1093 706 scd
1104 680 1195 705 nunc
1207 668 1288 715 quid
1299 664 1429 700 senserit
1443 664 1711 712 Apostolus,non
1722 659 1805 712 quffl
1817 668 1889 701 vere
1900 668 1966 702 dici
1977 656 2232 718 poffit,dispu¹·'⁹=l'

346 738 394 763 to.
407 729 461 763 hic
471 739 595 764 autem,
607 725 834 764 meoiudicio,
848 724 1014 771 genuinus
1026 720 1070 753 cst
1082 716 1199 753 sensus:
1211 716 1303 765 quod
1316 714 1486 750 Abraham
1498 727 1569 749 non
1582 713 1675 748 aliter
1688 712 1797 749 filium
1809 713 1904 750 suum
1914 718 2050 765 recepit,
2064 720 2166 765 quam
2177 717 2202 754 st
2220 706 2229 730 'V‘

346 776 397 811 illi
408 790 446 811 cx
458 787 566 811 morte
577 775 743 809 restitutus
760 772 834 808 esset
847 785 883 806 in
893 782 1020 809 nouam
1032 771 1147 802 vitam.
2222 773 2242 806 a(

394 837 435 859 20
487 823 566 859 Fide
574 824 696 868 Isaac.)
747 823 824 856 Hoc
836 822 936 854 etiam
949 816 1024 852 fidei
1035 828 1120 865 opus
1132 814 1207 852 fuit,
1217 811 1385 848 defuturis
1395 811 1589 847 benedicere
1599 833 1610 849 ‚
1622 813 1701 858 quia
1713 810 1771 846 vbi
1782 824 1830 846 res
1840 825 1912 847 non
1927 824 2013 849 extat
2025 838 2035 852 ‚
2047 812 2099 850 sed
2109 817 2203 853 nuda
2222 804 2245 858 ἦῆ

345 873 485 908 verbum
495 882 649 921 apparet,
663 869 787 906 necesse
798 870 842 903 cst
853 867 955 902 solam
968 865 1066 900 fidem
1076 875 1223 911 regnare.
1242 862 1304 897 Sed
1316 863 1427 909 primo
1450 860 1528 895 loco
1538 861 1725 894 notandum
1739 861 1783 894 cst
1793 862 1876 907 quid
1885 861 1991 897 valeat
2010 862 2204 900 benedictio
2226 864 2228 866 ’
2241 888 2243 891 -

345 922 385 956 dc
397 935 463 969 qua
479 922 641 969 loquitur:
656 932 733 955 nam
756 917 834 965 saepe
849 914 1048 964 generaliter
1064 910 1259 948 ‘Benedicere
1272 922 1333 958 pro
1345 909 1428 944 bene
1439 910 1563 957 precati
1579 911 1752 956 accipitur.
1772 910 1834 943 Sed
1846 908 1948 958 longe
1957 904 2021 945 alia
2034 915 2119 948 ratio
2138 912 2204 950 fuit
2222 871 2257 956 ἥ

345 970 594 1006 benedictionis
604 967 699 1003 Isaac:
714 977 780 1002 erat
791 968 882 1000 enim
894 962 983 1011 quasi
997 960 1106 997 miffio
1117 963 1150 995 in
1164 957 1392 1007 poisessionem
1405 960 1475 992 eius
1486 969 1577 992 terra:
1588 969 1688 1003 quam
1702 959 1795 992 Deus
1805 957 1856 991 illi
1881 962 1915 992 &⁷
1928 960 2063 1007 posteris
2073 965 2206 1010 promi·
2237 946 2247 959 κ

345 1018 437 1054 serat.
450 1022 555 1066 Atqui
567 1021 601 1053 in
614 1031 649 1051 ea
662 1014 747 1051 nihil
764 1013 862 1049 habet
872 1011 1003 1061 prorsus
1015 1010 1076 1046 nifi
1087 1012 1138 1044 ius
1149 1007 1323 1056 sepulchri.
1336 1005 1482 1041 ridiculae
1492 1018 1571 1053 ergo
1585 1006 1738 1040 videntur
1750 1005 1937 1053 magnificae
1950 1007 2014 1043 illae
2024 999 2135 1049 voces,
2148 1012 2205 1046 Ser
2220 1000 2224 1039 ,'

345 1072 440 1104 uiant
451 1068 512 1103 tibi
524 1066 653 1115 populi,
669 1069 702 1100 &
715 1063 820 1098 tribus
837 1074 868 1096 te
878 1062 1029 1096 adorent.
1040 1057 1150 1106 Qle
1161 1060 1250 1091 enim
1264 1057 1458 1090 dominium
1469 1058 1593 1088 tradere
1603 1057 1729 1101 potnit,
1740 1057 1798 1102 qui
1811 1054 1879 1102 ipse
1897 1059 1950 1092 vix
1962 1057 2044 1092 liber
2053 1066 2131 1094 “212
2145 1061 2206 1095 Vi.
2231 1087 2235 1091 ,

345 1118 462 1152 demus
473 1119 584 1161 itaque
593 1115 679 1148 hanc
690 1113 966 1148 benedictionem
981 1107 1043 1143 fide
1056 1108 1214 1153 niti,quia
1225 1104 1311 1139 nihil
1322 1115 1435 1152 praeter
1446 1105 1509 1137 Dei
1522 1101 1659 1137 verbum
1671 1102 1770 1138 habet
1781 1102 1864 1138 Isaac
1878 1106 1969 1152 quod
1982 1109 2017 1141 in
2029 1105 2118 1143 filios
2128 1107 2207 1144 suos
2224 1095 2226 1098 >

347 1165 507 1202 conferat.
520 1164 676 1198 Dubitari
687 1173 800 1196 tamen
812 1159 919 1208 potest
929 1171 970 1192 an
984 1156 1050 1191 vlla
1059 1155 1157 1190 fuerit
1168 1156 1203 1188 in
1214 1154 1451 1188 benedictione
1466 1149 1546 1186 Esau
1559 1150 1637 1185 fides
1649 1173 1659 1188 ‚
1687 1163 1792 1198 quum
1805 1153 1965 1200 reprobus
1980 1154 2053 1190 ess'et
2063 1168 2165 1204 atque
2187 1157 2207 1192 ὴ
2218 1140 2234 1187 .

345 1217 422 1250 Deo
440 1214 618 1248 abdicatus.
630 1210 765 1245 Solutio
777 1207 882 1244 facilis
894 1207 948 1244 est,
965 1208 1045 1252 quia
1055 1207 1090 1239 in
1103 1217 1141 1238 eo
1154 1201 1298 1237 maxime
1310 1203 1430 1236 enituit
1443 1199 1534 1240 fides,
1546 1212 1652 1246 quum
1665 1199 1830 1247 gemellos
1843 1214 1880 1236 ex
1891 1201 1920 1236 se
1932 1206 2065 1250 genitos
2084 1205 2206 1241 disere-
2226 1195 2241 1226 ²¹

348 1267 415 1299 uit:
432 1267 465 1298 &
478 1265 521 1296 ita
533 1261 670 1307 quidem
681 1270 715 1294 vt
728 1259 854 1293 minori
865 1255 1018 1290 tribuerit
1030 1255 1176 1302 priorem
1187 1251 1313 1285 locum.
1326 1262 1404 1284 nam
1419 1249 1485 1283 Dei
1497 1247 1671 1282 oraculum
1683 1246 1852 1295 sequutus,
1872 1253 2103 1300 primogenito
2115 1254 2208 1289 ordi·
2230 1277 2233 1282 ·
2267 1252 2268 1257 ¹

348 1313 480 1347 narium
496 1313 547 1345 ius
560 1320 681 1344 natura:
692 1306 922 1342 ademit-Hinc
933 1314 1042 1338 autem
1054 1301 1174 1349 pendet
1186 1302 1290 1335 totius
1304 1300 1412 1348 gentis
1425 1298 1592 1337 conditio,
1608 1297 1699 1344 quod
1712 1300 1836 1333 eicetus
1846 1299 1862 1332 ὲ
1873 1301 1948 1335 Deo
1958 1299 2021 1335 furt
2032 1301 2144 1342 Iacob,
2155 1313 2207 1338 at-
2228 1284 2251 1324 ‘l

349 1374 414 1408 que
428 1374 462 1395 ca
474 1359 606 1396 electio,
618 1360 718 1405 patris
728 1355 964 1391 benedietione
974 1350 1094 1386 sancita
1105 1348 1178 1384 fuit.

397 1421 428 1442 21
479 1406 559 1442 Fa‘de
571 1404 689 1449 Iacob.)
740 1406 963 1450 Quaecunque
975 1409 1162 1434 memoratu
1176 1399 1277 1444 digna
1288 1396 1478 1430 acciderunt
1490 1397 1524 1430 in
1538 1393 1686 1443 populo,
1709 1390 1863 1446 Apostpli
1875 1397 2053 1433 consilium
2065 1399 2110 1434 est
2127 1397 2208 1436 fidei
2238 1382 2263 1406 “¹

349 1456 517 1492 ascribere.
533 1458 612 1503 quia
623 1465 736 1489 tamen
750 1454 867 1487 omnia
878 1448 1041 1485 recensere
1051 1449 1154 1482 nimis
1168 1446 1310 1493 longum
1323 1443 1441 1481 fmss'et,
1458 1456 1562 1491 pauca
1573 1457 1610 1478 ex
1622 1444 1737 1478 multis
1750 1443 1843 1492 eligit
1855 1458 1862 1479 :
1874 1446 1970 1493 quale
1980 1447 2046 1482 hoc
2059 1448 2114 1483 est,
2124 1461 2205 1484 nam

350 1506 455 1540 tribus
468 1508 491 1539 E
519 1506 624 1539 hraim
638 1506 682 1537 ita
693 1500 835 1548 reliquas
846 1499 1023 1547 superauit,
1034 1507 1069 1531 vt
1080 1495 1334 1543 quodammodo
1345 1493 1484 1527 laterent
1494 1491 1551 1526 sub
1563 1495 1632 1527 eius
1644 1493 1770 1527 vmbra.
1781 1493 1862 1542 saepe
1872 1497 1962 1530 enim
1975 1496 2088 1532 decem
2100 1495 2207 1533 tribus

350 1518 607 1602 comprehendit
619 1554 786 1598 Scriptura
797 1547 855 1584 sub
868 1549 932 1582 hoc
945 1547 1098 1581 nomine.
1122 1546 1227 1590 Atqui
1239 1541 1396 1590 Ephraim
1412 1553 1449 1575 ex
1462 1541 1593 1576 duobus
1608 1540 1684 1575 filiis
1703 1540 1821 1590 Ioseph
1832 1546 1945 1578 minor
1955 1556 2035 1579 natu
2045 1544 2118 1580 fuit.
2135 1557 2208 1593 quo
2234 1566 2238 1577 x

350 1613 503 1650 tempore
515 1601 620 1650 ipsum
635 1604 668 1635 δε
682 1603 815 1633 tratrem
827 1596 927 1632 Iacob
937 1592 1165 1634 benedicebat,
1177 1590 1276 1626 ambo
1287 1602 1378 1625 etant
1388 1592 1495 1638 pueri.
1505 1591 1586 1636 quid
1598 1593 1632 1624 in
1646 1592 1776 1624 minore
1788 1591 1941 1626 cernebat
1958 1593 2058 1628 Iacob
2068 1606 2126 1629 cur
2137 1597 2208 1643 pri·

351 1653 530 1699 mogcnito
541 1663 616 1684 eum
628 1647 789 1697 praeferret
801 1654 810 1679 Ξ
822 1646 1026 1692 Qinetiam
1037 1643 1070 1676 id
1080 1643 1160 1677 dum
1173 1640 1263 1680 facit,
1274 1640 1392 1674 oculos
1403 1637 1503 1673 habet
1513 1637 1605 1673 senio
1618 1636 1754 1673 obtusos
1767 1643 1800 1674 &
1816 1639 1969 1676 hebetes:
1991 1654 2051 1677 nce
2061 1642 2206 1678 fortuito
2233 1640 2235 1644 ’

351 1701 499 1735 dextram
513 1711 650 1734 manum
665 1698 813 1744 imponit
823 1696 925 1742 capiti
938 1695 962 1728 E
990 1692 1108 1726 hraim:
1123 1689 1257 1725 brachia
1267 1691 1357 1723 enim
1369 1684 1560 1721 decussatirn
1572 1689 1802 1735 componit,vt
1812 1689 1956 1724 dextram
1971 1703 2109 1726 manum
2120 1694 2156 1726 in
2165 1691 2208 1727 fi-

349 1749 486 1784 nistram
495 1746 835 1782 transferat-Praeterca
843 1744 922 1777 duas
935 1739 959 1775 il
976 1743 985 1774 i
995 1741 1168 1788 portiones
1179 1735 1390 1785 affignat‚acsi
1403 1738 1471 1770 iam
1483 1737 1552 1770 eius
1564 1746 1654 1770 terrae
1664 1734 1738 1770 esset
1748 1737 1908 1772 dominus
1916 1740 2003 1774 vnde
2014 1752 2092 1774 eum
2102 1739 2206 1777 fames

351 1797 513 1845 abegerat.
523 1794 622 1831 Nihil
634 1792 688 1829 hie
700 1794 825 1827 rationi
835 1788 1111 1826 consentaneum,
1124 1785 1184 1822 nisi
1196 1785 1273 1820 fides
1284 1787 1488 1820 dominetur.
1502 1786 1589 1831 Ergo
1599 1783 1705 1831 siquid
1719 1783 1779 1819 eise
1788 1785 1910 1820 volunt
1919 1788 2030 1826 1udaei,
2042 1801 2113 1824 non
2123 1788 2206 1825 alibi
2259 1787 2262 1790 ⁴

351 1847 454 1892 quam
466 1848 501 1880 in
512 1843 574 1880 fide
586 1843 784 1891 glorientur.
825 1841 882 1879 :sl
886 1837 1009 1872 dormit
1017 1835 1060 1869 ad
1059 1836 1281 1879 summitatem.
1318 1834 1386 1868 Hic
1397 1845 1483 1868 vnus
1496 1834 1539 1866 est
1551 1845 1589 1866 ex
1604 1835 1644 1868 iis
1654 1833 1738 1867 locis
1753 1835 1838 1868 vnde
1850 1837 2079 1872 coniecturam
2099 1837 2206 1874 facete

350 1895 440 1934 licet,
458 1895 583 1942 puncta
596 1890 680 1925 olim
695 1890 783 1938 apud
793 1887 952 1923 Hebraeos
964 1899 1035 1921 non
1047 1883 1139 1920 fuisse
1152 1885 1187 1918 in
1198 1882 1265 1917 vsu:
1287 1884 1364 1929 quia
1375 1895 1445 1915 non
1456 1884 1499 1914 ita
1507 1880 1707 1916 hallucinari
1716 1894 1870 1929 poterant
1883 1886 1987 1918 Graeci
1999 1887 2192 1934 interpretes

350 1954 387 1978 vt
399 1946 525 1990 virgam
538 1954 598 1989 pro
609 1939 698 1975 leeto
709 1939 893 1973 redderent,
906 1934 929 1969 si
939 1935 1053 1968 eadem
1067 1944 1148 1968 tunc
1161 1930 1269 1965 fuisset
1280 1943 1351 1977 quae
1362 1930 1463 1964 hodie
1475 1928 1637 1964 scribendi
1647 1932 1742 1964 ratio.
1755 1931 1812 1965 Νό
1823 1932 1963 1966 dubium
1976 1934 2019 1967 est
2029 1937 2111 1980 quin
2123 1914 2206 1970 Mo:

354 1990 399 2026 ses
411 1993 450 2025 dc
460 1989 575 2026 lectuli
595 1991 702 2036 capite
717 1987 874 2034 loquatur
884 2010 895 2024 ,
908 1995 1014 2030 quum
1026 1982 1106 2016 dicit
1124 1988 1213 2017 nmen
1224 1988 1290 2014 wan
1301 1983 1352 2019 ἣν.
1380 1980 1485 2012 Gtaeci
1496 1988 1607 2012 autem
1617 2001 1627 2016 ‚
1639 1977 1727 2024 quasi
1740 1976 1898 2026 scriptum
1909 1978 1986 2015 essct
1995 2004 2005 2019 ‚
2024 1983 2205 2022 Mashash,
2231 1979 2233 1982 ⁴

354 2039 592 2075 transtulerunt
602 2047 701 2084 caput
713 2039 822 2082 virgae.
836 2033 941 2080 Qod
953 2029 1055 2078 vulgo
1070 2040 1241 2077 receptum
1254 2040 1319 2062 erat
1335 2025 1516 2074 Apostolus
1527 2039 1598 2060 non
1623 2026 1751 2061 dubitat
1763 2025 1821 2062 suo
1834 2030 1989 2064 instituto
2006 2042 2206 2067 accommo-

354 2088 564 2122 d.rre.1udaeis
575 2087 710 2131 quidem
722 2082 892 2118 scribebat,
905 2078 956 2114 scd
968 2081 1074 2126 quiin
1086 2081 1189 2113 varias
1201 2079 1355 2124 regiones
1365 2073 1492 2122 dispersi
1505 2098 1513 2111 ‚
1526 2077 1662 2122 patriam
1676 2074 1829 2122 linguam
1841 2079 1953 2112 Graeca
1978 2090 2191 2115 mutauerant

353 2140 485 2172 Scimus
496 2147 607 2170 autem
620 2132 801 2182 Apostolos
812 2131 871 2165 hac
882 2131 918 2164 in
929 2140 1019 2176 parte
1031 2140 1100 2161 non
1112 2126 1192 2160 adeo
1205 2123 1295 2160 fuiss'e
1305 2121 1513 2170 scrupulosos
1522 2146 1532 2160 ,
1550 2126 1633 2168 quin
1645 2121 1673 2156 se
1684 2121 1821 2159 rudibus
1833 2136 2088 2174 attemperat-ent
2102 2151 2112 2166 ,
2124 2107 2203 2176 qui...

354 2185 418 2220 bus
431 2184 539 2220 adhuc
549 2183 633 2218 latire
645 2193 711 2216 erat
722 2193 818 2229 opus.
832 2181 913 2214 &in
924 2189 961 2211 ea
969 2188 1002 2210 rc
1013 2175 1100 2210 nihil
1111 2176 1154 2209 est
1169 2172 1320 2222 periculi,
1332 2171 1434 2207 modo
1445 2169 1571 2219 semper
1584 2182 1784 2207 reuocentur
1796 2173 1952 2209 Lectores
1962 2175 2001 2209 ad
2012 2174 2130 2211 sinceri
2141 2190 2204 2212 na-

353 2233 527 2280 tiufimquc
537 2234 711 2279 Setiptmae
726 2230 921 2264 lectionem.
934 2225 1100 2260 Caeterum
1113 2226 1147 2258 in
1158 2235 1190 2257 te
1201 2222 1267 2272 ipsa
1276 2233 1393 2270 parum
1405 2221 1449 2254 est
1458 2220 1667 2254 discriminis:
1683 2223 1761 2266 quia
1773 2223 1865 2268 quod
1874 2223 2025 2258 adorauit
2035 2224 2136 2260 Iacob
2145 2249 2155 2264 ‚
2168 2227 2203 2262 id

354 2281 418 2318 fuit
430 2284 607 2330 gratiarum
618 2281 761 2314 aetionis
774 2275 974 2323 symbolum:
987 2285 1087 2320 quare
1096 2270 1160 2306 fide
1169 2272 1329 2307 adducens
1344 2271 1387 2304 est
1398 2279 1430 2303 vt
1442 2267 1470 2303 se
1483 2266 1554 2302 filio
1565 2266 1782 2303 submitterem

403 2343 438 2366 22
488 2327 571 2364 Fide
582 2325 715 2376 loseph.)
765 2328 842 2360 Hoc
855 2324 1013 2359 vltimum
1026 2323 1069 2356 est
1079 2321 1172 2367 quod
1182 2333 1220 2354 ex
1231 2318 1492 2354 patriarcharum
1506 2318 1601 2363 gestis
1610 2315 1719 2352 Moses
1729 2341 1738 2355 ‚
1751 2329 1785 2352 vt
1795 2316 1882 2353 certe
1891 2318 2035 2355 dionurn
2049 2321 2093 2356 est
2125 2335 2204 2358 nar-

355 2391 412 2415 rat.
430 2392 506 2414 nam
518 2377 611 2425 quod
624 2376 679 2411 illa
689 2374 875 2424 opulentia,
886 2372 1024 2408 deliciae,
1035 2372 1191 2404 honores:
1202 2365 1429 2417 promissionis
1441 2364 1654 2399 obliuionem
1665 2365 1779 2401 saneto
1790 2370 1863 2401 viro
1878 2347 1950 2402 noii⁸
1961 2348 2202 2408 inducun’tme-

355 2443 421 2477 que
431 2440 508 2462 eum
521 2429 555 2461 in
567 2428 720 2473 Aegypto
730 2433 949 2458 remorantur:
964 2421 995 2454 id
1009 2418 1087 2453 vcro
1102 2431 1173 2453 non
1185 2429 1292 2465 parua:
1303 2415 1379 2450 fidei
1389 2425 1626 2462 argumentum
1638 2415 1692 2448 cst.
1705 2416 1799 2450 Vnde
1810 2418 1901 2450 enim
1916 2426 2005 2452 tanta
2015 2421 2120 2454 animi
2130 2432 2203 2455 ma.-

357 2478 501 2526 gnitudo
514 2501 521 2513 ‚
533 2486 567 2509 vt
579 2473 740 2521 quicquid
751 2475 786 2507 in
798 2471 926 2506 mundo
939 2470 981 2503 est
994 2467 1134 2502 sublime
1147 2489 1157 2504 ,
1168 2464 1342 2514 despiciat,
1354 2463 1516 2511 quicquid
1528 2459 1708 2510 pretiosum
1720 2463 1764 2497 cst
1775 2489 1783 2501 ,
1795 2465 1892 2498 ducat
1907 2476 1969 2511 pro
1980 2466 2090 2502 nihilo
2099 2491 2109 2505 ‚
2136 2468 2201 2504 nifi

355 2527 449 2572 quod
462 2528 496 2559 in
508 2523 625 2558 caelum
637 2520 869 2557 conscenderat
881 2522 895 2551 ?
906 2518 1011 2600 Qisbd
1021 2514 1086 2550 ossa
1099 2514 1154 2549 sua
1165 2514 1256 2549 iubet
1266 2514 1441 2561 exportari,
1454 2515 1488 2546 in
1501 2524 1540 2545 eo
1551 2509 1598 2544 sui
1608 2514 1773 2545 rationem
1787 2525 1857 2546 non
1870 2512 1978 2552 haber,
1993 2514 2081 2561 quasi
2094 2516 2203 2564 sepul-

356 2574 476 2608 chrum
489 2575 517 2607 ci
529 2573 657 2606 dulcius
668 2570 819 2605 futurum
831 2566 907 2602 esset
919 2579 956 2600 vc
983 2564 1100 2600 melius
1113 2566 1147 2598 in
1158 2574 1241 2598 terra
1253 2563 1427 2602 Chanaan,
1440 2561 1540 2607 quam
1554 2562 1588 2593 in
1601 2561 1762 2608 AEgypto
1774 2573 1780 2594 :
1793 2559 1844 2594 sed
1856 2563 1985 2596 tantum
1998 2562 2108 2598 voluit
2118 2577 2202 2612 gen-

357 2625 398 2656 tis
411 2621 470 2656 suae
480 2620 674 2655 desiderium
685 2631 812 2655 acuere,
824 2628 859 2650 vt
871 2615 1102 2654 vehementius
1112 2612 1150 2646 ad
1159 2613 1426 2661 redemptionem
1438 2607 1625 2657 aspirarent.
1644 2608 1754 2644 voluit
1766 2613 1799 2643 &
1811 2607 1911 2643 fidem
1930 2609 2129 2647 confirmare
2138 2636 2149 2651 ,
2166 2624 2203 2649 vt

357 2671 448 2706 certo
458 2669 619 2718 sperarent
631 2667 660 2703 se
671 2667 805 2702 tandem
819 2665 996 2700 liberatum
1010 2664 1062 2696 iri.

415 2758 436 2782 2
442 2756 458 2792 3
524 2741 606 2780 Fide
622 2737 744 2792 Moses,
755 2752 867 2793 quum
877 2747 984 2777 natus
996 2733 1087 2790 essct,
1099 2731 1365 2788 occultatusfuit
1371 2743 1443 2772 tres
1455 2727 1612 2785 menses&
1617 2728 1827 2785 parentibus
1824 2728 1918 2784 fiais,
1930 2734 2017 2786 quia
2027 2731 2206 2775 videbant

361 2801 560 2854 elegantem
570 2797 739 2851 puellum,
753 2799 793 2845 ὠ*
801 2809 872 2834 non
882 2798 1077 2834 timuerunt
1087 2792 1242 2831 edt'Hmn
1254 2796 1366 2845 Reges.

418 2869 466 2905 24
511 2855 596 2894 Fide
608 2851 719 2905 Moses
730 2857 800 2893 iam
805 2851 973 2906 grandis,
984 2852 1104 2888 renuit
1113 2845 1334 2902 vocarifilius
1342 2846 1424 2906 filia
1435 2844 1623 2885 Pharaonis
1635 2861 1647 2882 :
1672 2884 1674 2887 ,

419 2927 464 2962 25
524 2915 636 2951 I’otizes
647 2909 783 2963 eligens
793 2909 896 2948 malis
907 2907 997 2959 affici
1007 2905 1211 2960 cumpopulo
1221 2909 1304 2947 Dei,
1315 2902 1425 2958 quam
1434 2901 1636 2958 temporales
1646 2898 1775 2940 habere
1779 2905 1909 2956 peccati
1922 2890 2088 2943 delic'ias:

419 2974 465 3006 26
523 2970 674 3006 Maiores
685 2965 884 3018 existimans·
895 2964 1043 3004 diuitias
1047 2961 1212 3018 prrbram
1223 2960 1353 3015 christi
1360 2990 1371 3007 ,
1385 2960 1493 3014 quam
1506 2961 1659 3013 AEgypti
1668 2954 1844 3014 thesauros
1857 2973 1866 2995 :
1888 2957 2094 2999 intuebatur
2100 2963 2199 3003 enim

359 3030 400 3066 in
409 3027 739 3064 remunerationem.
1352 3058 1354 3060 ,

383 3096 461 3177 ὂέγ
522 3080 641 3122 Fide.)
649 3078 794 3136 reliquit
801 3081 1038 3133 cAEgyptum
1048 3105 1059 3122 ‚
1077 3090 1141 3117 nec
1150 3077 1274 3116 timuit
1275 3072 1437 3128 furorem
1454 3073 1569 3126 Regis.
1592 3069 1692 3124 quast
1700 3072 1798 3110 e'm'm
1807 3069 2018 3126 inuisibilem
2029 3070 2173 3128 vidtffie
2185 3102 2198 3120 ,

361 3157 379 3179 0
432 3153 496 3177 llru
501 3148 586 3176 erat.

409 3214 441 3247 23
488 3199 567 3234 Fide
580 3199 726 3242 Moses.)
779 3200 922 3231 Fuerunt
933 3197 1033 3229 etiam
1043 3195 1111 3232 alii,
1124 3197 1157 3229 δε
1170 3193 1304 3240 quidem
1317 3190 1448 3239 profani
1460 3191 1628 3231 homines,
1640 3192 1698 3236 qui
1710 3202 1779 3224 non
1790 3191 1856 3224 Dei
1867 3190 2057 3232 timore-,sed
2068 3192 2199 3228 tantum

360 3249 482 3285 sobolis
505 3248 712 3296 ›ropagandae
724 3246 830 3281 studio
840 3243 962 3279 liberos
973 3241 1047 3278 suos
1059 3256 1130 3278 non
1141 3241 1261 3288 absque
1272 3239 1421 3288 periculo
1432 3237 1610 3274 seruarunt.
1621 3235 1674 3272 sed
1685 3237 1867 3285 Apostolus
1877 3237 1940 3272 alia
1950 3242 2079 3275 ratione
2089 3239 2199 3289 impul

361 3297 410 3332 sos
423 3298 467 3333 fui
497 3312 512 3331 e
522 3297 617 3330 docet
629 3306 778 3343 parentes
788 3292 890 3328 Mosis
901 3304 936 3327 vt
951 3304 1029 3326 cum
1040 3290 1213 3326 seruarent:
1225 3300 1347 3336 nempe
1358 3291 1437 3334 quia
1445 3290 1536 3322 Deus
1547 3284 1738 3335 promiserat
1749 3310 1759 3324 ‚
1769 3299 1875 3333 quum
1889 3285 2045 3323 seruitute
2054 3287 2196 3336 oppreffi

362 3344 473 3382 ess'cnr,
484 3346 650 3379 vindicem
665 3342 845 3390 aliquando
855 3340 884 3376 se
895 3340 974 3375 fore:
987 3339 1049 3374 hac
1062 3338 1180 3374 fiducia
1191 3336 1442 3374 freti,infantem
1454 3335 1548 3370 saluti
1564 3333 1624 3370 suae
1635 3333 1861 3382 praetulerunt.
1871 3335 1933 3369 Sed
1943 3337 2071 3372 videtur
2081 3338 2146 3371 hoc
2157 3335 2199 3371 fi-

361 3395 414 3430 dei
425 3405 547 3428 naturae
557 3394 762 3429 contrarium
773 3418 783 3433 ,
796 3390 889 3438 quod
897 3389 978 3425 dicit
987 3401 1044 3424 eos
1054 3387 1168 3423 forma:
1178 3385 1341 3434 elegantia
1351 3385 1522 3421 adduaos.
1541 3383 1663 3419 scimus
1675 3385 1767 3418 enim
1778 3382 2009 3431 reprehensum
2022 3382 2113 3425 fuiffe
2122 3382 2198 3427 lsai,

2087 3444 2196 3480 quun
2225 3470 2232 3481 ,
