2268 3705
329 78 375 126 78
903 68 1636 121 INEPIST·PAV.Li

335 158 447 183 comm
453 154 551 179 utata.
563 141 614 179 scd
624 143 663 178 de
673 138 781 178 verbis
793 141 1113 192 posteavidebimus:
1123 147 1213 192 prius
1223 146 1338 179 animt'i
1347 144 1554 179 aduertamus
1565 144 1603 178 ad
1612 137 1886 192 applicationem.
1907 140 2018 179 Locus
2030 145 2074 180 est
2084 142 2176 183 enim

336 197 595 239 Deuteronomij
604 204 652 238 30.
663 192 744 234 b.12,
763 192 838 234 vbi(
851 193 1137 240 quemadmodum
1150 196 1185 228 in
1200 192 1386 240 superiore)
1408 193 1447 227 de
1457 193 1553 239 Legis
1572 193 1723 227 doctrina
1733 190 1883 238 loquitur
1908 190 2017 227 Moses
2028 206 2035 227 ε
2058 195 2176 230 Paulus

338 254 450 278 autem
462 242 501 275 ad
511 241 704 289 Euagelicas
713 239 946 290 promiffiones
957 242 1066 276 trahit.
1090 243 1155 276 Hic
1164 242 1271 275 nodus
1282 240 1323 274 fic
1335 241 1420 275 bene
1432 238 1741 288 expedietur‚Moses
1751 239 1942 275 facilitatem
1953 240 2022 276 illic
2034 243 2177 278 ostendit

338 291 555 339 perueniendi
565 292 604 324 ad
616 293 729 328 vitam,
740 291 818 336 quia
827 292 893 323 iam
905 291 969 324 Dei
983 289 1137 324 voluntas
1147 291 1263 323 luda-is
1274 288 1406 322 occulta
1414 302 1485 323 non
1494 290 1549 326 est,
1561 301 1621 322 nec
1632 288 1732 336 longe
1743 286 1848 322 dissita
1856 313 1866 326 ,
1876 287 1928 323 sed
1938 287 1994 324 sub
2009 287 2176 337 aspectuin
2227 332 2230 336 ¹

336 337 451 387 posita.
461 340 494 373 Si
506 339 545 373 de
554 336 621 374 sola
631 340 718 386 Lege
729 338 836 371 sermo
845 334 1098 375 ess'et,ftiuolu1n
1108 334 1214 372 fuiss'er
1225 348 1460 384 argumentum
1471 361 1480 374 ,
1491 349 1599 384 quum
1610 337 1719 371 nihilo
1741 335 1778 371 sit
1788 335 1876 372 factu
1894 336 2023 372 facilior
2034 339 2099 372 Lex
2112 340 2176 373 Dei

335 398 413 422 ante
421 387 539 422 oculos
550 386 770 435 posita-‚quam
785 384 806 419 si
817 384 935 433 procul
943 381 1072 419 abeiset.
1083 387 1169 432 Ergo
1180 399 1250 419 non
1260 388 1383 432 Legem
1394 382 1496 419 solam
1506 384 1661 432 delignat,
1672 382 1725 419 sed
1736 396 1842 419 totam
1853 388 1889 420 in
1911 398 2028 433 genere
2039 388 2103 420 Dei
2115 388 2177 421 do-

335 438 560 483 &trinamque
569 434 789 481 Euangelium
797 431 854 468 sub
868 430 896 467 se
905 433 1170 480 comprehendit.
1181 433 1328 468 Verbum
1340 437 1430 469 enirn
1441 434 1538 480 Legis
1552 445 1606 480 per
1617 433 1834 480 se,nunquam
1846 436 1879 467 in
1891 435 1988 468 corde
1999 435 2111 469 nostro
2122 437 2177 470 esti

334 496 374 518 ac
385 498 426 519 ne
443 487 585 519 minima
593 484 730 531 quidem
741 484 810 516 eius
821 480 1018 526 syllaba,don
1024 493 1059 516 ec
1070 493 1126 530 per
1137 480 1236 516 fidem
1246 481 1416 529 Euangelii
1429 479 1589 516 inseritur.
1615 482 1743 516 Deinde
1760 484 1858 515 etiam
1871 483 1943 529 post
1954 486 2178 530 regeneratio-

335 545 429 572 nem,
440 532 579 567 verbum
590 533 686 579 Legis
699 530 832 578 proprie
843 531 878 564 in
889 530 986 565 corde
998 532 1111 564 nostro
1121 527 1180 564 effe
1191 543 1262 565 non
1273 531 1418 564 dicetur:
1435 531 1514 576 quia
1533 528 1773 577 perfectionem
1791 533 1929 576 requirit
1938 555 1949 568 ‚
1967 532 1985 565 ὲ
1996 544 2060 577 qua
2072 531 2175 580 longe

337 579 448 616 fideles
467 593 604 627 quoque
614 578 674 627 ipii
692 579 820 612 distant.
848 580 895 613 Ar
905 578 1044 613 verbum
1054 578 1222 626 Euangelij
1237 581 1272 612 in
1282 579 1379 612 corde
1391 576 1499 612 sedem
1511 577 1607 612 habet
1616 601 1626 616 ‚
1644 577 1768 612 etiamsi
1778 590 1835 612 cor
1847 591 1917 612 non
1928 579 2075 627 impleat.
2096 593 2178 615 nam

335 628 600 678 imperfectionis
610 640 646 662 ac
656 625 803 662 defectus
812 629 946 662 veniam
955 624 1062 662 offert.
1100 628 1150 661 Ac
1160 629 1305 661 omnino
1317 624 1426 661 Moses
1436 625 1496 660 illo
1507 628 1614 673 capite
1625 626 1924 672 (quemadmodum
1937 631 1969 662 Sc
1980 631 2173 674 quart0)in-

335 676 461 726 lignem
471 679 534 711 Dei
544 676 815 711 beneuolentiam
827 675 956 723 populo
965 676 1201 710 commendare
1212 675 1316 709 studet
1326 698 1337 712 ,
1347 687 1385 709 ex
1396 688 1435 710 eo
1447 675 1538 722 quod
1550 677 1671 709 eumin
1683 672 1773 709 suam
1789 674 1999 722 disciplinam
2022 680 2056 710 Sc
2070 680 2178 724 magi-

335 727 469 761 sterium
479 722 741 773 susceperat-quae
751 724 1002 759 commendatio
1012 725 1030 758 a
1041 724 1129 759 nuda
1135 724 1223 771 Lege
1231 721 1316 758 sumi
1325 737 1397 758 non
1408 734 1545 771 poterat.
1556 724 1630 757 Nec
1641 722 1745 757 obstat
1755 723 1846 769 quod
1857 723 1926 758 illic
1939 724 2049 759 Moses
2059 726 2098 759 de
2109 729 2178 760 vira

336 776 377 809 ad
388 776 484 822 Legis
495 773 645 821 regulam
654 772 828 808 formanda
834 774 1056 807 concionatur
1068 786 1076 806 ε
1087 784 1166 806 nam
1175 784 1252 807 cum
1264 774 1405 819 gratuita
1416 770 1491 806 fidei
1502 774 1533 806 iu
1541 772 1624 805 stitia
1636 774 1838 807 coniuntstus
1855 773 1898 805 est
1917 776 2175 819 regenerationis

336 825 489 871 Spiritus.
501 825 616 869 Itaque
625 820 764 856 alterum
776 833 814 855 ex
827 820 929 855 altero
942 819 1084 869 colligit:
1094 822 1174 868 quia
1183 821 1279 868 Legis
1289 818 1476 855 obseruatio
1494 833 1531 854 ex
1544 820 1666 854 Christi
1679 818 1749 853 fide.
1803 821 1876 854 Nec
1885 820 2025 854 dubium
2037 822 2080 855 cst
2091 825 2174 869 quin

336 873 406 907 haec
418 870 578 905 sententia
587 869 695 904 exilio
704 871 875 917 principio
894 870 1047 917 pendeat,
1059 869 1274 904 Circuncidet
1284 870 1455 904 Dominus
1465 881 1522 902 cor
1535 880 1632 902 tuum
1644 882 1651 901 z
1663 868 1753 914 quod
1765 868 1864 915 paulo
1875 869 1950 903 ante
1959 869 2109 916 posuerat
2119 884 2177 904 eo-

338 921 415 955 dem
424 921 541 968 capite.
559 921 672 967 Qre
682 917 779 953 nullo
790 921 931 965 negotio
940 916 1136 952 refelluntur
1145 941 1156 955 ,
1167 920 1226 965 qui
1235 916 1354 952 Mosen
1366 916 1434 951 illic
1443 917 1481 951 dc
1491 916 1589 951 bonis
1598 916 1755 964 operibus
1765 929 1860 964 agere
1872 918 1999 952 dicunt.
2021 920 2133 953 Fateor
2145 919 2178 952 id

338 970 478 1016 quidem
487 965 546 1002 eise
561 980 685 1002 verum:
697 964 747 1000 sed
756 964 931 1000 absurdum
942 963 1002 1001 elle
1013 979 1114 1014 nego,
1125 966 1222 1014 Legis
1239 965 1505 1000 obseruationem
1518 978 1554 999 ex
1564 964 1621 1000 suo
1633 964 1749 1003 fonte,
1768 964 1834 999 hoc
1844 966 1887 1000 est
1895 989 1906 1004 ,
1917 979 1954 1000 ex
1965 965 2041 1000 fidei
2055 968 2178 1001 iustitia

339 1017 467 1052 deduci.
479 1017 581 1052 Nunc
592 1014 764 1063 quaerenda
773 1015 817 1048 est
826 1013 1002 1049 verborum
1012 1014 1199 1063 explicatio.
1227 1015 1269 1049 N
1270 1028 1285 1047 e
1296 1013 1414 1048 dixeris
1422 1027 1453 1047 m
1462 1012 1547 1048 corde
1556 1014 1700 1062 tquz'a
1708 1012 1927 1057 afiendn,&c.
1940 1013 2050 1049 Moses
2060 1014 2178 1050 caelum

342 1070 477 1101 &mare
491 1067 646 1100 nominat
654 1074 831 1110 ‚tanquam
842 1061 918 1097 loca
926 1065 1106 1099 remotiora
1115 1087 1125 1102 ‚
1144 1067 1178 1099 δε.
1189 1063 1324 1097 homini
1335 1063 1425 1096 aditu
1436 1060 1594 1098 difficilia.
1635 1061 1754 1096 Paulus
1764 1073 1874 1096 autem
1883 1087 1893 1101 ,
1904 1064 2037 1111 perinde
2046 1062 2107 1098 acii
2116 1063 2178 1098 ali-

341 1115 423 1162 quid
434 1111 612 1162 spiritualis
623 1111 762 1158 mysterij
774 1111 886 1145 lateret
896 1108 953 1146 sub
965 1111 1016 1147 his
1029 1111 1218 1149 vocibus‚ad
1227 1122 1370 1146 mortem
1383 1114 1417 1145 δε
1428 1109 1699 1145 resurrectionem
1709 1110 1832 1145 Christi
1842 1111 1951 1145 trahit.
1960 1113 2070 1159 Siquis
2084 1112 2178 1147 istam

341 1164 652 1210 interpretationem
665 1162 767 1194 nimis
787 1162 937 1194 coaciam
951 1164 1146 1211 &argutam
1155 1157 1215 1192 effe
1227 1156 1392 1196 causetur,
1404 1159 1567 1206 intelligat
1578 1171 1649 1192 non
1670 1155 1761 1193 fuiffe
1779 1159 1944 1207 Apostolo
1957 1159 2179 1208 propositum,

341 1210 569 1247 Molislocum
582 1209 676 1244 anxie
688 1210 824 1243 traetare
835 1206 901 1242 :sed
910 1209 947 1241 ad
959 1210 1122 1256 praeientis
1133 1204 1234 1242 causae
1244 1209 1478 1243 tractationem
1487 1208 1616 1242 dutaxat
1625 1219 1664 1254 ap
1670 1206 1798 1254 plicare.
1810 1208 1890 1242 Non
1903 1220 1981 1256 ergo
1994 1206 2180 1254 syllabatim

341 1258 487 1295 recenset
507 1258 586 1305 quid
599 1256 632 1291 sit
642 1256 730 1305 apud
741 1255 859 1290 Mosen
870 1269 878 1290 ε
889 1254 940 1290 sed
951 1255 1159 1304 expolitione
1170 1257 1273 1290 vtitur
1282 1279 1292 1293 ,
1312 1268 1377 1303 qua
1395 1256 1546 1290 instituto
1557 1253 1614 1290 suo
1624 1257 1854 1290 testimonium
1866 1258 1967 1291 Molis
1977 1258 2114 1306 propius
2125 1270 2180 1293 ac-

343 1307 549 1344 commodat.
567 1305 625 1339 Ille
636 1307 674 1339 de
684 1304 768 1339 locis
778 1302 944 1339 inacceffis
955 1305 1116 1351 loquutus
1127 1314 1203 1338 erat:
1214 1303 1334 1338 Paulus
1346 1317 1382 1338 ea
1394 1303 1469 1338 loca
1482 1301 1648 1352 expreffie,
1665 1316 1738 1350 quae
1749 1308 1782 1339 &
1793 1303 1834 1339 ab
1841 1304 2098 1353 aspectuiiostro
2109 1309 2181 1341 ma*

342 1357 432 1392 xime
442 1356 599 1390 omnium
611 1352 684 1388 sunt
693 1351 933 1391 absconditae&
945 1351 1020 1388 fidei
1030 1364 1142 1388 tamen
1152 1353 1266 1386 nostrae
1277 1350 1573 1400 respiciendasunt.
1591 1354 1703 1399 Qre
1713 1351 1735 1386 fi
1748 1364 1788 1400 pe
1871 1352 2115 1401 plificarionem
2127 1354 2179 1389 vel

344 1404 589 1453 expolitionem
600 1402 668 1437 haec
685 1402 774 1436 dieta
790 1403 951 1449 accipias,
971 1414 1042 1436 non
1062 1403 1186 1449 poteris
1196 1401 1302 1435 dicere
1312 1402 1403 1448 quod
1413 1400 1532 1435 Paulus
1542 1399 1706 1435 violenter
1721 1412 1778 1436 aut
1796 1413 1807 1435 i
1846 1402 1992 1449 portune
2009 1401 2181 1438 detorserit

341 1452 446 1488 Molis
464 1451 569 1488 verba:
580 1448 632 1485 sed
645 1451 758 1498 potius
770 1448 934 1491 fiteberis‚
943 1452 1023 1484 citra
1032 1448 1135 1484 vllam
1147 1447 1254 1484 sensus
1263 1452 1436 1487 iaeturam,
1447 1449 1613 1498 eleganter
1621 1450 1661 1483 ad
1670 1448 1832 1485 vocabula
1843 1449 1926 1485 Caeli
1938 1455 1973 1486 &
1983 1453 2086 1486 Maris
2095 1451 2182 1486 allu-

340 1500 420 1537 siise.
437 1499 640 1549 Simpliciter
651 1510 730 1545 ergo
738 1509 832 1533 nunc
841 1497 939 1532 verba
948 1497 1042 1533 Pauli
1051 1510 1247 1533 enarremus.
1270 1499 1362 1545 Qia
1378 1498 1509 1533 duobus
1520 1497 1745 1532 fundamentis
1761 1495 1877 1543 salutis
1889 1500 2007 1537 nostrae
2028 1498 2180 1538 securitas

340 1549 511 1586 incumbit
519 1572 530 1587 ,
546 1549 626 1583 dum
638 1551 672 1582 δε
684 1545 876 1594 acquisitam
895 1546 994 1582 nobis
1011 1549 1113 1582 vitain
1132 1545 1355 1594 intelligimus
1364 1570 1375 1585 ‚
1396 1550 1431 1581 δε
1442 1558 1586 1581 mortem
1605 1547 1773 1581 deuictam
1788 1557 1949 1593 :Vtroque
1965 1560 2023 1595 pei·
2039 1548 2180 1585 verbum

337 1597 511 1646 Euangelij
523 1595 622 1631 fidem
633 1593 801 1630 suffultam
811 1592 871 1630 elle
878 1595 987 1632 docet.
1005 1593 1157 1631 Christus
1167 1597 1259 1630 enim
1270 1595 1605 1633 morlendonnortem
1616 1594 1796 1629 absorbuit:
1808 1590 2019 1643 resurgendo,
2027 1599 2131 1632 vitam
2143 1600 2181 1633 in

336 1647 535 1697 potestatem
545 1643 634 1680 suam
644 1645 780 1691 accepit.
803 1646 874 1678 Iam
884 1642 1068 1691 Euangelio
1081 1645 1198 1679 mortis
1209 1655 1245 1678 ac
1257 1641 1503 1679 resurrectionis
1523 1638 1856 1677 Christibeneficium
1875 1643 1974 1679 nobis
1985 1649 2181 1681 communi·
2227 1654 2243 1657 ’·

336 1706 441 1731 catur:
452 1707 532 1743 ergo
543 1707 615 1729 non
626 1690 670 1728 est
679 1692 774 1740 quod
782 1690 867 1727 vltra
877 1693 1052 1740 quidpiam
1060 1703 1266 1741 appetamus.
1293 1693 1407 1739 Itaque
1417 1702 1453 1726 vt
1462 1692 1588 1727 constet
1597 1690 1673 1725 fidei
1684 1691 1841 1726 iustitiam
1851 1691 1983 1727 abunde
1992 1694 2032 1728 ad
2042 1690 2180 1731 salutem

335 1741 497 1780 sufficere,
507 1744 576 1778 duo
587 1741 643 1776 illa
653 1739 804 1776 membra
811 1743 978 1776 contineri
988 1739 1046 1776 sub
1058 1753 1094 1776 ea
1102 1741 1216 1779 docet,
1231 1753 1304 1788 quae
1312 1739 1379 1775 sola
1387 1738 1569 1775 adsalutem
1581 1738 1810 1774 desiderantur.
1858 1740 1940 1791 Q
1949 1754 2028 1789 ergo
2038 1743 2181 1786 aftendet

335 1794 369 1826 in
379 1794 478 1827 calum
485 1796 500 1825 ἓ
511 1791 674 1826 tantunde
683 1786 842 1827 valet‚acsi
854 1790 1049 1837 dieas,Qis
1057 1787 1116 1825 scit
1125 1803 1168 1824 an
1179 1801 1241 1824 nos
1253 1788 1420 1825 haereditas
1429 1787 1486 1823 illa
1493 1799 1619 1823 aeternae
1638 1792 1673 1823 &
1682 1788 1814 1831 caelestis
1823 1790 1898 1825 vitae
1908 1801 2038 1825 mancat
2048 1797 2058 1824 ὲ
2099 1792 2182 1839 Qiae

335 1839 500 1884 desi-endec
511 1843 542 1874 in
552 1838 682 1885 abyffum
692 1842 708 1872 ?
719 1836 876 1873 acfidicas
889 1861 900 1876 ‚
910 1838 998 1886 Qs
1008 1837 1066 1873 scit
1076 1851 1117 1872 an
1129 1849 1273 1872 mortem
1283 1850 1340 1873 cor
1367 1850 1479 1872 orcam
1489 1835 1640 1884 sequatur
1656 1839 1757 1871 etiam
1769 1833 1986 1885 sempiternus
1994 1842 2113 1874 animae
2124 1843 2178 1875 in-

335 1892 465 1925 teritus?
477 1890 646 1935 Vtranque
656 1886 901 1921 dubitationem
913 1886 1010 1921 docet
1019 1884 1080 1921 effe
1092 1885 1169 1921 fidei
1181 1887 1302 1921 iustitia
1314 1884 1346 1921 su
1374 1886 1484 1921 latam:
1493 1899 1571 1920 nam
1581 1885 1681 1919 altera
1691 1884 1863 1931 Christum
1874 1886 1891 1920 ὲ
1901 1886 1984 1922 caelo
1993 1888 2180 1928 deduceret,

336 1939 440 1973 altera
451 1938 468 1972 ὲ
479 1949 586 1971 morte
597 1936 773 1971 reduceret.
792 1934 917 1970 Christi
928 1937 1018 1969 enim
1030 1937 1065 1969 in
1075 1933 1193 1970 caelum
1203 1931 1345 1970 ascensio
1355 1933 1453 1969 fidem
1464 1935 1573 1970 nostri
1583 1935 1622 1968 de
1632 1945 1750 1968 aeterna
1762 1937 1830 1968 vita
1840 1934 1881 1969 sic
1893 1933 2021 1970 firmare
2030 1935 2180 1975 debet,vt

336 1986 510 2021 Christum
522 1984 607 2033 pene
617 1981 725 2032 ipsum
737 1983 754 2018 ὲ
764 1981 920 2017 caelorum
942 1980 1137 2031 poiseffione
1147 1983 1305 2021 detrahat,
1315 1985 1375 2031 qui
1385 1982 1517 2018 dubitat
1526 1995 1567 2024 an
1581 1981 1652 2017 caeli
1662 1982 1831 2017 haereditas
1843 1994 1952 2031 parata
1961 1982 1998 2018 fit
2015 1983 2179 2025 fidelibus,

336 2047 484 2082 quorum
493 2034 634 2069 nomine
648 2036 681 2067 δι’.
692 2030 785 2066 causa
798 2029 878 2066 illuc
888 2029 1046 2079 ingreffus
1057 2032 1111 2066 est.
1136 2031 1298 2066 Similiter
1307 2045 1412 2079 quum
1423 2030 1608 2066 inferorum
1620 2031 1774 2066 horrores
1786 2029 1918 2066 subierit
1932 2043 1966 2066 vt
1977 2046 2040 2068 nos
2049 2035 2126 2068 inde
2135 2034 2179 2068 li-

334 2081 462 2117 beraret
473 2106 485 2121 ,
493 2093 647 2117 reuocare
657 2083 692 2116 in
703 2078 844 2115 dubium
860 2092 902 2115 an
912 2079 1022 2115 adhuc
1032 2080 1112 2116 huic
1123 2077 1259 2116 miseriae
1269 2079 1406 2128 obnoxij
1419 2079 1481 2115 sint
1493 2078 1605 2115 fideles
1613 2102 1623 2117 ‚
1635 2080 1678 2114 est
1691 2082 1816 2114 irritam
1825 2079 1929 2115 facere
1943 2084 2011 2116 eius
2022 2093 2179 2122 mortem,

339 2136 373 2166 δέ
387 2132 489 2166 veluti
499 2129 670 2178 abnegare.
1821 2132 1825 2136 ’

385 2180 405 2214 8
453 2178 516 2212 Sed
528 2178 603 2223 quid
611 2177 702 2212 dicit?
705 2178 727 2217 )
763 2178 932 2225 Negatiua
945 2179 1053 2211 orario
1061 2189 1163 2224 quam
1173 2177 1333 2212 haetenus
1341 2176 1454 2212 retulit
1463 2200 1473 2215 ,
1483 2177 1522 2211 ad
1532 2163 1678 2211 tollenda
1688 2160 1763 2211 ¹fidei
1773 2174 1938 2212 obstacula
1949 2181 2110 2227 pertinet:
2122 2193 2174 2215 re·
2217 2209 2222 2214 .

336 2229 396 2264 stat
407 2240 486 2276 ergo
497 2239 532 2261 vt
544 2229 709 2262 rationem
720 2227 822 2261 tradat
833 2224 1023 2261 obtinenda·
1033 2225 1211 2264 iustitiae‚in
1223 2239 1322 2273 quem
1333 2224 1435 2261 finem
1445 2223 1655 2273 subiungitur
1664 2223 1852 2260 affirmatio.
1888 2228 1992 2272 Qod
2003 2240 2112 2262 autem
2123 2231 2179 2264 in-

334 2278 517 2325 terrogatio
528 2278 871 2323 interponit-,mquam
883 2271 1012 2323 possent
1022 2287 1091 2309 vno
1100 2285 1260 2313 contextu
1272 2276 1387 2309 omnia
1397 2273 1492 2310 fimul
1504 2275 1582 2315 dici,
1593 2275 1625 2308 id
1636 2275 1814 2308 excitandae
1823 2278 2019 2317 attentionis
2028 2273 2120 2312 causa
2130 2277 2179 2312 fa-

336 2327 432 2361 etum
443 2323 498 2358 est.
508 2323 680 2370 Simulque
688 2324 804 2358 docere
818 2321 927 2357 voluit
937 2323 1039 2370 quam
1050 2321 1155 2358 latum
1166 2321 1203 2357 sit
1216 2324 1300 2358 inter
1310 2324 1407 2370 Legis
1417 2326 1451 2358 δι
1458 2322 1633 2370 ¹Euangelij
1645 2323 1803 2356 iustitiam
1812 2321 1987 2363 discrimen
1998 2338 2007 2359 x
2019 2338 2130 2372 quum·
2135 2325 2178 2363 il-

335 2372 369 2407 la
378 2371 408 2408 se
419 2373 537 2420 procul
545 2370 774 2409 ostenderimb
784 2368 906 2406 acceffu
916 2372 1057 2406 cunctos
1069 2369 1224 2406 mortales
1233 2382 1355 2407 arceat:
1366 2373 1435 2407 haec
1445 2383 1555 2406 autem
1567 2373 1670 2419 prope
1680 2367 1710 2405 se
1719 2369 1914 2409 offerens,ad
1923 2370 1970 2406 sui
1980 2372 2178 2410 fruitionem

333 2419 540 2457 familiariter
551 2433 612 2456 nos
622 2422 753 2455 inuitet.
806 2416 902 2467 Prope
911 2417 948 2463 est
957 2417 1096 2453 verbum.
1122 2419 1236 2454 Primo
1248 2419 1312 2455 hoc
1322 2421 1512 2455 notandum
1523 2420 1577 2457 est,
1585 2433 1626 2454 ne
1639 2419 1834 2467 ambagibus
1844 2419 1985 2464 abducre
1996 2421 2179 2460 hominum

334 2482 466 2505 mentes
476 2471 494 2503 a
503 2469 602 2503 salute
611 2467 866 2504 aberrent,verbi
877 2478 979 2503 metas
989 2466 1055 2502 illis
1065 2466 1329 2515 praescribi,intra
1338 2481 1420 2515 quas
1431 2465 1461 2503 se
1473 2470 1680 2503 contineant.
1704 2468 1842 2509 Perinde
1851 2471 1942 2511 enim
1954 2471 1997 2505 est
2006 2471 2177 2514 aciilijube-

333 2529 384 2554 tet
395 2531 462 2553 vno
476 2517 577 2553 verbo
587 2527 762 2551 contentas
770 2514 880 2553 effla&
893 2526 1044 2550 moneret
1058 2517 1093 2550 in
1104 2516 1171 2550 hoc
1179 2515 1313 2563 speculo
1323 2515 1556 2565 cotemplanda
1565 2514 1624 2551 elie
1635 2514 1792 2551 caelorum
1803 2529 1930 2558 arcana,
1941 2531 2016 2564 quaey
2024 2522 2177 2561 &aciem

334 2566 516 2603 oculorum
526 2565 779 2615 perstringerent
790 2561 848 2598 suo
858 2562 999 2610 fulgore,
1017 2567 1051 2598 ὃ(
1061 2576 1153 2598 aures
1172 2563 1456 2613 obstupefacerent
1465 2588 1476 2602 ‚
1489 2568 1523 2600 &
1536 2575 1683 2600 mentem
1694 2561 1798 2612 ipsam
1807 2565 1978 2601 redderent
1987 2570 2178 2611 attonitam.

334 2617 451 2661 ltaque
462 2613 625 2662 insignem
635 2626 672 2647 ex
683 2611 836 2648 hocloco
853 2610 1120 2646 consolationem
1131 2615 1320 2660 percipiunt
1332 2612 1442 2648 fideles
1460 2615 1579 2648 animae
1590 2613 1629 2646 de
1640 2611 1731 2647 verbi
1750 2615 1963 2649 certitudine:
1987 2615 2083 2662 quod
2090 2616 2178 2653 scili-
2205 2629 2207 2631 ·

335 2674 390 2698 cet
399 2665 433 2698 in
446 2675 487 2697 eo
497 2675 570 2697 non
579 2663 691 2696 minus
703 2661 777 2696 tuto
789 2657 1159 2707 acquiescannquam'in
1169 2658 1416 2708 praesentiffimo
1425 2674 1535 2696 rerum
1545 2660 1687 2710 aspectu.
1703 2662 1834 2696 Deinde
1843 2663 2030 2705 notandum
2040 2665 2179 2714 estquo-

339 2713 425 2761 poni
436 2710 534 2745 verbi]
544 2708 712 2746 &Moseun
723 2722 793 2756 quo
802 2707 923 2743 stabilis
935 2712 967 2743 δι
980 2707 1134 2754 traquilla
1145 2706 1254 2743 salutis
1266 2707 1387 2744 fiducia
1397 2708 1496 2745 nobis
1505 2711 1642 2745 constet.
1679 2712 1756 2745 Hoc
1763 2708 1802 2754 est
1809 2709 2024 2757 verbumftdei.
2051 2714 2178 2755 Merito

339 2760 375 2795 id
383 2757 513 2794 assumit
523 2757 659 2793 Paulus:
676 2769 753 2792 nam
763 2758 861 2804 Legis
871 2756 1024 2792 dodrrina
1034 2767 1182 2804 pacatam
1192 2769 1229 2791 ac
1236 2756 1451 2803 tranquillam
1463 2755 1702 2794 conscientiam
1711 2760 1851 2795 minime
1862 2759 1978 2795 reddit:
1987 2764 2092 2803 nec-ei
2101 2759 2178 2811 sup-

342 2808 466 2858 peditat
476 2806 598 2854 quibus
608 2816 802 2840 contentam
814 2802 874 2839 effi-
883 2814 1046 2852 oporteat.
1065 2807 1202 2840 interim
1213 2815 1324 2840 tamen
1336 2818 1408 2840 non
1418 2805 1563 2841 excludit
1575 2805 1717 2852 reliquas
1725 2806 1817 2842 verbi
1826 2820 1945 2856 partes,
1955 2821 1992 2843 ac
2001 2820 2046 2844 ne
2056 2821 2178 2858 paece-

342 2867 399 2906 pta
409 2857 545 2903 quidem
556 2851 622 2903 ipsa
634 2855 743 2902 Legis:
753 2850 806 2888 sed
816 2852 888 2887 vult
898 2854 1034 2887 statuere
1047 2864 1261 2901 peccatorum
1271 2851 1495 2888 remiffionem
1507 2866 1569 2901 pto
1580 2854 1702 2892 iustitia
1711 2881 1722 2895 ,
1739 2858 1838 2890 etiam
1850 2857 1931 2892 citra
1941 2859 2087 2893 exactam
2096 2858 2178 2900 obe-

343 2905 504 2939 dientiam
515 2916 616 2949 quam
627 2903 694 2936 Lex
704 2902 851 2948 requirit.
869 2898 999 2935 Sufficit
1006 2913 1086 2949 ergo
1095 2902 1135 2935 ad
1144 2901 1304 2949 pacandas
1313 2905 1489 2949 mentes&
1507 2901 1706 2936 stabiliedam
1716 2904 1904 2945 hjominuin
1910 2903 2059 2944 salutem,
2069 2908 2179 2948 Euan}

343 2951 408 3000 geli
410 2954 421 2998 j
434 2951 581 2986 verbum:
593 2963 662 2997 quo
671 2963 742 2984 non
752 2948 907 2984 iubemur
915 2948 1071 2997 operibus
1081 2949 1239 2984 iustitiam
1251 2942 1498 2997 promereri,sed
1531 2949 1652 2984 ratuitb
1664 2949 1809 2986 oblatam
1821 2950 1884 2986 fide
1894 2953 2083 3001 amplexari.
2091 2959 2178 2990 Ver-

342 3001 426 3037 bum
435 3011 546 3035 autem
557 3000 722 3046 Fidei‚pro
732 2996 835 3032 verbo
843 2994 1156 3035 Promiffionis,hoc
1165 2998 1210 3032 est
1218 3009 1280 3046 pto
1290 3000 1299 3032 i
1327 2996 1361 3033 so
1370 2999 1462 3032 Euan
1488 2963 1567 3035 eigio.
1575 2998 1753 3039 μετονυμικδς
1762 3000 1895 3036 dietum
1904 3014 1912 3036 ι
1921 3004 2082 3048 quoniam
2095 3003 2178 3038 tela·

342 3052 473 3083 tionem
486 3047 584 3083 habet
594 3059 672 3081 cum
684 3044 756 3080 fide.
770 3044 1001 3081 Subaudienda
1010 3048 1101 3080 enim
1113 3047 1157 3080 est
1164 3010 1332 3081 antithesi}
1341 3057 1407 3092 qua
1415 3010 1609 3081 disgemitur
1619 3047 1685 3080 Lex
1695 3046 1737 3083 ab
1749 3048 1951 3096 Euangelio:
1961 3061 2059 3097 atque
2068 3063 2105 3086 ex
2117 3051 2178 3093 hac

342 3097 437 3130 distin
443 3098 564 3131 &ionis
577 3106 657 3130 nota
667 3091 969 3141 colligiinus,ficuti
976 3093 1044 3128 Lex
1053 3106 1153 3142 opera
1163 3093 1502 3142 exigit,Euangelium
1511 3094 1599 3130 nihil
1608 3093 1697 3130 aliud
1707 3094 1870 3143 postulare
1879 3119 1889 3135 2
1901 3095 1961 3133 nisi
1971 3109 2006 3133 vt
2021 3097 2118 3134 fidem
2129 3100 2178 3138 af-

343 3144 447 3178 ferant
458 3144 613 3179 homines
623 3144 662 3179 ad
671 3142 893 3189 recipiendam
903 3143 968 3176 Dei
981 3144 1132 3189 gratiam.
1141 3141 1304 3178 Particula
1312 3142 1382 3181 ista,
1391 3141 1701 3192 deraedicaemus,
1710 3143 1786 3178 ideo
1796 3144 1921 3181 adiecta
1931 3146 1985 3185 est,
1994 3151 2113 3196 nequis
2122 3148 2177 3189 su.

344 3190 363 3225 s
382 3194 517 3226 icaretur
529 3191 667 3227 Paulum
678 3192 696 3226 ὲ
705 3187 798 3225 Mose
807 3187 964 3225 diffidere.
978 3190 1127 3225 Testatur
1138 3203 1283 3238 namque
1291 3193 1327 3226 in
1336 3190 1482 3238 Euagelij
1495 3191 1678 3226 ministerio
1695 3189 1753 3226 fibi
1763 3203 1841 3227 cum
1850 3192 1945 3229 Mose
1953 3197 2117 3244 optimam
2129 3196 2177 3232 es·

343 3205 378 3273 (Ie)
383 3239 641 3274 consensionem:
653 3239 924 3287 quandoquidem
934 3237 991 3273 ille
1001 3250 1138 3286 quoque
1148 3253 1218 3274 non
1228 3238 1309 3274 alibi
1319 3240 1421 3286 quam
1430 3241 1466 3275 in
1476 3241 1617 3287 gratuita
1627 3236 1845 3287 promiffione
1853 3242 1987 3279 Diuinae
1997 3243 2176 3292 gratiabfoe-

341 3287 500 3322 licitatem
512 3289 655 3322 nostram
670 3287 840 3322 locauerit.
1748 3296 1751 3299 ⁴

386 3346 407 3380 9
458 3332 550 3386 de
556 3336 864 3385 ficonfeffmfimh.)
911 3333 978 3371 Hic
988 3346 1126 3383 quoque
1135 3333 1251 3371 allusu>
1260 3335 1304 3372 est
1316 3338 1421 3385 magis
1431 3361 1442 3376 ‚
1451 3338 1552 3390 quam
1561 3338 1696 3386 propria
1707 3348 1764 3378 aut
1773 3340 1920 3387 genuina
1930 3331 2173 3389 interpretat-102

2028 3402 2106 3425 nam
2118 3403 2174 3427 vc-
