2268 3705
332 82 424 125 405»
806 40 1610 131 *IN-EPISTPAVLI

339 145 536 186 renuntiasse
548 146 800 194 impedimentis
815 137 1026 184 omnibus‚vt
1038 144 1210 180 Christum
1222 141 1407 192 poffidetet:
1419 145 1486 177 iam
1495 141 1659 180 addit‚fibi
1671 155 1803 179 manere
1812 143 1905 179 hunc
1917 144 2080 181 animum.
2109 149 2187 183 Pro-
2240 158 2242 163 ⁴

340 210 407 249 pter
418 198 614 230 eminentiam
628 197 814 244 cognitionis.
867 193 1007 230 Extollit
1017 193 1237 241 Euangeliurn
1258 190 1408 226 aduersus
1419 190 1497 228 alias
1509 205 1629 226 omnes
1642 191 1862 239 persuasiones
1874 206 1946 239 quae
1957 207 2019 228 nos
2030 195 2185 242 decipitit.

345 247 507 281 Videntur
522 247 613 279 enim
633 243 740 279 multa
750 245 908 278 eminere:
917 242 969 277 sed
979 241 1104 276 Christi
1114 236 1267 288 cognitio
1287 237 1550 274 fnaibblimitate
1561 241 1644 275 adeo
1657 243 1774 275 omnia
1785 253 1986 289 exuperatur
1996 255 2061 291 prae
2074 242 2141 290 ipsa
2151 257 2189 278 v-
2242 244 2243 277 i

344 308 387 331 na
401 294 489 328 nihil
500 306 570 328 non
584 292 620 327 sit
633 291 840 340 despicabile.
864 293 955 326 Hinc
967 292 1069 337 igitur
1080 290 1245 324 discamus
1253 290 1371 335 quanti
1389 289 1578 323 aestimanda
1587 287 1624 323 sit
1633 291 1788 336 cognitio
1807 302 1904 324 vnius
1915 290 2049 326 Christi.
2083 292 2189 336 de
2242 288 2243 293 ¹

345 345 517 378 Dominum
518 342 611 385 ficum
618 352 728 379 vocat,
743 342 776 375 id
786 341 826 374 ad
838 339 1088 386 exprimendam
1106 335 1244 380 affe-&us
1255 336 1502 372 vehementiam
1516 335 1604 371 facit.
1654 341 1780 386 Propter
1788 349 1878 383 quem
1885 342 2019 372 omnium
2038 342 2190 376 iaHuram
2243 373 2245 381 ,

339 391 414 436 fect.
442 390 519 425 Plus
530 392 609 424 dicit
620 392 720 436 quam
733 401 827 422 antea
840 386 969 420 :saltem
981 384 1219 432 significantius
1229 385 1392 432 loquitur.
1412 384 1608 420 Similitudo
1618 385 1660 419 est
1670 383 1826 435 sumpta&
1837 386 2060 434 nauigfitibus
2068 391 2127 434 qui
2138 400 2192 423 vr-

346 451 446 487 gente
464 437 614 487 periculo
626 436 802 483 naufragii,
815 437 939 470 iactum
951 432 1078 468 faciunt
1088 436 1258 475 omnium,
1269 445 1302 468 vt
1312 432 1391 468 salin
1402 436 1436 468 in
1450 445 1598 481 portum,
1609 445 1694 468 naue
1707 438 2191 486 exonerata,perueniant.8po-

347 489 420 522 liari
433 500 512 534 ergo
525 486 643 521 maluit
660 483 779 520 Paulus
790 482 950 518 omnibus
960 495 1032 529 quae
1042 481 1195 523 habebat,
1207 484 1308 529 quam
1321 480 1390 516 solo
1405 482 1540 516 Christo
1549 484 1683 529 priuati.
1695 484 1758 517 Sed
1768 487 1924 530 quaeritur
1937 506 1947 521 ,
1964 497 2005 518 an
2018 485 2140 526 necesse
2152 483 2190 521 lit

328 539 331 542 “
345 539 384 571 ὅς
396 537 538 573 diuitiis,
551 539 583 568 ἃς
600 531 806 568 honoribus,
834 534 868 565 δε
882 532 1010 578 generis
1023 529 1193 565 nobilitati
1202 557 1211 571 ,
1232 535 1266 566 δε
1280 542 1419 565 externa:
1431 533 1529 564 etiam
1541 531 1670 564 iustitia:
1679 543 1742 565 nos
1755 534 1944 572 renuntiare
1954 557 1965 570 ‚
1989 533 2060 579 qu‘o
2072 529 2191 570 fiamus

348 585 476 619 Christi
484 584 670 631 participes.
684 592 762 614 narn
777 579 850 614 sunt
861 581 978 613 onmia
988 577 1047 613 illa
1053 580 1142 613 dona
1151 581 1216 613 Dei
1227 591 1283 626 per
1293 578 1322 613 se
1331 591 1544 625 nequaquam
1555 577 1764 625 aspernanda.
1775 577 1976 628 Respondeo
1987 581 2190 629 Apostolum

349 633 406 668 hic
418 645 490 667 non
498 642 565 664 tam
581 629 677 676 loqui
689 627 728 662 de
744 628 842 662 rebus
854 626 942 675 ipfis,
953 628 1054 675 quam
1065 628 1103 662 de
1115 627 1284 674 qualitate.
1294 627 1346 661 Est
1357 627 1491 673 quidem
1504 626 1588 661 illud
1597 639 1712 662 verum
1724 653 1734 667 ,
1748 629 1907 675 Regnum
1918 628 2073 664 caelorum
2086 627 2191 664 fimile

350 679 412 715 effe
423 677 570 727 pretiosae
583 679 777 724 margarirae,
788 678 882 710 cuius
895 676 1094 711 redimendae
1105 673 1197 710 causa
1207 675 1356 710 dubitare
1371 688 1472 710 nemo
1482 674 1608 712 debeat,
1627 671 1788 724 quicquid
1797 675 1914 717 habet,
1926 678 2074 712 vendere.
2093 676 2191 714 sedin

350 728 450 762 rebus
459 726 547 761 aliud
558 726 602 760 est
613 721 790 760 substantia
798 724 887 758 aliud
898 723 1048 771 qualitas.
1063 724 1145 759 Non
1156 723 1279 758 necess'e
1289 723 1405 758 habuit
1416 724 1535 758 Paulus
1547 721 1575 758 se
1586 722 1734 758 abdicate
1743 726 1762 758 a
1774 724 1863 758 tribu
1874 724 1929 760 sua
1937 730 1970 762 ὃ(
1983 728 2002 760 ὲ.
2012 738 2132 774 genere
2145 728 2191 761 A-

350 776 471 815 braim,
485 772 621 821 fierique
631 772 894 822 allophylum‚vt
905 772 997 808 fieret
1004 771 1281 811 Christianus,sed
1292 771 1447 807 fiduciam
1460 771 1748 819 generisabiicere.
1760 773 1969 816 Nondebuit
1979 788 2016 808 ex
2027 773 2116 809 callo
2127 777 2193 809 im-

378 824 508 860 udicus‚
518 836 556 857 ex
570 821 680 857 sobrio
689 826 928 869 intemperans,
937 834 977 855 ex
989 824 1081 869 graui
1093 825 1129 856 δε·
1138 821 1279 856 honesto
1293 820 1467 855 diffolutus
1479 820 1561 855 ficti:
1574 819 1624 855 sed
1636 833 1750 855 exuere
1763 820 1875 855 falsam
1888 820 2129 869 persuasionem
2140 826 2192 857 iu-

350 837 444 906 gitiae
454 883 606 920 propriae,
623 873 704 906 &in
715 883 788 905 eam
797 867 963 917 despuere.
977 870 1199 916 Nosquoque
1208 882 1279 904 non
1290 868 1440 904 aduersus
1451 882 1592 918 operum
1612 868 1826 904 substantiam
1837 869 2043 917 disputamus
2056 895 2067 910 ‚
2085 883 2192 919 quum

349 923 529 956 tractamus
538 920 578 954 de
589 920 711 955 iustitia
728 917 813 952 fidei:
836 917 887 951 sed
897 917 1048 953 aduersus
1056 918 1150 953 illam
1161 918 1356 966 qualitatem
1368 930 1469 965 quam
1478 917 1544 952 illis
1557 921 1742 966 imponunt
1753 914 1904 966 sophistae
1923 942 1934 956 ‚
1945 920 2038 970 quod
2047 919 2113 954 illis
2128 920 2193 955 ho-

350 972 458 1004 mines
470 966 637 1003 iustificari
648 966 867 1002 contendunt.
879 967 918 1000 Sc
928 968 1030 1014 igitur
1041 965 1198 1014 spoliauit
1209 965 1342 1007 Paulus,
1354 980 1426 1001 non
1439 965 1611 1014 operibus,
1623 965 1675 1001 sed
1686 965 1835 1014 peruersa
1846 965 1965 1005 fiducia
1974 980 2114 1018 operum
2127 981 2195 1017 qua

353 1017 458 1053 fuerat
469 1015 612 1052 inflatus.
626 1014 729 1062 Qod
740 1014 777 1049 ad
791 1015 924 1049 diuitias
948 1021 981 1050 ot
993 1013 1139 1049 honores
1150 1014 1283 1063 speetat,
1295 1014 1350 1048 vbi
1360 1012 1515 1050 affesttim
1527 1013 1776 1063 deposuerimus
1786 1041 1796 1056 ‚
1809 1018 1913 1067 parati
1923 1029 2060 1066 quoque
2070 1020 2194 1056 erimus

349 1079 399 1100 res
412 1063 495 1114 ipsas
506 1065 794 1110 abiicere,quoties
805 1065 850 1097 ita
860 1065 966 1110 exiget
976 1064 1196 1100 Dominus,&
1209 1066 1254 1096 ita
1264 1074 1408 1110 oportet.
1418 1062 1503 1101 Non
1512 1063 1555 1098 cst
1569 1063 1589 1098 fi
1595 1063 1760 1117 mpliciter
1770 1063 1984 1102 „cecis-nium
1994 1077 2025 1100 te
2038 1065 2097 1100 elle
2108 1079 2195 1114 pau-

347 1127 474 1164 perem,
488 1125 521 1147 vt
532 1113 569 1148 fis
582 1112 802 1147 Christianus:
814 1111 928 1145 verum
942 1110 963 1145 si
975 1113 1020 1145 ita
1029 1112 1184 1146 Domino
1197 1110 1370 1159 placuerit,
1385 1122 1417 1147 te
1427 1122 1577 1161 paratum
1590 1111 1649 1148 este
1659 1115 1820 1147 conuenit
1829 1114 1870 1151 ad
1892 1113 2097 1149 subeundam
2111 1127 2196 1163 pau—

347 1174 521 1210 pertatem.
534 1163 694 1207 Denique
709 1159 916 1195 Christianos
930 1159 976 1194 fas
988 1172 1059 1194 non
1071 1160 1115 1194 est
1126 1162 1308 1208 quicquam
1321 1157 1440 1196 hahere
1451 1170 1539 1194 extra
1548 1159 1731 1195 Christum.
1743 1162 1838 1194 Extra
1851 1161 2022 1196 Christum
2036 1161 2097 1198 effe
2106 1165 2196 1203 dico,

348 1207 510 1257 quicquid
524 1208 694 1244 obstaculo
707 1207 806 1243 nobis
818 1208 871 1246 est,
881 1209 1067 1255 quominus
1077 1206 1167 1242 solus
1176 1208 1328 1245 Christus
1343 1205 1451 1242 nostra
1461 1206 1497 1243 sit
1510 1207 1668 1243 oloriatio
1681 1232 1691 1246 ,
1709 1213 1742 1244 δι
1753 1211 1788 1243 in
1809 1209 1908 1244 nobis
1919 1213 2053 1262 penitus
2064 1223 2189 1259 regnet.

346 1261 389 1293 Et
403 1258 539 1304 existimo
549 1259 774 1291 reieffamenta.
827 1256 894 1292 Hic
906 1255 985 1292 vero
1003 1269 1074 1293 non
1089 1255 1198 1292 verbis
1208 1255 1328 1295 solium,
1342 1253 1394 1291 sed
1405 1237 1550 1291 etiamtr’e
1561 1254 1629 1305 ipsa
1638 1256 1782 1292 multum
1801 1257 1984 1308 ainplihcat
1996 1260 2088 1308 quod
2106 1261 2196 1309 prius

348 1309 442 1342 dixit.
461 1308 547 1341 Nam
564 1308 620 1353 qui
633 1305 797 1340 abiiciunt
810 1318 933 1340 merces
945 1309 979 1340 S<
991 1304 1099 1339 aliain
1111 1317 1199 1341 mare
1213 1315 1247 1338 vt
1261 1301 1340 1340 salui
1352 1306 1504 1343 euadant,
1517 1318 1588 1340 non
1599 1306 1673 1340 ideo
1686 1316 1798 1342 tamen
1809 1317 2038 1346 contemnunt·
2050 1310 2203 1345 diuitiast,

349 1355 402 1390 sed
414 1358 493 1403 quia
503 1356 633 1390 malunt
644 1352 796 1389 miseri&
812 1357 930 1402 inopes
941 1356 1066 1394 viuere,
1077 1356 1178 1401 quam
1189 1354 1336 1401 demergi
1347 1366 1425 1388 cum
1436 1352 1500 1388 suis
1513 1353 1647 1401 opibus,
1668 1367 1721 1390 eas
1735 1356 1871 1401 quidem
1885 1357 2040 1404 perdunq
2051 1357 2135 1404 aegre
2145 1368 2196 1393 ra-

347 1417 427 1439 men
441 1408 474 1440 &
489 1416 567 1440 cum
577 1406 707 1452 gemitu
723 1416 732 1436 2
748 1401 805 1437 vbi
818 1405 895 1437 vero
907 1413 1081 1438 enatarunt
1091 1426 1102 1441 ,
1120 1414 1231 1437 earum
1242 1399 1450 1436 amiffioncm
1462 1401 1588 1449 lugent.
1605 1402 1724 1437 Paulus
1734 1414 1844 1437 autem
1856 1406 1973 1438 contr'a
1983 1404 2108 1446 assent,
2123 1419 2196 1444 non

347 1452 453 1488 modo
467 1451 497 1488 sc
509 1449 673 1499 reliquisse
688 1451 935 1498 quicquid-ante
947 1449 1087 1486 habebat
1098 1449 1289 1498 pretiosum:
1300 1451 1350 1485 sed
1362 1450 1420 1484 {ibi
1433 1451 1530 1484 instar
1543 1451 1690 1486 stercoris
1701 1450 1825 1492 foetere,
1839 1452 1891 1485 vel
1900 1451 2028 1493 sordere
2038 1454 2137 1488 instar
2146 1467 2195 1490 re-

348 1514 423 1536 rum
434 1513 506 1548 quae
519 1502 744 1548 contemptim
758 1500 994 1560 proiiciuntur.
1006 1498 1262 1544 chrysostomus
1274 1498 1381 1546 paleas
1397 1500 1863 1548 intetpretatnr.Grammatici
1881 1511 1991 1535 autem
2003 1499 2137 1536 euticam
2146 1504 2199 1541 di,

323 1548 326 1555 '
350 1552 444 1587 &um
455 1559 586 1597 putant,
600 1547 690 1595 quasi
702 1550 858 1586 κυσιβαλον,
871 1549 963 1595 quod
971 1550 1149 1596 proiicitur
1161 1547 1308 1582 canibus.
1330 1550 1368 1582 Et
1379 1548 1465 1582 certe
1477 1548 1597 1581 merito
1610 1546 1723 1582 foetere
1732 1548 1827 1582 debet
1838 1547 1937 1583 nobis
1946 1550 2199 1601 quicquidalie-

349 1610 435 1634 num
450 1597 518 1632 esta
529 1597 674 1632 Christo:
688 1610 794 1644 quum
806 1597 894 1646 apud
903 1596 1015 1631 Deum
1026 1595 1236 1633 abominatio
1249 1595 1295 1631 lit.
1308 1595 1433 1632 Merito
1444 1599 1543 1632 etiam
1559 1594 1684 1632 sordere
1694 1596 1790 1630 debet
1801 1620 1811 1634 ‚
1831 1609 1938 1644 quum
1947 1597 2034 1632 nihil
2046 1598 2084 1636 sst
2094 1601 2198 1647 quam

351 1644 429 1680 falsa
455 1647 667 1693 imaginatio.
715 1647 750 1680 V
751 1657 764 1679 t
775 1648 802 1679 C
804 1643 924 1685 hristum
932 1645 1136 1691 lucrificiam.
1185 1645 1264 1681 Hoc
1273 1643 1376 1681 verbo
1387 1647 1499 1680 innuit
1508 1667 1518 1684 a
1542 1658 1613 1681 non
1625 1642 1714 1695 porse
1723 1643 1818 1682 aliter
1831 1645 2002 1688 Christum
2023 1646 2193 1688 lucrifieri,

351 1696 454 1742 quam
469 1693 489 1729 fi
499 1694 607 1729 nostra
617 1696 735 1728 omnia
743 1695 927 1742 perdamus.
944 1695 1024 1727 Vult
1035 1695 1126 1728 enim
1138 1706 1202 1728 nos
1211 1691 1271 1727 esse
1282 1691 1349 1727 sola
1358 1691 1413 1728 sua
1423 1696 1527 1740 gratia
1536 1694 1677 1728 diuites:
1699 1692 1771 1727 vult
1782 1692 1869 1728 vnus
1881 1696 1916 1728 in
1925 1693 2068 1730 solidum
2088 1697 2199 1737 nostra

352 1741 413 1779 effe
423 1742 606 1778 beatitudo.
625 1742 745 1790 Qualis
757 1753 868 1779 autem
881 1744 964 1778 ratio
974 1740 1011 1775 fit
1021 1742 1191 1791 perdendi,
1206 1741 1295 1789 prius
1305 1742 1432 1777 dietum
1443 1743 1488 1776 est
1496 1768 1507 1784 ‚
1531 1755 1607 1777 nem
1636 1756 1652 1776 e
1663 1753 1697 1780 vt
1707 1741 1794 1779 nihil
1818 1755 1881 1777 nos
1890 1742 2030 1779 abducat
2040 1743 2080 1779 ab
2098 1749 2198 1782 vnius

355 1791 480 1826 Christi
491 1789 620 1826 fiducia.
634 1791 739 1836 Qod
751 1789 772 1825 fi
782 1789 902 1827 Paulus
912 1803 948 1824 ea
957 1792 1033 1826 vitaz
1043 1791 1239 1825 innocentia
1250 1793 1283 1824 δε
1295 1792 1494 1841 integritare,
1505 1803 1575 1825 non
1628 1790 1771 1826 ubitauit
1782 1803 1842 1838 pro
1853 1792 1980 1826 damno
2000 1797 2035 1828 &
2046 1791 2201 1830 stercori-

353 1838 416 1876 bus
429 1840 546 1874 ducere
557 1838 646 1873 suam
659 1839 912 1886 iustitiamtquid
922 1836 980 1872 sibi
989 1836 1111 1874 volunt
1120 1837 1274 1872 hodierni
1284 1837 1506 1889 Pharisaei,qui
1516 1842 1613 1876 omni
1622 1838 1829 1888 flagitiorum
1842 1853 1961 1887 genere
1975 1843 2198 1892 cooperti‚sua

354 1898 468 1924 tamen
480 1889 596 1922 merita
606 1885 758 1922 aduersus
770 1888 945 1924 Christum
955 1884 1067 1921 efferre
1077 1899 1147 1921 non
1161 1885 1379 1921 erubescunt?

403 1947 426 1980 9
476 1938 518 1969 Et
528 1939 684 1969 inueniam
693 1938 724 1969 in
735 1936 817 1986 ipsb.)
869 1934 1018 1970 Verbum
1029 1935 1073 1968 est
1084 1932 1258 1981 paffiuum:
1270 1935 1344 1969 ideo
1354 1933 1410 1968 alii
1429 1947 1486 1970 om
1492 1948 1549 1970 nes
1561 1947 1740 1974 verterunt,
1752 1938 1920 1976 Inueniar.
1932 1937 1993 1972 Sed
2002 1935 2121 1986 frigide
2133 1941 2198 1980 (6.,

354 1995 482 2019 textum
495 1994 701 2032 ptaetereunt:
718 1983 805 2032 quasi
818 1981 911 2018 nulla
921 1980 1055 2017 subesset
1065 1982 1236 2033 emphafis.
1246 1984 1278 2017 Si
1288 1981 1411 2030 paffiue
1422 1982 1521 2031 legas,
1534 1985 1703 2021 antithesis
1716 1983 1935 2020 subaudienda
1945 1986 2107 2026 est,Pauli‘i
2116 1985 2198 2023 fuis-

353 2030 384 2067 se
395 2033 563 2081 perditum
574 2031 753 2079 antequam
765 2034 923 2066 inuentus
934 2029 1007 2064 effet
1018 2033 1053 2064 in
1069 2030 1215 2066 Christo.
1226 2032 1511 2079 quemadmodnm
1522 2034 1614 2067 diues
1626 2045 1787 2068 mercator
1799 2034 1928 2081 perdito
1942 2032 2056 2071 similis
2066 2036 2120 2070 est.
2132 2037 2197 2084 quz‘i

353 2082 411 2115 diu
422 2082 575 2128 onustam
587 2079 685 2114 habet
697 2092 817 2115 nauem
829 2079 961 2127 opibus:
973 2078 1046 2126 post
1058 2080 1182 2114 iactum
1195 2081 1376 2117 inuenitur.
1392 2079 1447 2114 hic
1459 2083 1550 2115 enim
1562 2082 1706 2116 maxime
1717 2081 1802 2115 valet
1813 2083 1942 2116 dietum
1954 2082 2048 2123 illud,
2058 2085 2197 2128 Perieri,

355 2129 417 2165 nisi
431 2130 604 2177 periissem.
615 2129 675 2163 Sed
688 2131 765 2176 quia
776 2127 913 2162 verbum
924 2127 1088 2170 ἐυρισκομοω,
1100 2129 1135 2161 in
1146 2125 1268 2175 paffiua
1280 2130 1516 2163 terminatione
1528 2128 1805 2176 significationem
1816 2129 1915 2165 habet
1928 2133 2087 2171 aetitiam,
2096 2134 2196 2169 tunc-

354 2190 421 2225 que
432 2180 638 2225 Recuperare
659 2175 819 2225 significat
833 2177 925 2223 quod
936 2175 1051 2225 sponte
1061 2173 1198 2213 cesseris,
1214 2176 1498 2222 quemadmodum
1509 2176 1661 2226 pluribus
1687 2177 1848 2226 exemplis
1857 2179 1996 2214 Budaeus
2006 2181 2195 2217 deinostrat:

355 2239 429 2267 non
440 2225 591 2261 dubitaui
601 2225 641 2260 ab
653 2224 796 2260 aliorum
809 2227 973 2272 opinione
982 2222 1154 2259 discedere.
1173 2224 1264 2259 Nam
1279 2225 1344 2259 hoc
1357 2226 1459 2260 modo
1469 2225 1602 2273 plenior
1613 2229 1672 2260 erit
1684 2224 1790 2261 sensus
1804 2251 1814 2266 ‚
1832 2230 1865 2261 δε
1883 2226 2015 2262 vbetior
2025 2230 2189 2266 dodhina:

353 2274 498 2309 'Paulum
510 2287 588 2308 tenu
595 2272 707 2308 ntiaffe
717 2273 878 2309 omnibus
889 2286 960 2320 quae
971 2271 1123 2313 habebat,
1136 2284 1169 2307 vt
1180 2285 1384 2321 recuperaret
1395 2275 1431 2308 in
1441 2274 1594 2311 Christo:
1612 2273 1711 2323 idque
1721 2274 1840 2310 melius
1850 2274 1952 2310 verbo
1966 2275 2195 2319 lucrifaciendi

357 2321 545 2371 respondet,
559 2326 637 2369 quia
648 2320 808 2368 fignificat
820 2335 889 2357 non
901 2324 1059 2369 exiguum
1073 2320 1157 2355 illud
1166 2333 1222 2358 aut
1232 2320 1366 2371 vulgare
1378 2320 1437 2356 esst
1447 2321 1699 2371 lucrumrquum
1710 2326 1745 2358 in
1757 2322 1786 2359 se
1796 2323 1946 2359 Christus
1957 2327 2073 2360 onmia
2081 2322 2195 2363 conti·

344 2379 445 2412 {nean
455 2372 498 2406 Et
512 2370 597 2406 certe
609 2370 694 2405 nihil
707 2370 805 2405 nobis
815 2371 952 2418 deperit,
964 2370 1043 2405 dum
1052 2370 1093 2404 ad
1102 2370 1274 2405 Christum
1287 2372 1440 2405 venimus
1455 2372 1535 2405 nudi
1548 2375 1581 2406 δε
1593 2373 1762 2406 exinaniti.
1774 2374 1852 2419 quia
1863 2385 1935 2418 qua:
1945 2374 2021 2409 ante
2033 2373 2116 2410 falso
2129 2389 2194 2413 nos

335 2417 478 2455 shabere
488 2422 694 2468 putauimus,
709 2430 789 2453 tunc
800 2421 982 2466 incipimus
994 2419 1066 2454 vere
1077 2417 1373 2456 obtinere,Melius
1383 2430 1462 2466 ergo
1477 2418 1618 2454 declarat
1627 2430 1757 2466 quantae
1766 2418 1828 2454 lint
1839 2420 1962 2455 Christi
1975 2421 2194 2472 diuiriae:quia

343 2469 348 2480 ¹
362 2466 479 2516 inipso
495 2465 872 2515 consequimuromnia,
885 2471 919 2501 &
931 2470 1136 2505 inuenimus.
1188 2467 1266 2501 Non
1276 2465 1392 2500 habens
1402 2479 1502 2504 meam
1509 2467 1662 2511 iustitiam.
1687 2466 1826 2519 lnfignis
1836 2467 1968 2509 locus‚si
1981 2473 2056 2517 quis
2067 2483 2192 2511 certam

361 2517 489 2552 iustitiae
502 2516 576 2553 fidei
606 2514 836 2552 definitionem
848 2515 966 2550 habete
977 2517 1090 2563 cupiat
1100 2538 1110 2553 ,
1123 2519 1157 2549 &
1168 2525 1278 2550 tenere
1288 2519 1396 2549 veram
1409 2517 1649 2550 eius-naturam.
1702 2517 1886 2564 Comparat
1897 2520 1988 2553 enim
1998 2518 2054 2559 hic
2071 2520 2193 2557 Paulus

362 2565 441 2599 duas
454 2566 590 2600 iustitias
598 2567 685 2601 inter
697 2562 738 2600 se:
746 2577 846 2599 vnani
858 2565 938 2598 dicit
950 2563 1010 2597 esse
1020 2566 1190 2613 propriam
1201 2564 1364 2601 hominis,
1375 2576 1476 2620 quam
1488 2564 1626 2601 eandem
1637 2565 1733 2611 Legis
1743 2567 1752 2598 i
1757 2565 1900 2600 ustitiam
1911 2580 1929 2600 a
1955 2566 2055 2615 pellat
2071 2583 2082 2603 i
2090 2567 2192 2606 alteri

361 2625 399 2646 ex
408 2614 483 2649 Deo
493 2611 553 2647 effe
562 2614 671 2654 tradit,
686 2616 718 2648 &
735 2625 792 2662 per
803 2611 902 2647 fidem
914 2611 1059 2648 obtineri
1079 2637 1090 2652 ,
1103 2614 1182 2647 acin
1195 2610 1257 2646 fide
1272 2611 1396 2647 Christi
1407 2612 1591 2658 repositam.
1602 2615 1670 2648 Has
1682 2616 1727 2647 ita
1736 2612 1814 2648 facit
1821 2578 1952 2648 *intersg
1965 2619 2144 2652 contrarias
2155 2630 2191 2653 vt

361 2662 440 2696 stare
450 2660 544 2696 simul
557 2674 732 2708 nequeant.
743 2663 823 2695 Duo
835 2663 936 2708 igitur
947 2660 1002 2695 hic
1012 2661 1158 2695 notanda
1168 2658 1252 2694 sunt:
1264 2661 1443 2695 cedendam
1455 2658 1513 2696 else
1527 2673 1565 2696 ac
1575 2660 1914 2710 refignandam‘Legis
1923 2663 2094 2704 iustitiam,
2105 2677 2141 2700 vt
2151 2657 2193 2700 fi-

361 2711 401 2745 de
411 2708 449 2744 fis
460 2711 572 2744 iustus:
585 2710 703 2745 deinde
717 2710 876 2745 iustitiam
889 2708 964 2744 fidei
973 2710 1152 2757 prouenire
1163 2721 1201 2743 ex
1209 2710 1296 2745 Deo,
1305 2722 1376 2744 non
1387 2707 1447 2744 effe
1458 2709 1607 2745 hominis
1617 2711 1858 2758 propriam.De
1867 2721 2008 2758 vtroque
2017 2711 2116 2748 nobis
2126 2715 2192 2750 ho-

361 2760 414 2792 die
427 2757 596 2805 magnalis
609 2759 651 2792 est
662 2771 739 2792 cum
750 2759 898 2805 Papistis.
916 2771 994 2793 narn
1006 2770 1116 2804 neque
1126 2755 1204 2791 fidei
1216 2757 1374 2791 iustitiam
1384 2770 1422 2791 ex
1433 2760 1508 2793 Deo
1519 2757 1578 2793 effe
1588 2759 1782 2796 concedunt
1793 2760 1898 2797 totam
1910 2779 1921 2800 5
1941 2758 1992 2793 sed
2003 2772 2130 2808 partem
2137 2774 2190 2800 aa

359 2805 513 2841 tribuunt
525 2806 604 2840 hom
612 2809 668 2840 ini:
680 2811 713 2841 3<
726 2819 778 2840 eas
788 2805 883 2840 simul
894 2805 1125 2845 commiscent,
1136 2804 1225 2852 quasi
1237 2804 1336 2852 altera
1345 2805 1481 2840 alteram
1492 2820 1563 2841 non
1573 2806 1715 2845 tolleret.
1735 2805 1923 2858 Diligenter
1934 2820 2014 2855 ergo
2023 2805 2188 2857 expende-

362 2867 395 2889 re
405 2857 568 2889 conuenit
583 2853 708 2901 singula
719 2854 811 2888 Pauli
825 2854 933 2890 verba:
943 2853 1165 2903 quianullum
1174 2850 1218 2888 est'
1232 2856 1285 2888 cui
1297 2867 1368 2891 non
1379 2851 1477 2891 subsit
1488 2868 1648 2903 magnum
1659 2856 1801 2911 pondus.
1819 2855 1929 2903 Negat
1940 2853 2049 2891 fideles
2069 2857 2190 2900 habere

362 2903 531 2952 propriam
545 2904 702 2936 iustitiam
715 2916 722 2937 :
734 2905 826 2948 atqui
838 2917 908 2938 non
920 2903 1026 2951 potest
1038 2904 1150 2950 negari
1162 2904 1245 2950 quin
1256 2900 1277 2936 fi
1289 2915 1354 2947 qua.
1364 2901 1437 2940 esset
1448 2915 1589 2950 operum
1602 2904 1741 2941 iustitia,
1766 2903 1885 2938 merito
1897 2905 2006 2943 nostra
2017 2898 2189 2944 dicemmi,

322 2993 325 2997 Ι
360 2954 448 2999 Ergo
459 2963 598 3000 operum
610 2951 738 2985 iustitia:
748 2950 861 2985 locum
872 2951 1005 2990 nullum
1042 2954 1150 2988 enitus
1161 2949 1331 2998 relinquit.
1357 2951 1427 2985 Cur
1437 2962 1548 2989 autem
1559 2952 1656 2998 Legis
1667 2951 1824 2990 ,iustitiam
1834 2951 1988 3002 appellet,
1998 2954 2140 3004 ostendit
2151 2948 2204 2991 ad*

360 3003 538 3036 Romanos
550 3001 656 3047 capite
667 3010 713 3033 10.
724 3011 749 3032 a.
758 3009 784 3044 ς.
805 3012 926 3048 nempe
936 3002 1014 3049 quia
1048 3012 1089 3035 oc
1100 2999 1145 3034 est
1156 3000 1253 3046 Legis
1265 2998 1412 3038 edietum
1424 3021 1433 3036 ,
1452 3000 1526 3045 Qi
1537 2998 1647 3037 fecerit
1657 2997 1726 3038 haec
1736 3022 1746 3036 ,
1755 3001 1847 3036 viuet
1863 3013 1895 3034 in
1906 3000 1991 3049 ipsis.
2021 3003 2088 3038 Lex
2102 3017 2188 3053 ergo

359 3049 483 3086 iustum
495 3050 692 3096 pronuntiat
723 3047 900 3082 hominem
912 3061 949 3082 ex
961 3047 1129 3099 operibus.
1154 3047 1276 3094 Neque
1285 3048 1328 3081 est
1338 3047 1429 3097 quod
1439 3045 1637 3085 cauillentnr
1646 3047 1795 3094 Papistae,
1825 3049 2051 3096 restringihoc
2073 3042 2186 3088 ωξωῃ

362 3097 479 3132 debere
488 3097 527 3130 ad
537 3098 759 3132 caeremonias.
779 3096 892 3131 Primo
903 3099 992 3130 enim
1002 3095 1163 3140 friuolam
1181 3096 1225 3130 est
1236 3105 1478 3143 nugamentum
1488 3118 1498 3133 2
1513 3095 1605 3141 qu‘od
1615 3095 1734 3133 Paulus
1744 3100 1951 3132 ceremoniis
1960 3099 2119 3135 duntaxat
2130 3103 2187 3136 iu-

363 3147 428 3182 stus
438 3144 545 3179 fuerit.
565 3145 683 3180 deinde
697 3144 757 3179 hac
775 3146 902 3180 ratione
926 3148 1073 3196 opponit
1092 3146 1171 3179 duas
1181 3145 1254 3178 istas
1265 3144 1402 3184 iustitias
1411 3167 1421 3183 ,
1440 3143 1532 3191 quod
1545 3156 1609 3178 vna
1622 3143 1818 3178 sithominis
1830 3168 1839 3181 ,
1857 3145 1956 3180 altera
1966 3160 2004 3181 ex
2014 3149 2098 3183 Deo.
2126 3148 2188 3184 Al-

359 3205 464 3230 teram
476 3196 575 3240 igitur
586 3191 746 3241 fignificat
756 3191 816 3228 ess'e
828 3204 968 3240 opetum
981 3193 1177 3230 mercedem,
1188 3191 1322 3226 alteram
1333 3194 1515 3244 gratuitum
1525 3193 1590 3229 Dei
1599 3192 1739 3226 donum.
1757 3195 1805 3226 lta
1815 3194 2010 3241 generaliter
2029 3199 2188 3231 metitum

360 3242 509 3277 hominis
521 3244 666 3289 opponit
677 3242 800 3275 Christi
813 3243 932 3288 gratiae.
944 3253 1020 3276 nam
1032 3242 1107 3275 cum
1124 3241 1189 3274 Lex
1199 3238 1309 3274 afferat
1320 3238 1512 3288 opera‚fides
1521 3237 1615 3274 offert
1626 3240 1753 3274 nudum
1766 3240 1942 3276 hominem
1953 3244 2077 3285 Deo,vt
2087 3244 2190 3280 Chri-

358 3291 398 3325 sti
412 3290 531 3323 iustitia
542 3292 707 3325 induatur.
734 3289 838 3337 de
853 3292 953 3337 igitur
964 3289 1120 3325 iustitiam
1132 3287 1205 3323 fidei
1216 3286 1320 3322 asserir
1330 3302 1367 3324 ex
1377 3289 1452 3322 Deo
1463 3287 1605 3326 effe,non
1622 3288 1696 3322 ideo
1707 3287 1836 3324 tantum
1846 3291 1889 3330 est
1902 3294 1981 3337 quia
1991 3290 2069 3326 fides
2077 3291 2114 3327 fit
2123 3292 2187 3328 Dei

353 3337 550 3377 donumssed
560 3341 637 3385 quia
649 3339 743 3382 Deus
755 3351 817 3377 nos
831 3336 984 3378 iustifice't
995 3335 1049 3376 sua
1056 3336 1207 3376 bonitate
1219 3350 1226 3370 ε
1238 3336 1289 3372 vel
1300 3337 1392 3384 quod
1401 3336 1522 3377 iustitia
1530 3335 1569 3371 ab
1581 3334 1652 3385 ipso
1665 3336 1764 3371 nobis
1775 3338 1972 3378 donat5,fide
1981 3341 2191 3387 recipiamus,

1954 3397 1992 3426 10
2029 3389 2079 3423 Vt
2087 3401 2196 3438 cogne-¹
