2268 3705
260 144 317 168 ιη
771 125 1586 175 {NI-EPIST-PAVLI

254 199 418 250 quaslibet
428 198 560 248 linguas
571 198 827 247 comprehendit
836 226 845 239 ‚
863 211 940 245 quae
950 197 1081 232 tantum
1091 194 1275 243 Euangelio
1284 200 1343 242 ‘per
1353 207 1471 228 omnes
1492 196 1616 228 Gentes
1629 181 1835 241 publicando
1857 193 2050 237 seruiebant.
2063 198 2115 232 isti

256 263 367 285 autem
380 262 430 283 eas
442 250 604 284 damnant
616 248 747 295 linguas
759 249 775 282 ἐ
787 247 909 294 quibus
920 258 1082 292 tanquam
1093 246 1111 278 a
1121 243 1273 278 fontibus
1285 255 1368 291 pura
1379 244 1552 290 Scripturae
1562 243 1734 283 veritasest
1759 242 1949 278 haurienda.
1959 246 2114 292 Sequitur

258 301 424 346 exceptio,
437 311 507 333 non
524 296 830 332 itaimmorandum
844 293 903 329 effe
914 297 949 328 in
961 295 1087 340 linguis
1101 321 1110 331 ‚
1120 303 1156 326 vt
1168 291 1346 339 prophetia
1356 290 1582 338 negligentius
1593 301 1734 327 curetur,
1753 303 1824 338 quae
1835 294 1926 339 prior
1940 291 1998 327 effe
2007 293 2112 328 debet.

260 348 566 396 Ntsimterpretetur.
598 346 688 380 Nam
699 343 722 378 fi
733 344 863 378 accedat
875 343 1184 389 interpretatiosiam
1195 343 1256 373 erit
1266 339 1452 387 prophetia.
1468 339 1522 372 Ne
1533 348 1645 372 tamen
1656 338 1821 386 intelligas
1832 340 1972 374 Paulum
1982 340 2037 375 hic
2048 354 2115 377 con

260 397 373 431 cedere
386 407 419 429 vt
431 394 560 442 quispia
573 394 671 428 verba
683 394 812 426 exotica
822 390 1092 426 demurmurzidm
1106 387 1281 423 Ecclesiam
1293 387 1359 422 sine
1370 387 1478 421 fruetu
1490 388 1753 433 detincat‚quam
1766 390 1855 421 enim
1871 389 2050 425 ridiculum
2061 389 2115 424 fo-

261 456 322 482 ret,
339 445 425 478 idem
439 442 589 491 pluribus
600 442 725 488 linguis
737 441 954 488 pronuntiare
972 437 1064 472 nulla
1077 438 1115 471 de
1125 435 1236 471 causa?
1267 437 1327 470 Sed
1338 436 1456 469 accidit
1469 434 1548 482 saepe
1560 446 1593 468 vt
1603 436 1818 482 tempestiuus
1829 435 1865 470 iit
1874 437 1981 481 aliene
1992 437 2116 485 lingua:

261 492 346 528 Vsus:
360 493 504 538 denique
516 491 616 525 finem
629 487 813 537 sineremus
824 486 967 523 tantum,
983 498 1017 519 vt
1028 484 1200 520 aedificatio
1211 485 1250 519 ad
1258 482 1433 519 Ecclesiam
1446 484 1564 517 redcat.

311 543 332 575 6
381 545 491 588 Qun·
502 538 776 584 auremsivenero.)
829 537 993 584 Proponit
1005 533 1079 568 sein
1093 533 1295 582 exemplum,
1311 534 1474 578 quoniam
1487 535 1521 566 in
1533 535 1602 566 eius
1611 529 1748 580 persona
1765 536 1868 581 magis
1883 545 1951 567 erat
1962 533 2117 570 luculen—

262 601 337 624 tum
348 588 524 636 specimen.
550 587 708 620 FruCtum
719 584 853 619 vberem
865 581 1047 618 sentiebant
1063 584 1237 616 Corinthii
1247 594 1284 615 ex
1296 583 1366 615 eius
1377 581 1545 615 doctrina:
1556 582 1671 628 quaerit
1682 593 1760 628 ergo
1770 583 1851 628 quid
1863 580 1928 616 illis
1938 581 2118 629 profuturui

265 637 303 673 sit
318 636 339 671 fi
354 637 479 684 linguis
491 636 674 681 incognitis
696 634 783 681 apud
794 645 849 666 eos
861 644 979 667 vtatur.
992 633 1069 666 Hoc
1082 633 1285 678 experimere
1296 630 1454 663 admonet
1464 637 1592 676 quanto·
1603 628 1699 663 satius
1712 631 1748 662 iit
1757 630 1830 664 dare
1839 630 2024 678 prophetiis
2035 644 2119 679 ope-

264 699 345 721 ram:
360 685 477 719 deinde
489 685 601 717 minus
613 680 766 716 odiosum
779 692 857 722 erat,
871 682 1041 715 stultitiam
1056 680 1142 713 hanc
1155 681 1190 712 in
1203 677 1257 713 sua
1269 676 1367 726 ipsius
1379 675 1515 725 persona
1526 679 1626 724 quam
1639 680 1673 711 in
1684 677 1792 712 aliena
1801 678 2118 726 reprehendere-Po·-

264 737 315 770 nit
324 744 435 769 autem
451 730 571 780 species
583 743 728 779 quatuor
738 725 1424 766 aedificationis‚reuclationem,scientiam,
1433 727 1645 774 prophetiam
1658 730 1692 761 &
1703 727 2068 774 doEtrinam,quoniam
2078 730 2118 763 de

263 782 315 817 his
329 783 422 815 variae
433 780 506 814 sunt
520 782 700 828 opiniones
711 777 1039 825 interpretumzliceat
1049 778 1148 810 etiam
1163 776 1247 810 mihi
1261 776 1490 809 coniceturam
1502 788 1610 809 meam
1622 787 1810 823 proponere
1826 788 1834 808 z
1847 774 1959 809 verum
1971 778 2048 822 quia
2059 781 2120 811 cc]—

264 832 390 865 ieet-ara
402 827 509 863 solum
523 829 743 866 est‚iudicium
756 830 814 860 erit
826 839 924 874 penes
934 823 1342 861 leuoressscuelarionem
1356 826 1390 857 &
1400 823 1612 871 prophetiam
1626 823 1683 858 sub
1695 836 1764 857 vno
1778 825 1860 870 iugo
1872 828 2018 871 pono,&
2030 824 2118 860 hanc

263 890 348 927 puto
360 877 451 912 illius
467 875 526 912 effe
538 874 922 912 ministeriumsfimiliter
931 873 1036 909 sentio
1049 869 1234 907 descientia
1251 876 1286 907 Sc
1297 873 1461 911 domina,
1477 884 1557 919 ergo
1568 872 1661 919 quod
1673 870 2115 919 reuelationeconsequutus

264 928 309 961 est
320 926 497 974 quispiam,
511 938 568 974 per
577 925 788 974 prophetiam
797 921 967 971 dispensat.
979 918 1103 957 Modus
1113 920 1401 956 communicandae
1413 918 1567 961 scientiae,
1580 922 1733 956 doetrina
1747 920 1801 954 est:
1817 922 1861 954 ita
1872 921 2050 968 Propheta,
2061 923 2117 955 in-

263 987 385 1024 terpres
396 977 455 1008 erit
468 980 501 1009 St
515 975 660 1009 minister
671 972 896 1007 reuelationis:
907 972 997 1018 quod
1009 969 1202 1005 definitioni
1213 968 1357 1017 superius
1367 969 1384 1002 ὲ
1395 967 1493 1002 nobis
1505 967 1615 1016 pofitae
1628 971 1733 1016 magis
1747 966 1941 1016 suffragatur
1950 970 2052 1016 quam
2064 982 2120 1004 re-

262 1035 401 1073 pugnat.
410 1023 625 1071 Prophetiam
638 1024 727 1056 enim
739 1021 896 1058 diximus,
908 1033 979 1054 non
990 1018 1132 1068 simplici
1142 1030 1197 1053 aut
1212 1019 1300 1052 nuda
1309 1019 1581 1064 interpretatione
1591 1020 1766 1066 Scripturae
1779 1016 1992 1054 constarezsed
2008 1020 2120 1052 conti-

264 1086 341 1108 nere
352 1071 447 1107 simul
463 1075 532 1106 eius
542 1074 576 1105 in
586 1068 777 1118 praesentem
786 1068 1182 1104 vsuin=accominodaiidae
1197 1065 1368 1100 scientiam
1384 1078 1392 1099 z
1413 1077 1485 1111 quae
1494 1065 1630 1102 nonnisi
1640 1079 1677 1101 ex
1685 1065 1890 1101 reuelatione
1901 1070 1937 1101 &
1960 1065 2122 1114 peculiari

263 1123 333 1156 Dei
344 1120 492 1169 impulsu
505 1120 658 1154 habetur.

319 1208 346 1245 7
407 1197 510 1250 Quin
526 1195 566 1241 ῤ’
576 1195 736 1233 inanima
747 1207 865 1232 vocem
877 1190 1138 1247 reddentiafiue
1149 1187 1244 1235 tibia,
1251 1187 1325 1245 flue
1335 1184 1475 1234 cithara,
1505 1188 1572 1244 nisi
1578 1187 1832 1241 dssindionem
1840 1186 1937 1243 semi·
1948 1187 2121 1230 dederint:

265 1251 433 1306 quomodo
445 1248 653 1306 cognoſsetur
661 1250 754 1304 quid
758 1247 842 1288 tibia
855 1254 989 1288 canitur
998 1245 1059 1286 a'ut
1065 1245 1194 1305 citharq
1205 1250 1221 1285 ?

319 1315 343 1346 8
404 1310 543 1346 Etenim
546 1307 577 1362 si
584 1309 747 1345 incertam
756 1318 875 1344 vocem
885 1303 963 1344 tuba
974 1303 1118 1349 dederit,
1129 1308 1207 1358 quis
1218 1300 1433 1359 apparabitur
1440 1298 1490 1338 ad
1499 1297 1625 1340 bellum
1638 1304 1656 1340 ,ἓ

321 1376 347 1410 9
406 1366 461 1401 Sic
470 1363 509 1409 ό-
520 1375 594 1404 vos,
595 1373 657 1415 per
664 1362 830 1416 linguam,
841 1359 1361 1418 nissstgnificantemstrmonem
1371 1355 1548 1398 dederiti5:
1571 1358 1740 1413 quomodo
1749 1357 1960 1414 intelligetur
1966 1357 2124 1413 quoddi-

265 1420 368 1458 citur?
379 1422 478 1458 erin's
489 1422 582 1458 enim
593 1420 632 1457 in
642 1431 755 1457 aerem
766 1417 956 1471 loquentes.
1161 1417 1162 1420 ’
2120 1415 2130 1422 ”
2141 1426 2143 1428 ·

321 1489 359 1513 10
419 1479 449 1513 T
454 1489 511 1514 am
521 1470 873 1528 multa,verbigratm‚
884 1486 1011 1528 genera
1022 1470 1235 1526 vocumsimt
1244 1476 1283 1512 in
1289 1469 1481 1517 mundo,&
1490 1467 1584 1509 nihil
1591 1468 1713 1510 horum
1721 1481 1869 1512 mutum.

325 1545 357 1569 11
409 1540 428 1572 Ι
431 1540 532 1585 taque
534 1531 567 1587 fi
578 1528 720 1583 nefiiero
730 1532 809 1567 vim
820 1533 985 1577 ναῶ-,ενα
996 1532 1028 1568 ei
1041 1530 1098 1580 qui
1109 1526 1448 1583 loquitur‚barbarus:
1463 1528 1502 1572 ῤ’
1512 1535 1573 1581 qus'
1583 1526 1901 1583 loquitur‚apudme
1909 1524 2082 1568 barbaras.

312 1602 333 1626 z
347 1601 360 1626 1
408 1597 542 1679 lltaque
553 1587 593 1635 ἀ·
610 1599 678 1624 vos
701 1583 982 1642 quandoquidem
988 1583 1177 1642 st’o‘laetores
1186 1583 1452 1641 eftuspirituum
1463 1612 1473 1631 ,
1494 1582 1808 1636 aa'aedificationem
1817 1582 1962 1639 Ecclefiae
1971 1584 2126 1638 querit&

270 1655 318 1683 vt
325 1657 406 1683 exce
421 1643 513 1684 latis.

290 1747 293 1750 ‚
326 1715 360 1753 13
418 1698 1078 1758 Qapropterquiloquiturlingua,oret
1094 1703 1395 1757 vtinterpretetur.

330 1772 373 1807 14
428 1759 568 1823 Qmfi
576 1771 667 1797 orem
677 1758 809 1814 lingua,
811 1755 944 1812 spiritus
953 1770 1049 1796 meus
1059 1769 1245 1806 orat‚mens
1252 1767 1368 1797 autem
1385 1768 1463 1795 mea
1462 1753 1588 1809 fruHu
1598 1764 1702 1794 caret.

330 1828 366 1861 ¹5
421 1814 527 1869 Qid
534 1817 641 1871 igitur
649 1814 719 1867 cst?
729 1812 828 1853 orabo
829 1810 967 1866 spiritu,
971 1810 1041 1866 ῥά
1044 1812 1144 1854 orabo
1156 1812 1197 1860 ὠ
1207 1824 1332 1852 mente:
1344 1825 1466 1851 canam
1472 1812 1612 1867 spiritu,
1612 1807 1685 1865 fid
1689 1824 1812 1850 canam
1823 1809 1863 1857 ὦ·
1872 1822 1999 1862 mffite.

330 1875 367 1910 16
426 1872 568 1924 Alioqui
567 1869 603 1924 si
609 1867 826 1911 benedixeris
828 1867 1002 1924 spiritqu
1012 1872 1076 1924 qui
1084 1868 1203 1926 implet
1210 1869 1284 1910 loct'a‘
1296 1866 1596 1924 idiotae,qaomodo
1605 1866 1757 1907 dicium
1767 1866 1878 1919 estu
1881 1879 1962 1907 men
1973 1867 2127 1907 adtuam

268 1941 331 1983 gra
336 1931 464 1966 tiaram
474 1928 666 1966 amonem?
674 1924 962 1980 quandoquidem
973 1925 1065 1979 quid
1073 1923 1295 1977 dicaes‚nefiit.

332 1997 371 2034 17
434 1989 532 2031 Qm
541 1992 578 2021 tu
591 1983 736 2036 quidem
743 1980 830 2021 bene
834 1995 898 2036 gra
905 1984 974 2020 tias
982 1981 1128 2036 a'gtirffed
1135 1981 1220 2022 alius
1230 1996 1302 2021 non
1318 1980 1515 2036 aedificatur.

325 2050 347 2085 7
397 2039 487 2088 Qn
498 2040 695 2078 &inanima‚
709 2040 787 2082 Sec.)
837 2035 1081 2083 Similitudines
1089 2038 1385 2085 adducinprimum
1397 2039 1416 2072 a
1425 2035 1557 2071 musicis
1568 2036 1930 2072 instrumentistcleinde
1941 2034 1982 2070 ab
1994 2038 2129 2071 vniuet-

278 2085 308 2121 sa
319 2100 429 2121 rerum
441 2097 568 2122 natura:
580 2084 709 2120 nullam
722 2088 814 2120 enim
827 2083 887 2120 effe
902 2097 1023 2119 vocem
1034 2087 1088 2132 cui
1099 2099 1171 2120 non
1198 2085 1273 2120 infit
1281 2085 1419 2133 aliquod
1430 2096 1732 2133 temperamentum
1746 2086 1955 2120 distinctioni
1964 2085 2131 2137 aptum.1-

277 2134 351 2184 pst&
362 2137 493 2182 inquit,
515 2137 616 2168 etiam
627 2136 778 2180 inanima
788 2147 850 2168 nos
862 2134 996 2168 docent.
1024 2134 1166 2168 eduntur
1176 2135 1312 2180 quidem
1324 2145 1449 2168 temere
1461 2133 1559 2168 multi
1573 2131 1701 2170 sonitus
1710 2144 1766 2167 aut
1778 2133 1921 2180 fragores
1930 2132 2051 2181 abique
2063 2133 2130 2168 vlla

278 2183 512 2220 modulatione
523 2196 531 2216 :
542 2181 593 2217 sed
605 2183 725 2217 Paulus
737 2181 794 2217 hic
805 2182 958 2229 loquitur
971 2183 1010 2216 de
1018 2181 1158 2218 vocibus
1174 2186 1208 2217 in
1222 2182 1343 2229 quibus
1356 2183 1438 2218 inest
1449 2181 1575 2230 aliquid
1586 2181 1662 2216 artis
1675 2196 1682 2216 :
1695 2194 1731 2216 ac
1743 2180 1765 2215 s1
1775 2182 1897 2216 diceret
1907 2207 1915 2218 ‚
1929 2181 2011 2216 Non
2024 2183 2131 2230 potest
2184 2188 2189 2197 ⁸

277 2233 386 2267 horno
396 2232 469 2266 dare
480 2231 611 2266 citharae
621 2229 773 2266 aut'tibiae
782 2233 928 2266 animam
941 2244 948 2264 :
965 2243 1084 2265 vocem
1095 2242 1207 2266 tamen
1218 2229 1349 2280 affingit
1359 2234 1405 2267 ita
1414 2241 1629 2279 temperatam
1649 2241 1683 2264 vt
1693 2228 1832 2264 discerni
1851 2240 1959 2276 queat.
1986 2231 2087 2277 quam
2100 2233 2130 2265 i-

277 2284 349 2329 gitu
357 2295 369 2315 r
378 2278 554 2316 absurdum
566 2280 612 2314 est
622 2306 632 2321 ,
642 2280 798 2314 homines
810 2277 896 2327 ipsos
906 2278 1130 2327 intelligentia
1140 2280 1293 2328 praeditos
1302 2304 1312 2318 ,
1323 2278 1501 2315 confusum
1516 2277 1625 2313 neseio
1636 2280 1717 2326 quid
1727 2278 1863 2313 sonare?
1890 2277 1993 2312 Porro
2004 2280 2044 2312 de
2053 2292 2131 2313 mu—

278 2330 349 2364 iicis
366 2328 656 2364 modulationibus
670 2342 740 2363 non
753 2329 795 2362 est
806 2328 861 2362 hic
874 2325 1024 2362 subtilius
1034 2327 1281 2375 disputandum:
1293 2330 1371 2375 quia
1380 2327 1501 2362 Paulus
1512 2328 1544 2361 id
1556 2338 1685 2362 tantum
1696 2325 1829 2375 sumpsit
1840 2327 1931 2373 quod
1942 2325 2045 2374 vulgb
2056 2340 2132 2375 pet-

277 2382 420 2426 cipitur:
438 2377 532 2412 sicuti
542 2376 681 2424 clangor
696 2377 783 2411 tubae
795 2378 836 2410 de
845 2389 914 2424 quo
932 2389 1011 2410 mox
1021 2375 1172 2424 loquitur
1186 2390 1193 2411 :
1208 2377 1252 2411 est
1265 2375 1408 2412 enimfic
1418 2374 1623 2424 compositus
1633 2377 1672 2409 ad
1682 2374 1940 2410 inflammandos
1951 2378 2082 2411 animos
2094 2388 2130 2412 vt

278 2441 350 2462 non
364 2427 520 2461 homines
530 2427 660 2460 tantum
675 2449 684 2462 ,
696 2424 859 2464 sedetiam
871 2437 974 2471 equos
988 2423 1235 2473 expergefaciat.
1251 2423 1485 2472 Qamobrem
1499 2425 1770 2459 Lacedaemonios
1783 2426 1817 2458 in
1831 2423 2041 2458 conserendis
2050 2437 2135 2472 prae-

278 2475 332 2510 liis
345 2473 417 2509 vsos
427 2474 538 2523 potius
548 2471 639 2508 fuisse
651 2474 734 2509 tibia
744 2498 754 2512 ,
766 2474 898 2509 tradunt
911 2473 1054 2510 historiae
1073 2498 1084 2512 ,
1109 2486 1151 2508 ne
1163 2476 1323 2508 exercitus
1337 2475 1439 2508 nimis
1450 2471 1580 2508 feruido
1590 2474 1719 2520 impetu
1732 2474 1767 2507 in
1779 2470 1910 2507 hostem
1925 2474 2036 2520 primo
2045 2485 2132 2508 con·

279 2522 383 2572 greffii
397 2526 542 2557 irrueret.
551 2519 709 2569 Denique
720 2535 838 2558 omnes
849 2524 1036 2569 experimur
1046 2533 1170 2569 quanta
1180 2520 1217 2556 sit
1227 2524 1276 2556 vis
1288 2521 1417 2557 musicae
1428 2522 1466 2555 ad
1477 2518 1584 2555 sensus
1595 2520 1778 2555 hominum
1789 2522 2025 2554 mouendoszvt
2035 2521 2131 2558 Plato

279 2582 353 2608 'non
363 2571 419 2606 abs
431 2583 464 2606 re
475 2570 632 2606 muficam
642 2572 680 2605 ad
690 2583 798 2605 mores
809 2572 953 2604 ciuitatis
965 2569 1030 2604 huc
1046 2570 1126 2605 illuc
1142 2569 1323 2606 flectendos
1333 2595 1343 2610 ‚
1358 2569 1544 2620 plurimum
1556 2568 1664 2607 valete
1674 2570 1792 2604 tradat.
1812 2570 1851 2601 In
1863 2580 1964 2602 aerem
1978 2568 2076 2614 loqui,
2087 2571 2131 2606 est

283 2633 391 2655 aerem
402 2619 514 2653 frustra
524 2618 782 2655 verberare2acs1
797 2619 929 2658 diceret,
941 2620 1016 2652 Vox
1027 2630 1083 2653 tua
1092 2631 1202 2665 neque
1211 2619 1250 2653 ad
1269 2621 1379 2655 Deum
1392 2620 1558 2668 pertinget
1567 2640 1578 2658 ,
1589 2613 1697 2664 tresque
1707 2617 1746 2652 ad
1757 2617 1913 2652 homines
1922 2640 1933 2654 ,
1941 2613 2001 2652 *sed
2011 2630 2133 2654 euane-

283 2669 350 2705 ‘scet
363 2671 398 2709 in
408 2680 490 2702 aere.
1612 2667 1627 2670 ’“
1640 2666 1643 2669 ’

325 2720 369 2752 10‘
383 2707 389 2721 ¹
417 2716 516 2750 Nihil
525 2715 627 2749 horum
638 2717 801 2756 mutuum.)
851 2713 1045 2749 Generalius
1055 2726 1148 2749 nunc
1158 2714 1326 2761 loquitur:
1342 2715 1600 2763 comprehendit
1609 2716 1700 2748 enirn
1711 2726 1802 2749 nunc
1812 2725 1911 2748 voces
1922 2712 2085 2749 naturales
2095 2729 2133 2750 a-

288 2764 480 2803 nimalium.
499 2766 638 2799 Mutum
649 2764 704 2798 hic
714 2765 836 2812 accipit
847 2776 907 2811 pto
918 2762 1060 2798 confuso
1069 2786 1079 2800 ‚
1103 2764 1197 2809 quod
1207 2767 1281 2798 voci
1292 2767 1469 2816 attic'ulatae
1479 2765 1682 2812 opponitur:
1696 2775 1771 2796 nam
1781 2774 1902 2797 canum
1924 2761 2057 2797 latratus
2066 2763 2131 2799 dif—

288 2812 352 2851 fert
363 2812 402 2848 ab
413 2814 577 2859 equorum
589 2813 738 2846 hinnitu:
749 2812 888 2858 leonum
900 2814 1041 2859 rugitus,
1056 2812 1195 2855 &ruditu
1207 2811 1386 2846 asinorum.
1407 2812 1556 2859 Singulis
1568 2813 1667 2845 etiam
1678 2813 1790 2844 auium
1801 2809 1976 2858 generibus
1987 2812 2068 2845 inest
2078 2807 2132 2847 sua

291 2874 380 2899 certa
390 2861 530 2898 canendi
542 2859 593 2895 vel
604 2861 766 2908 strependi
777 2860 894 2900 forma:
905 2872 977 2894 tota
987 2863 1089 2908 igitur
1099 2870 1222 2894 naturae
1233 2859 1326 2895 series
1338 2874 1411 2908 quae
1421 2861 1440 2896 a
1449 2862 1524 2894 Deo
1537 2859 1581 2894 est
1591 2860 1818 2899 ordinatamos
1829 2860 1869 2894 ad
1881 2859 2134 2901 distinctionem

295 2914 431 2948 inuitat.

345 2972 372 2994 11
422 2961 481 2995 Ero
490 2960 519 2992 ei
527 2961 579 3004 qm‘
588 2956 905 3002 loquimr‚barbarus.)
954 2957 1087 3005 Lingua
1103 2955 1198 2991 debet
1211 2954 1270 2990 effe
1280 2957 1447 2998 character
1457 2959 1580 2991 mentis
1591 2981 1601 2995 ‚
1620 2968 1690 2990 non
1703 2955 1831 2989 tantum
1843 2955 1983 3002 qualiter
1992 2969 2133 3004 prouer-

292 3008 390 3044 bium
403 3005 631 3054 intelligit‚sed
641 3004 782 3052 qualiter
796 3007 892 3042 docet
901 3005 1092 3044 Aristoteles
1105 3007 1204 3040 initio
1214 3004 1292 3041 libri
1300 3001 1342 3045 “de
1353 3005 1757 3053 interpretationeQam
1769 3006 1869 3052 igitur
1880 3007 2032 3052 ineptum
2043 3007 2086 3040 est
2094 3018 2133 3041 ac

293 3056 544 3106 praeposterum,
556 3051 734 3090 ¹hominem
745 3056 780 3088 in
790 3065 879 3088 coetu
891 3065 1008 3088 vocem
1019 3051 1112 3102 edere
1121 3077 1132 3094 ,
1144 3066 1182 3099 ex
1192 3066 1257 3100 qua
1266 3049 1354 3089 nihil
1364 3054 1524 3101 percipiat
1533 3054 1675 3090 auditor,
1687 3055 1724 3087 in
1733 3065 1798 3099 qua
1809 3051 1941 3087 nullum
1958 3052 2086 3101 {ignum
2098 3067 2135 3088 a-

295 3106 518 3148 nimaduertat
528 3116 597 3151 quo
613 3103 768 3137 doceatur
778 3102 859 3148 quid
868 3101 924 3144 ille
933 3101 1028 3149 velit?
1038 3098 1123 3150 Non
1132 3102 1211 3136 ertio
1220 3101 1276 3136 abs
1286 3115 1319 3136 re
1330 3101 1450 3137 Paulus
1460 3093 1521 3150 pio
1531 3098 1756 3135 absurdiffirno
1768 3100 1833 3135 hoc
1844 3099 2133 3142 sumit,barbarum

297 3152 359 3188 effe
368 3152 578 3193 audientibus
590 3153 649 3198 qui
660 3151 819 3185 idiomate
828 3151 1007 3197 incognito
1016 3146 1144 3199 strepit:
1158 3131 1200 3186 ξε
1210 3149 1306 3186 fimul
1319 3150 1484 3198 eleganter
1494 3149 1625 3184 stultam
1636 3149 1895 3184 Corinthiorum
1907 3149 2131 3186 ambitio‘nem

241 3224 243 3227 .
297 3204 381 3236 ridet
391 3202 411 3239 ,'
422 3200 481 3248 qui
490 3200 620 3236 laudem
631 3200 707 3234 inde
729 3203 762 3233 &
782 3196 1060 3232 existimationem
1082 3198 1268 3247 captabant.
1293 3201 1370 3235 Hoc
1382 3225 1392 3239 ,
1415 3200 1545 3245 inquit,
1565 3199 1740 3245 praemium
1758 3197 1939 3245 reportabis
1952 3223 1961 3237 ,
1980 3198 2073 3246 qubd
2094 3211 2128 3233 e-

298 3252 343 3284 ris
357 3248 524 3288 barbarus.
544 3261 622 3283 nam
631 3247 760 3282 barbari
779 3259 905 3281 nomen
916 3245 981 3280 siue
999 3245 1213 3282 factitiumsit
1233 3248 1533 3295 (quemadmodum
1554 3243 1661 3281 censet
1671 3244 1800 3290 Strabo)
1835 3245 1900 3281 siue
1913 3247 2050 3282 aliunde
2065 3247 2128 3281 du-

297 3300 391 3333 &um
404 3322 411 3333 ‚
424 3299 460 3331 in
471 3297 591 3331 malam
603 3307 728 3344 partem
745 3295 916 3343 accipitur.
935 3295 1030 3330 Vnde
1041 3296 1145 3331 Graeci
1157 3318 1167 3333 ,
1187 3298 1247 3344 qui
1257 3294 1316 3330 fibi
1325 3293 1386 3330 soli
1395 3293 1502 3330 diserti
1515 3298 1549 3329 Sc
1559 3292 1803 3343 politaelinguae
1813 3294 2008 3343 videbargtur
2018 3320 2027 3332 ,
2042 3293 2128 3330 alios

299 3358 418 3380 omncs
433 3345 451 3379 ὲ
461 3347 533 3379 rudi
545 3349 578 3380 ὃ(
589 3345 702 3392 agresti
715 3347 806 3379 vocis
818 3343 901 3378 sono
913 3341 1068 3378 barbaros
1080 3343 1254 3379 vocabant.
1271 3344 1395 3379 verum
1407 3342 1499 3379 nulla
1509 3344 1552 3377 est
1570 3354 1636 3376 tam
1646 3341 1734 3376 culta
1744 3342 1859 3390 lingua
1868 3368 1878 3381 ‚
1889 3357 1959 3391 quae
1971 3356 2041 3378 non
2052 3342 2128 3377 bat-

297 3391 376 3436 bara
394 3392 559 3428 censeatur
568 3418 579 3432 ,
599 3393 655 3429 vbi
668 3392 755 3428 abest
772 3390 1005 3443 intelligentia.
1025 3391 1189 3434 Auditor,
1211 3392 1322 3439 inquit
1333 3390 1453 3430 Paulus
1463 3414 1474 3429 ‚
1491 3390 1577 3426 mihi
1588 3392 1647 3426 erit
1665 3390 1821 3427 barbarus
1839 3415 1849 3430 ‚
1870 3396 1903 3426 δι
1915 3404 1978 3439 ego
1988 3389 2129 3438 'vicissim

2062 3437 2126 3477 illi.
