2268 3705
260 85 318 130 :36
1145 91 1158 107 Χ

347 197 482 237 -Νι
474 217 519 236 a
520 183 812 239 s‘ffffl
843 194 867 228 ¹0²·-
947 207 1051 239 &a
1104 191 1127 215 ’ὃ
1148 188 1284 231 ‘ees
1328 196 1367 237 ζ)
1401 196 1512 232 aaz„
1546 178 1965 238 -ffi‘ffilfvlpzssss
2063 219 2074 225 ..

289 224 2133 389 oRNA‘t-''ss-V'IROMELCH104

525 396 620 448 RI
680 389 1219 448 VOLMARIO
1279 386 1861 442 RVFOIVRIS·

894 469 1312 543 consultostohannep
1326 469 1526 520 Caluinus
1559 477 1597 521 S.

692 592 702 605 τ’
714 597 716 601 ⁴
728 593 771 625 q.
798 581 813 613 1
835 591 887 613 me
898 589 971 612 non
982 574 1085 610 modo
1096 573 1319 621 negligentiae,
1329 572 1379 608 sed
1389 575 1488 608 etiam
1499 567 1754 610 inhumanitatis
1765 575 1905 614 acduses,
1917 575 2011 622 quod
2021 577 2137 611 tandiu

681 623 684 631 Χ
727 621 732 626 ’
800 625 887 662 nihil
898 638 962 672 ego
973 625 1012 658 ad
1023 635 1055 658 te
1069 623 1238 657 literarum
1253 621 1516 657 dederimzfateor
1523 635 1565 669 qu
1571 623 1614 657 od
1624 622 1773 657 exc'us'em
1781 626 1836 658 vix
1846 638 1899 658 me
1908 623 2036 658 habere.
2045 625 2137 659 Nam

800 675 823 710 sl
833 685 1018 723 praetexam‚
1030 672 1142 719 longis
1154 684 1216 705 nos
1226 671 1381 705 locorum
1392 668 1501 718 spatiis
1511 672 1625 706 distare
1635 695 1646 709 ,
1656 675 1827 706 neminem
1841 685 1894 706 me
1905 670 2050 707 habuisse
2062 684 2137 708 toto

799 724 1037 770 quinquennio
1050 733 1106 767 qui
1120 719 1200 753 istuc
1211 718 1481 767 proficisceretur,
1496 732 1610 754 verum
1622 721 1760 766 quidem
1771 722 1848 754 erit:
1870 719 1921 754 sed
1930 722 2033 755 nimis
2044 720 2139 755 infir-

767 770 769 774 ’
800 785 893 806 mum
904 770 1049 805 forciam
1061 768 1151 816 spote
1161 768 1316 814 agnosco.
1331 767 1564 814 Qamobtem
1577 767 1664 803 nihil
1675 768 1793 803 melius
1805 767 2028 814 visum‚quam
2041 782 2139 804 com-

728 820 743 853 ἦ
798 818 1029 868 pensationem
1041 816 1187 863 aliquam
1198 819 1423 864 interponere,
1438 829 1510 863 qua:
1523 814 1696 865 superioris
1707 819 1868 864 temporis
1879 828 1983 852 errata
1993 820 2139 864 corrige-

670 889 677 901 2
700 897 715 912 s
799 869 844 903 do
854 891 864 909 -,
878 881 931 902 me
943 864 1041 900 semel
1055 867 1153 899 omni
1163 864 1260 912 culpa
1271 864 1432 899 liberaret.
1450 866 1499 899 En
1513 868 1624 912 itaque
1633 864 1696 899 tibi
1707 867 1970 900 commentarius
1980 867 2014 900 in
2025 864 2147 900 secun--

706 915 711 919 ’
740 912 757 947 f>
774 937 777 941 -
799 917 873 951 dam
886 914 977 950 Pauli
986 914 1024 948 ad
1036 912 1236 948 Corinthios
1247 913 1566 960 Epistolam,quanta
1575 915 1673 961 potui
1684 914 1841 948 industria
1851 914 1868 947 ὲ
1879 926 1932 948 me
1941 912 2138 949 elaboratus.

752 966 764 977 “¹
799 965 921 1012 Neque
929 965 1020 998 enim
1035 961 1154 996 dubito
1168 964 1252 1007 quin
1269 961 1330 996 tibi
1343 974 1402 1008 pro
1413 973 1468 995 tua
1477 964 1628 1008 :equitate
1640 984 1650 998 ‚
1670 963 1758 996 iustae
1769 961 2051 1009 compensationis
2060 961 2140 997 loco

771 1033 772 1037 =
800 1012 930 1047 futurus
941 1010 989 1045 sit.
1000 1012 1208 1058 anuam
1218 1008 1291 1043 aliis
1303 1012 1402 1044 etiam
1415 1014 1449 1045 δε.
1461 1012 1595 1056 quidem
1607 1009 1820 1057 grauioribus
1830 1009 1943 1051 causis,
1958 1011 1998 1044 ad
2010 1023 2087 1045 eum
2097 1013 2142 1045 ri-

771 1066 774 1071 *
799 1060 834 1101 bi
846 1060 1111 1108 nuncupandum
1128 1057 1198 1092 sum
1209 1058 1378 1093 adductus.
1391 1059 1539 1092 Primum
1553 1060 1890 1095 memini,amicitiam
1901 1071 1974 1105 quae
1983 1058 2068 1093 mihi
2078 1058 2141 1093 ali-

282 1111 444 1161 quantula
453 1114 564 1147 tecum
573 1110 702 1159 pridem
712 1103 929 1145 intercesserat
944 1133 954 1148 ,
971 1120 1037 1154 qua
1048 1106 1112 1141 fide
1122 1106 1265 1140 colueris
1279 1117 1378 1153 atque
1387 1109 1533 1140 auxeris:
1554 1108 1654 1152 quam
1667 1106 1843 1141 liberaliter
1855 1118 1986 1154 paratus
1996 1107 2095 1142 fueris
2107 1119 2140 1142 te

283 1163 369 1198 mihi
380 1159 558 1207 officiaque
571 1172 627 1194 tua
637 1158 828 1206 impendere
838 1178 849 1195 ,
870 1169 976 1204 quum
986 1154 1123 1193 testandi
1133 1157 1257 1189 amoris
1268 1167 1343 1201 erga
1355 1167 1406 1189 me
1416 1157 1467 1189 tui
1477 1154 1624 1188 oblatam
1635 1154 1698 1189 tibi
1707 1154 1916 1190 occasionem
1930 1155 1990 1190 esse
2000 1167 2142 1203 putares:

284 1212 386 1258 quam
398 1208 509 1251 sedulo
523 1219 659 1256 operam
673 1206 757 1241 mihi
767 1218 860 1241 tuam
870 1203 1025 1240 detuleris
1036 1204 1076 1238 ad
1087 1215 1140 1238 me
1149 1203 1351 1244 ornandum,
1366 1202 1427 1237 nisi
1438 1216 1491 1237 me
1500 1204 1634 1237 vocatio
1649 1225 1659 1241 ,
1669 1206 1725 1237 cui
1735 1214 1816 1238 tunc
1827 1215 1914 1237 eram
1924 1202 2090 1251 alligatus,
2103 1217 2142 1239 ea.

136 1275 143 1281 ·
153 1262 189 1289 st·
281 1261 330 1293 vti
340 1255 567 1306 prohibuisset.
582 1256 705 1291 Verum
718 1254 806 1290 nihil
815 1254 904 1303 apud
914 1266 968 1287 me
977 1251 1052 1301 plus
1064 1251 1282 1298 valuit‚quam
1294 1253 1394 1299 primi
1405 1253 1565 1299 temporis
1575 1251 1770 1289 recordatio,
1777 1263 1847 1297 quo
1858 1264 1920 1298 ego
1931 1252 1949 1287 ὲ
1959 1263 2050 1299 patre
2061 1251 2144 1287 mis-

88 1312 270 1441 ᾖ
280 1305 332 1342 sus
343 1306 382 1340 ad
393 1303 585 1340 discendum
597 1307 648 1339 ius
658 1303 760 1339 ciuile
772 1327 781 1341 ‚
808 1305 937 1338 Graecas
948 1301 1071 1335 litteras
1083 1312 1114 1335 te
1126 1300 1266 1335 authore
1276 1312 1312 1334 ac
1322 1300 1478 1346 magistro
1492 1301 1618 1346 Legum
1631 1299 1737 1333 studio
1747 1297 1923 1347 permiscui
1937 1313 1945 1334 :
1960 1311 2040 1346 quas
2058 1308 2142 1336 tunc

288 1353 419 1389 summa
427 1365 511 1399 cum
523 1354 618 1388 laude
628 1350 847 1401 profitebaris.
860 1351 980 1396 Neque
991 1349 1069 1384 ver-b
1085 1361 1141 1402 per
1150 1359 1182 1385 te
1192 1348 1277 1385 stetit
1288 1351 1371 1395 quin
1386 1350 1526 1384 maiores
1537 1348 1678 1384 facerem
1688 1345 2024 1395 progressus:manum
2038 1351 2144 1388 enim,

282 1416 359 1450 quat
367 1414 423 1438 tua
434 1403 477 1438 est
486 1402 689 1438 humanitas,
702 1403 950 1447 porrigerenon
961 1395 1127 1435 recusaflcs
1137 1397 1177 1433 ad
1187 1408 1299 1434 totum
1310 1397 1400 1433 stadii
1412 1394 1581 1432 decursum
1592 1419 1601 1432 ‚
1614 1394 1740 1435 nisime
1749 1395 1789 1430 ab
1800 1395 1876 1444 ipsis
1887 1396 1990 1444 prope
2001 1400 2143 1433 carceri—

281 1451 344 1486 bus
356 1463 446 1486 mors
462 1452 563 1499 patris
573 1446 760 1490 reuocaffet.
772 1450 848 1485 Hoc
859 1459 972 1484 tamen
982 1442 1123 1482 nomine
1132 1444 1194 1480 tibi
1205 1459 1276 1481 non
1287 1457 1404 1494 parurn
1414 1444 1630 1491 debemqubd
1639 1444 1838 1479 rudimentis
1847 1442 1963 1479 saltem
1977 1442 2034 1479 abs
2045 1456 2077 1480 te
2089 1445 2142 1491 fui

282 1499 430 1535 imbutus
446 1525 456 1539 ‚
465 1512 547 1546 ,quat
561 1497 646 1532 mihi
659 1499 779 1532 maiori
788 1497 899 1545 postea
907 1496 1105 1532 adiumento
1116 1493 1236 1530 forent.
1247 1494 1388 1529 Proinde
1399 1494 1491 1530 aliter
1503 1491 1683 1528 satisfacere
1694 1492 1780 1535 mihi
1789 1505 1859 1527 non
1872 1495 1992 1541 potui,
2005 1494 2106 1540 quam
2117 1494 2142 1529 fi

284 1549 325 1582 ad
336 1548 483 1597 posteros
495 1558 614 1581 extaret
626 1546 763 1592 aliquod
776 1544 987 1593 gratitudinis
996 1556 1076 1579 meae
1093 1545 1405 1579 monumentumz&
1416 1541 1512 1578 fimul
1522 1539 1762 1591 qualiscunque
1773 1539 1895 1577 laboris
1904 1543 1956 1577 tui
1964 1539 2090 1579 fruetus
2098 1542 2144 1586 ad

287 1606 320 1631 te
331 1597 461 1631 rediret.
501 1594 592 1631 Vale.
618 1597 775 1635 Geneuae,
786 1592 946 1629 Calendis
955 1592 1108 1640 Augusti.
1131 1592 1182 1627 M.
1198 1591 1242 1627 D.
1258 1591 1289 1626 X
1298 1591 1326 1627 L
1335 1592 1365 1626 V
1373 1593 1400 1626 1.
2087 1597 2089 1599 ’
2170 1593 2172 1596 ’

319 1692 408 1740 IN
459 1688 996 1740 EPISTOLAM
1045 1686 1567 1739 SECVNDAM
1618 1661 1736 1737 ΑΕ)
1782 1666 2103 1736 coRrN-

822 1765 1596 1821 TH¹03³ARGVMENTVM
2030 1771 2039 1778 „

381 1842 529 1876 Vantum
549 1853 587 1875 ex
597 1839 699 1875 huius
706 1838 857 1887 Epistolae
867 1847 1027 1873 contextu
1038 1836 1115 1873 licet
1124 1836 1282 1885 colligere
1290 1861 1300 1875 ‚
1319 1847 1454 1886 apparet
1463 1840 1610 1887 priorem
1632 1850 1703 1872 non
1713 1834 1847 1871 caruisse
1859 1835 1975 1882 aliquo
1984 1836 2140 1884 profectu

287 1847 468 1942 Qapud
479 1889 693 1929 Corinthios,
699 1886 750 1923 sed
759 1901 830 1922 non
841 1885 1010 1935 profecisse
1020 1897 1133 1921 tamen
1142 1897 1305 1933 quantum
1316 1899 1374 1934 pat
1383 1891 1459 1921 erat:
1471 1887 1588 1921 deinde
1601 1883 1761 1933 quosdam
1775 1883 1950 1932 improbos
1960 1911 1971 1925 ‚
1983 1897 2143 1919 contem-

284 1952 342 1987 pta
356 1937 446 1973 muli
455 1931 839 1984 authoritate‚perstitiff:
850 1938 884 1969 in
893 1931 948 1969 sua
956 1937 1177 1970 contumacia.
1185 1935 1292 1980 Qod
1302 1937 1394 1969 enim
1405 1947 1471 1970 tarn
1484 1934 1610 1969 multus
1621 1935 1665 1968 est
1674 1945 1765 1968 nunc
1776 1936 1811 1967 in
1821 1933 2023 1980 praedicanda
2035 1931 2088 1968 sua
2101 1933 2140 1968 fi-

285 1989 336 2027 de,
349 1999 439 2021 nunc
454 1987 489 2020 in
500 1987 660 2032 dignitate
671 1987 819 2020 muneris
830 1982 878 2018 sui
887 1981 1060 2017 afferenda:
1070 1984 1103 2017 id
1113 1985 1239 2017 indicio
1250 1984 1461 2021 cst‚nondum
1474 1996 1530 2018 eos
1540 1982 1631 2017 fuisse
1642 1993 1773 2030 penitus
1786 1979 2142 2016 confirmatos.extitis-

283 2033 313 2069 se
323 2047 436 2077 autem
449 2032 621 2080 quosdam,
637 2032 758 2079 quibus
774 2031 919 2066 ludibrio
929 2029 1035 2075 fuisset
1047 2034 1138 2079 prior
1147 2030 1292 2079 Epistola
1301 2033 1516 2079 magis-quam
1527 2032 1712 2066 remedium
1722 2027 1887 2064 attulisset:
1901 2026 1968 2076 ipse
1978 2028 2074 2064 claris
2084 2042 2142 2065 ver

282 2083 333 2118 bis
343 2084 571 2129 conqueritur.
597 2083 684 2128 Ergo
694 2093 802 2127 quum
812 2078 913 2114 talem
923 2076 983 2114 esse
992 2078 1138 2114 Ecclesiae
1149 2081 1268 2114 statum
1280 2081 1369 2127 apud
1379 2094 1436 2116 eos
1447 2079 1645 2127 intelligeret
1658 2093 1665 2113 :
1678 2082 1712 2113 δε
1723 2078 1879 2112 distentus
1890 2077 1962 2111 aliis
1974 2080 2132 2125 negotiis,

280 2133 406 2174 ‘tardius
419 2132 458 2164 ad
469 2143 525 2164 eos
537 2141 696 2164 venturus
709 2128 805 2167 foret,
816 2129 918 2175 quam
929 2130 1030 2162 initio
1039 2128 1263 2180 proposuerat:
1277 2126 1399 2176 scripsit
1407 2130 1494 2164 hanc
1504 2127 1678 2177 epistolam
1689 2139 1728 2161 ex
1737 2126 1946 2161 Maced-mia.
1960 2126 2064 2161 Nunc
2076 2127 2143 2173 qu&

281 2182 320 2216 in
335 2178 436 2214 finem
446 2176 617 2214 scribendo
628 2175 815 2226 respexerit,
826 2188 992 2212 tenemus:
1002 2189 1124 2225 nempe
1136 2188 1171 2212 νε
1184 2176 1275 2224 quod
1284 2178 1351 2212 iam
1361 2188 1515 2226 coeperan
1525 2175 1706 2225 perficeret,
1714 2174 1784 2222 quo
1796 2176 1913 2209 omnia
1923 2173 2008 2209 bene
2017 2176 2141 2210 consti-

281 2240 317 2263 tu
323 2240 355 2263 ta
364 2229 530 2268 inueniret
543 2224 601 2261 suo
612 2226 768 2262 aduentu.
963 2253 966 2257 .
1890 2242 1895 2245 -

333 2277 487 2321 Orditur,
499 2273 557 2310 suo
571 2276 698 2315 more‚a
707 2272 947 2322 gratulatione:
958 2285 1058 2322 agens
1067 2276 1144 2309 Deo
1157 2275 1274 2322 gratias
1283 2273 1376 2321 quod
1387 2274 1404 2308 ὲ
1414 2276 1568 2309 maximis
1603 2271 1734 2308 ericulis
1744 2269 1852 2307 fuisset
1863 2267 2059 2306 mirabiliter
2069 2283 2140 2308 ere-⁶

283 2335 374 2373 ptus.-
386 2328 420 2359 &
433 2322 529 2358 simul
543 2336 660 2358 omnes
669 2320 739 2360 sitas
748 2321 946 2359 afflictiones
955 2335 993 2357 ac
1004 2335 1164 2358 aerumnas
1176 2325 1211 2357 in
1222 2322 1369 2371 ipsorum
1379 2321 1564 2360 bonuunac·
1574 2286 1709 2357 (glutem
1719 2321 1843 2360 cedere,
1849 2319 1958 2355 obiter
1966 2320 2139 2356 admonets

283 2385 320 2408 vt
333 2373 398 2408 lroc
409 2375 509 2408 etiam
519 2373 777 2408 coniunctionis
788 2374 929 2419 pignore
939 2371 1060 2406 melius
1069 2384 1124 2406 eos
1137 2370 1195 2405 fibi
1205 2369 1383 2410 concil-iere
1397 2383 1505 2417 quum
1515 2371 1576 2405 hac
1587 2369 1758 2405 occasione
1767 2368 1980 2403 abuterentur
1989 2368 2137 2416 improbi

285 2423 326 2456 ad
337 2421 579 2457 extenuandam
590 2422 661 2455 eius
671 2422 821 2467 gratiam.
830 2420 961 2454 Deinde
972 2426 1102 2454 moram
1111 2420 1275 2454 aduentus
1286 2415 1335 2453 suli
1341 2417 1551 2454 Texcusaturus
1562 2441 1572 2456 ‚
1584 2428 1682 2465 negat
1694 2416 1722 2451 se
1734 2416 1868 2451 leuitate
1878 2427 1934 2451 aut
1945 2417 2139 2452 inconstan-
2154 2433 2156 2435 ·

285 2472 332 2504 tia
345 2465 479 2505 mutasse
488 2464 667 2504 confilium
685 2466 756 2502 :vel
768 2467 859 2502 aliud
868 2481 933 2516 prae
943 2467 971 2501 se
981 2465 1088 2503 tulisse
1097 2465 1231 2502 fallendi
1240 2465 1352 2504 causa,
1363 2467 1466 2514 quam
1478 2469 1514 2501 in
1524 2469 1640 2501 animo
1650 2466 1793 2500 haberet.
1816 2465 1960 2500 eundem
1971 2467 2063 2500 enim
2087 2477 2138 2500 te-

285 2529 407 2553 norem
427 2516 486 2561 sibi
496 2520 532 2552 in
544 2515 703 2551 omnibus
717 2515 815 2550 dietis
823 2517 972 2551 constare
981 2539 992 2554 ‚
1015 2528 1116 2562 quem
1127 2514 1186 2564 ipsi
1196 2518 1233 2551 in
1242 2516 1529 2563 doctrinaexperti
1540 2526 1641 2549 erant.
1661 2515 1771 2560 Atque
1782 2512 1837 2547 hic
1847 2512 1990 2548 breuiter
2000 2515 2138 2561 attingit

285 2567 390 2611 quam
401 2564 522 2603 stabilis
535 2563 694 2611 firmaque
703 2563 802 2599 fuerit
811 2564 1053 2612 praedicationis
1063 2562 1124 2599 sua:
1136 2567 1262 2598 veritas:
1275 2575 1309 2598 vt
1321 2577 1395 2611 quae
1403 2566 1441 2598 in
1452 2563 1586 2598 Christo
1598 2561 1705 2596 sudata
1715 2561 1826 2599 fuerit,
1835 2573 1893 2608 per
1903 2573 2005 2607 quem
2015 2569 2137 2597 omnes

284 2614 352 2649 Dei
365 2611 596 2661 promissiones
608 2611 676 2647 fixa:
688 2609 762 2648 sunt
771 2624 809 2647 ac
818 2610 902 2647 ratae.
913 2612 1005 2659 quod
1016 2612 1059 2647 est
1070 2611 1260 2659 praeclarum
1271 2610 1445 2660 Euangelij
1456 2613 1661 2647 encomium.
1673 2611 1786 2644 Postea
1794 2609 1880 2644 hanc
1891 2608 1949 2643 fibi
1963 2607 2056 2643 fuisse
2065 2622 2139 2645 non

284 2663 445 2698 veniendi
456 2660 585 2697 caulam
597 2661 729 2699 restatur
739 2684 749 2699 ,
764 2661 855 2707 quod
866 2673 937 2695 non
953 2671 1081 2707 poterat
1099 2658 1248 2695 serenum
1257 2659 1324 2695 illis
1334 2657 1365 2694 se
1379 2659 1613 2708 placidumque
1625 2658 1785 2693 exhibere.
1804 2669 1869 2703 qua
1878 2655 2039 2704 particula
2049 2667 2136 2693 taxat

288 2723 348 2745 cos
357 2712 417 2756 qui
427 2711 496 2744 eius
505 2708 733 2748 calumniandi
755 2706 948 2756 pffktextum
958 2719 996 2742 ex
1005 2706 1135 2742 consilii
1145 2710 1332 2743 mutatione
1340 2708 1527 2756 captabant.
1547 2707 1693 2755 Culpam
1704 2718 1783 2753 ergo
1793 2703 1945 2740 transfert
1954 2708 1990 2739 in
2009 2706 2136 2741 Corin—

290 2755 382 2805 thiosj
397 2785 415 2801 ,Ι
423 2760 502 2805 quia
512 2758 664 2797 nondum
672 2768 756 2796 tunc
768 2753 866 2793 essent
874 2758 913 2791 ad
923 2769 999 2791 eum
1012 2756 1247 2803 excipiendum
1256 2755 1341 2791 bene
1349 2759 1462 2803 parati.
1472 2755 1578 2791 Simul
1593 2756 1717 2790 indicat
1727 2754 1828 2801 quam
1849 2763 1984 2801 paterna
1994 2754 2029 2788 in
2046 2753 2135 2801 ipsos

292 2804 503 2853 indulgentia
513 2802 586 2840 essct
596 2806 824 2853 praeditus,qui
833 2805 875 2842 ab
885 2804 974 2840 vrbis
983 2817 1099 2840 eorum
1111 2801 1233 2838 accessu
1244 2804 1319 2839 ideo
1328 2804 1518 2840 abstinuerit
1526 2827 1537 2842 ‚
1557 2817 1601 2839 ne
1611 2813 1782 2851 cogeretur
1795 2802 1999 2837 seueritatem
2009 2802 2046 2837 in
2055 2801 2135 2842 illos

295 2854 389 2890 suam
397 2866 534 2895 exerere.
1009 2878 1012 2883 .
1650 2878 1651 2881 η

337 2898 442 2942 'Porto
452 2903 571 2949 nequis
584 2899 835 2945 obiicereneum
845 2901 904 2937 fibi
914 2897 1085 2950 inscriptis
1095 2900 1236 2936 minime
1246 2902 1370 2936 interea
1377 2898 1529 2948 teperaffe
1546 2901 1630 2948 quin
1642 2896 1749 2935 seuere
1760 2896 1910 2934 tractaret
1921 2897 2131 2939 Corinthios:

291 2947 539 2995 vehementiam
549 2953 661 2998 quain
671 2954 780 2998 priore
792 2950 927 2998 epistola
937 2949 1010 2986 vsus
1021 2951 1078 2987 est,
1091 2947 1315 2985 excusaualios
1325 2947 1464 2986 incausa
1473 2947 1565 2983 fuisse
1573 2949 1698 2985 dicens,-
1713 2950 1771 2994 qui
1781 2947 1823 2981 eo
1833 2944 2028 2981 necessitatis
2039 2947 2067 2981 se
2078 2950 2133 2982 in-

293 3002 404 3036 uitum
412 2999 682 3047 adegerinthanc
691 2999 827 3045 quidem
837 2999 1046 3043 acerbitatem
1057 3011 1096 3034 ex
1103 3000 1219 3033 animo
1230 2996 1398 3034 beneuolo
1408 2994 1500 3032 fuisse
1508 2995 1692 3044 profectam
1701 2996 1735 3030 id
1743 2993 2025 3040 confirmat‚quod
2035 2994 2134 3031 illurn

252 3054 253 3057 ’
293 3057 432 3095 quoque
441 3045 616 3086 incestum,
627 3049 721 3081 cuius
732 3043 824 3081 causa
834 3049 965 3093 grauius
977 3045 1207 3090 excanduerat)
1223 3048 1385 3092 quoniam
1398 3058 1435 3079 ex
1447 3058 1487 3079 eo
1497 3054 1648 3092 tempore
1657 3043 1794 3090 aliquod
1802 3041 2027 3090 tefipiscentiae
2037 3042 2132 3091 figuti

292 3097 436 3140 dederat)
444 3094 537 3141 iubet
547 3098 584 3132 in
594 3097 733 3143 gratiam
742 3097 854 3141 recipi.
864 3095 993 3130 Deinde
1003 3097 1124 3130 amoris
1135 3106 1210 3141 erga
1221 3107 1277 3128 eos
1287 3092 1334 3128 sui
1344 3093 1410 3129 hoc
1419 3105 1555 3140 quoque
1565 3104 1801 3140 argumentum
1812 3092 1944 3125 adducit
1953 3114 1962 3128 ‚
1974 3092 2066 3137 quod
2075 3095 2128 3126 in-

295 3147 413 3189 quieto
423 3142 522 3178 fuerit
536 3146 651 3178 animo
662 3169 671 3181 ‚
681 3144 787 3177 donec
796 3155 853 3190 pet
874 3144 993 3177 Titum
1005 3141 1043 3177 de
1052 3143 1148 3177 rebus
1158 3151 1274 3177 eorum
1286 3140 1500 3177 intellexisset.
1522 3140 1596 3175 talis
1608 3142 1698 3175 enim
1710 3139 1886 3175 solicitudo
1898 3152 1933 3173 ex
1948 3151 2061 3173 amore
2070 3152 2129 3174 na-

294 3190 403 3226 scitur.
412 3192 535 3226 Verum
548 3191 604 3227 hic
616 3193 788 3226 mentione
799 3193 920 3227 iniecta
930 3188 990 3225 suae
1000 3194 1035 3226 in
1045 3187 1278 3226 Macedoniam
1289 3188 1559 3238 profectionis&
1569 3187 1742 3224 ministerii
1751 3187 1799 3222 sui
1809 3188 1915 3235 gloria
1923 3186 2068 3222 disserere
2078 3198 2130 3221 in-

293 3240 388 3285 cipit.
413 3242 504 3286 Qia
519 3252 630 3275 tamen
641 3237 772 3275 delicati
782 3237 832 3273 illi
841 3238 997 3287 Apostoli
1007 3241 1066 3286 qui
1075 3238 1244 3274 detrahere
1254 3240 1283 3273 ei
1294 3235 1512 3278 conabantur,
1521 3237 1590 3273 suas
1600 3236 1710 3271 laudes
1719 3237 1936 3285 praedicando,
1947 3234 2041 3270 facile
2051 3248 2129 3270 eum

292 3283 452 3330 yicissent:
462 3289 591 3335 nequid
601 3288 804 3326 habeatcum
815 3286 889 3335 ipsis
899 3290 1133 3325 commune,&
1143 3286 1239 3322 fimul
1250 3298 1283 3322 νε
1294 3285 1419 3322 refellat
1431 3285 1560 3320 stultam
1571 3297 1686 3319 eorum
1698 3286 1901 3324 iactantiam,
1914 3285 2044 3321 testatur
2052 3280 2081 3316 se
2092 3294 2130 3317 ex

291 3331 404 3381 'teipsa
413 3337 744 3376 commendationem
754 3334 878 3376 sumere
887 3359 897 3376 ,
907 3348 979 3373 non
988 3335 1029 3373 ab
1039 3334 1236 3386 hominibus
1246 3338 1402 3387 mutuari.
1427 3336 1511 3387 Qo
1521 3333 1599 3371 loco
1609 3330 1790 3385 efficaciam
1803 3332 1865 3384 suae
1883 3332 2071 3386 praedicatio
2068 3334 2108 3414 ἑή
2111 3346 2129 3415 Ξ

1951 3389 2065 3427 anagni
2092 3389 2110 3415 e
