2268 3705
484 84 599 132 AD
649 85 1105 132 EPH'E'SIOS
1153 87 1542 141 CAP-IIII·
1829 113 1887 153 371

61 161 232 199 „istoriam
241 155 436 201 simulatque
446 154 486 187 ad
500 151 672 189 Christum
684 154 870 188 introducti
878 153 1048 190 fuerimus.
1059 154 1198 204 Superbi
1208 182 1219 196 ,
1228 159 1288 203 qui
1295 158 1371 205 plus
1382 159 1489 209 sapere
1499 163 1619 199 volunt
1631 166 1732 213 quam
1740 180 1888 221 oportet,

6 241 9 248 ¹
64 208 154 258 quasi
165 205 303 256 puerilia
311 204 498 238 rudimenta
510 207 746 245 contemnunt.
756 201 877 237 Paulus
886 214 997 237 autem
1007 202 1385 253 reclamat‚pergendum
1398 208 1458 245 eise
1470 213 1505 245 in
1516 211 1581 247 hoc
1593 214 1811 257 cursu,donec
1821 234 1894 258 am-

6 255 9 258 *
63 258 150 308 phas
162 255 248 291 nihil
260 252 357 288 nobis
370 250 448 285 desit
458 250 546 285 :hoc
561 251 615 287 cst,
628 250 726 297 vsque
736 252 775 284 ad
790 261 934 285 mortem
945 249 1190 299 proficiendum
1203 255 1248 287 ita
1257 253 1316 288 effe
1327 253 1385 290 sub
1395 259 1451 293 vni
1457 271 1492 293 us
1507 260 1629 296 Christi
1640 265 1828 311 magisterio
1838 294 1848 309 ‚
1858 284 1896 307 vt

57 319 134 342 *non
146 305 264 352 pudeat
272 313 335 336 nos
346 297 490 334 Ecclesiae
501 297 561 332 effe
570 298 750 345 discipulos
760 321 770 336 ,
782 301 837 345 cui
847 311 953 346 partes
966 301 1039 335 istas
1048 300 1200 338 Christus
1211 305 1392 339 mandauit.
1441 307 1480 339 In
1489 312 1730 357 vnitatemfider'.
1780 319 1840 352 Sed
1850 332 1894 356 an

63 368 135 389 non
157 348 313 392 statimab
324 349 427 382 initio
448 355 583 394 regnare
595 345 689 381 debet
702 350 788 381 inter
799 360 862 383 nos
873 345 951 382 fidei
962 351 1093 383 vnitas?
1111 362 1226 397 regnat
1237 353 1373 398 quidem
1387 355 1398 396 (
1409 352 1526 399 fateor)
1538 358 1624 392 inter
1633 360 1697 394 Dei
1709 362 1814 397 filios:
1842 366 1894 402 sed

63 402 217 438 nondum
230 401 273 432 ita
282 395 406 430 asolute
417 405 450 430 vt
463 394 520 429 sibi
531 395 650 428 mutuo
661 398 955 431 occurrerint.nam
966 398 1002 431 in
1013 408 1104 431 tanta
1115 409 1238 433 naturae
1249 400 1479 439 imbecillitate
1487 403 1562 439 satis
1572 405 1651 447 est2ii
1663 419 1769 457 magis
1780 415 1816 447 in
1825 415 1893 450 dies

60 462 99 484 ac
110 449 212 500 magis
226 446 283 479 alii
293 444 377 484 aliis,
398 447 431 478 &
447 456 566 478 ornnes
577 442 673 477 simul
685 442 823 478 Christo
831 445 998 480 accedant.
1007 445 1146 480 Nomen
1159 451 1249 482 enim
1263 449 1429 485 Occursus
1438 478 1449 493 ‚
1467 451 1679 491 archilimam
1690 457 1782 494 illam
1794 463 1893 497 colli*

58 500 232 547 gastonem
245 491 416 542 fignificat,
428 492 578 539 adquam
590 492 697 526 adhuc
707 491 1084 540 aipiramus,'nunquam
1095 500 1322 543 potuerimus,
1333 498 1392 533 nifi
1402 512 1499 536 carne
1507 501 1570 537 hac
1582 507 1759 553 exuti,quae
1767 506 1894 558 semper

53 545 176 582 >multis
187 545 384 591 ignorantiae
395 545 429 574 a&
441 539 679 575 incredulitatis
690 539 840 588 reliquiis
849 541 894 575 est
902 542 1077 589 implicita.
1087 543 1192 588 Quod
1203 541 1349 591 sequitur
1358 547 1397 581 de
1415 545 1587 597 cognitione
1598 555 1675 587 Filii
1689 558 1761 593 Dei,
1776 569 1893 594 execre-

59 595 125 629 tice
135 591 281 641 positum
293 590 456 624 existimo.
465 589 575 623 voluit
585 591 674 622 cuim
688 589 871 637 Apostolus
880 602 1044 637 exponere
1053 603 1206 637 quaenam
1215 591 1254 626 sit
1263 606 1336 627 veta
1346 593 1423 631 fides
1433 619 1442 634 ‚
1468 602 1502 633 δε
1512 599 1570 634 vbi
1587 601 1755 639 confistat:
1767 587 1892 656 iieni'pe

56 653 165 690 quum
177 639 279 675 Filius
288 639 350 672 Dei
364 634 587 685 cognoscitur.
599 650 677 671 nam
689 639 724 671 in
737 637 844 685 ipsum
855 636 965 674 solum
974 638 1131 688 respicere
1140 639 1236 680 debet
1247 639 1337 680 fides,
1346 642 1386 677 ab
1397 643 1460 679 illo
1467 648 1620 694 pendere,
1627 653 1662 685 in
1673 651 1734 687 illo
1744 653 1893 700 quiesce⁴

53 703 91 726 „le
101 694 135 724 ὅ(
147 686 317 725 concludi,
327 686 411 720 vltra
421 684 442 720 fi
452 686 575 722 tendat,
588 684 880 732 euanescetzneque
890 699 942 720 am
948 687 1034 735 plius
1046 690 1107 722 erit
1117 686 1261 727 fides‚sed
1269 689 1407 726 fallacia.
1416 695 1674 734 Meminerimus
1685 701 1894 749 ergo‚veram

49 738 156 774 -fidem
170 740 215 771 ita
227 740 262 770 in
271 735 406 770 Christo
416 735 595 770 contineri,
609 745 641 767 vt
653 745 767 781 practer
778 747 853 768 eum
865 735 950 770 riihil
962 734 1038 770 sciat
1052 762 1062 774 ,
1072 733 1223 784 adeoque
1234 750 1294 774 nec
1304 737 1382 775 scite
1388 753 1533 790 appetat.
1585 748 1626 781 In
1634 751 1887 800 virumpeifellii.

55 785 255 836 Appofitme
281 784 458 831 legendum
470 780 525 817 est:
535 780 596 815 acsi
607 780 731 816 dixiss'ct
742 806 752 820 ‚
771 784 857 827 Qae
868 783 911 816 est
921 783 1038 818 vltima
1049 785 1318 830 Christianorum
1330 789 1502 837 perscribo.
1518 796 1552 826 ὃς
1563 805 1621 828 cur
1633 795 1717 833 istud
1728 805 1738 831 ἓ
1757 811 1836 848 quia
1847 802 1892 837 est

53 836 153 886 plena
161 845 235 871 aetas
250 835 285 867 in
297 822 441 866 Christo.
451 843 560 877 neque
569 832 659 865 enim
673 829 761 864 stulti
771 830 928 875 homines
938 834 973 866 in
983 833 1121 867 Christo.
1128 833 1468 882 perfectiondmsuam
1478 853 1630 887 quaerunt
1640 854 1672 877 vt
1682 846 1892 885 decebat.Sed

55 889 142 920 mter
152 895 214 918 „03
231 881 313 915 istud
324 881 530 927 principium
540 878 646 913 valere
657 879 762 915 debet,
774 879 861 913 nihil
872 880 932 913 effe
942 891 1028 916 extra
1039 881 1222 921 Christum,
1233 883 1293 918 nisi
1303 888 1444 921 noxium
1459 891 1494 924 Sc
1506 891 1645 925 exitiale.
1666 893 1827 941 Qisquis
1839 911 1892 933 er-

47 945 101 968 „0
116 934 165 966 vir
178 930 266 964 estin
279 929 425 965 Christo,
436 926 492 961 ille
501 928 640 961 demum
648 929 745 961 omni
756 939 792 961 ex
805 939 894 974 parte
904 926 948 962 est
957 927 1137 965 absolutus.
1174 934 1492 981 Aetasplenitudinis‚
1504 949 1567 985 pro
1579 940 1660 974 iusta
1670 962 1681 981 2
1690 942 1742 976 vel
1753 955 1890 981 matura.

53 963 124 1016 {3130
134 979 233 1028 ponte,
244 976 336 1012 nulla
346 975 382 1010 fit
396 977 524 1010 mentio
543 974 718 1011 senectutis
726 998 738 1012 2
750 989 823 1022 quae
833 979 868 1010 in
879 976 944 1010 hoc
954 978 1106 1026 progreff
1102 992 1123 1013 u
1131 978 1246 1014 locum
1256 994 1327 1015 non
1341 982 1458 1024 habet:
1480 998 1559 1021 nam
1570 999 1647 1023 cum
1660 990 1716 1023 ista
1726 989 1889 1038 spirituali

46 1028 178 1065 Christi
188 1037 282 1062 aetate
294 1023 391 1059 simul
401 1027 499 1058 etiam
510 1023 622 1060 crescit
629 1027 726 1071 vigor
735 1037 744 1055 .·
765 1025 856 1071 quod
867 1036 978 1071 autem
990 1022 1135 1072 senescit,
1144 1028 1185 1061 ad
1194 1031 1366 1066 interitum
1375 1032 1528 1070 inclinat.
1576 1037 1620 1070 N
1622 1051 1638 1070 e
1647 1040 1886 1086 ampliusfimus.

49 1075 349 1123 Qemadmodurn
362 1074 401 1107 de
412 1075 600 1107 maturitate
610 1072 715 1106 virilis
725 1075 825 1106 aetatis
837 1072 993 1114 diffitruit,
1002 1075 1042 1109 ad
1052 1087 1151 1121 quam
1161 1078 1328 1112 tendimus
1341 1084 1500 1117 toto-vitae
1511 1085 1739 1123 curticulozita
1748 1099 1819 1125 non
1830 1090 1889 1125 de-

48 1125 125 1162 bere
135 1137 197 1160 nos
210 1125 320 1171 pueris
331 1121 391 1157 effe
406 1120 526 1156 similes
535 1143 546 1158 ‚
571 1121 697 1156 durnin
708 1119 870 1156 eiusmodi
880 1121 1032 1169 prosecru
1041 1120 1167 1164 sumus,
1175 1126 1344 1160 admonet.
1355 1127 1494 1176 Aliquid
1504 1134 1595 1167 enim
1607 1135 1756 1171 medium
1775 1138 1888 1174 statuit

49 1177 137 1210 inter
149 1174 326 1221 pueritiam
343 1174 378 1204 ὃ(
389 1171 584 1217 Ρῑουεᾶαιῃ
595 1180 733 1203 aetatem.
743 1171 839 1204 Pueri
849 1171 984 1216 quidem
995 1170 1080 1209 sunt,
1089 1175 1150 1218 qui
1159 1175 1312 1208 nondum
1321 1175 1462 1225 gressum
1473 1178 1646 1219 firmarunt
1655 1186 1691 1220 in
1700 1186 1751 1220 via
1760 1187 1888 1222 Domi·

44 1225 99 1264 ni,
109 1221 160 1256 sed
172 1219 337 1256 vacillant:
349 1221 408 1265 qui
419 1218 572 1252 nondum
583 1218 804 1252 constitutum
815 1218 938 1252 habent
948 1230 1049 1267 quam
1062 1222 1150 1264 viam
1162 1231 1273 1257 tenere
1282 1224 1421 1260 debeant
1430 1250 1441 1265 ‚
1453 1226 1505 1263 sed
1518 1230 1620 1264 modo
1631 1231 1698 1268 huc
1708 1255 1718 1270 ,
1731 1235 1834 1269 mode
1845 1235 1888 1270 il-

50 1271 106 1306 luc
117 1268 293 1306 inclinant,
304 1267 429 1315 semper
445 1266 554 1304 dubii,v
561 1264 688 1313 semper
698 1266 933 1301 inconstantes.
943 1269 1016 1314 Qi
1025 1278 1137 1302 autem
1148 1271 1223 1304 vere
1234 1270 1362 1307 fundati
1381 1274 1500 1309 suntin
1511 1277 1634 1313 Christi
1645 1281 1816 1319 doctrina:
1836 1295 1888 1318 ta-

47 1317 143 1356 metsl
152 1318 305 1353 nondum
317 1314 453 1364 perfec&
464 1314 538 1352 sint,
549 1313 672 1349 habent
683 1325 795 1349 tamen
805 1326 934 1349 tantum
946 1317 1127 1362 prudenriae
1138 1320 1173 1350 ὃς
1182 1317 1325 1358 roboris,
1337 1333 1373 1355 vt
1382 1319 1485 1358 sciant
1503 1325 1645 1373 deligere
1655 1332 1737 1375 quid
1749 1329 1786 1365 sit
1795 1335 1887 1380 opti—

49 1381 158 1405 mum,
175 1371 210 1401 ὃ(
221 1365 408 1400 ςοῃῑὶωῑεῑ
419 1375 558 1411 pergant
568 1365 603 1396 in
615 1365 707 1397 retro
716 1362 820 1397 curfii.
836 1365 880 1396 ita
891 1361 1038 1397 fidelium
1049 1366 1128 1401 vita,
1138 1377 1210 1413 quae
1221 1365 1345 1404 affiduo
1354 1370 1506 1416 profectu
1516 1374 1555 1406 ad
1566 1376 1684 1410 statum
1705 1377 1798 1414 suum
1811 1393 1887 1428 gra-

48 1418 130 1452 dum
140 1413 269 1462 aspirat,
281 1410 504 1446 adolescentiae
514 1409 627 1445 [imilis
637 1410 692 1444 est.
704 1411 808 1457 Qod
819 1423 897 1458 ergo
908 1412 986 1448 dixi,
1002 1422 1177 1459 nunquam
1188 1416 1224 1448 in
1236 1415 1297 1450 hac
1308 1419 1376 1451 vita
1387 1430 1450 1453 nos
1460 1417 1520 1455 else
1539 1424 1639 1465 viros,
1651 1437 1722 1461 non
1733 1427 1828 1463 deber
1839 1439 1888 1464 tra

41 1467 86 1502 -hi
99 1465 137 1498 ad
147 1464 288 1498 alterum
298 1472 385 1495 extre
391 1472 498 1499 mum,
507 1460 600 1507 quod
610 1469 740 1493 vocant:
751 1458 811 1493 acii
823 1473 892 1494 non
904 1459 994 1494 fieret
1002 1461 1188 1507 progressus
1196 1474 1285 1498 extra
1294 1468 1483 1512 pueritiam.
1507 1481 1585 1505 nam
1596 1473 1772 1519 postquam
1784 1477 1888 1512 Chri—

42 1514 97 1550 sto
108 1514 177 1547 nati
186 1508 309 1547 sumus,
318 1508 477 1543 debemus
486 1506 679 1544 adolescere,
689 1509 734 1540 ita
743 1518 778 1540 vt
787 1521 858 1547 non
870 1507 969 1542 simus
979 1508 1201 1557 intelligentia
1209 1516 1314 1559 pueri.
1326 1515 1416 1551 Hinc
1425 1528 1560 1564 apparet
1570 1519 1677 1565 qualis
1690 1519 1749 1556 sub
1761 1524 1887 1571 Papatu.

42 1562 83 1598 fit
93 1557 374 1596 Christianismum
386 1556 441 1590 vbi
453 1567 554 1603 quam
563 1553 810 1602 diligentissime
820 1553 1003 1605 polsunt‚in
1014 1557 1079 1595 hoc
1088 1556 1240 1595 laborant
1249 1562 1405 1601 Pastores,
1417 1574 1452 1599 vt
1460 1564 1592 1612 plebem
1603 1570 1640 1605 in
1653 1571 1762 1616 prima
1772 1571 1886 1607 infan-

45 1613 72 1646 ti
77 1624 94 1645 a
105 1610 284 1643 detineant·
342 1603 642 1654 Qfluffluemur'&
650 1605 894 1648 circnnfiramur.
943 1605 1081 1640 Duabus
1093 1607 1298 1658 metaphoris
1309 1609 1474 1658 eleganter
1492 1613 1644 1650 miseram
1655 1630 1772 1654 eorum
1783 1623 1888 1669 trepi-

45 1660 217 1694 dationem
228 1655 395 1703 exprimit,
410 1653 469 1733 aui
479 1650 581 1688 solide
592 1663 664 1687 non
675 1652 876 1689 recumbunt
886 1653 921 1688 in
931 1653 1071 1689 verbum
1082 1656 1242 1693 Domini.
1252 1657 1402 1694 Primum
1413 1661 1579 1697 nauiculis
1590 1663 1667 1699 facit
1678 1665 1887 1716 similes,quae

44 1708 157 1743 medio
168 1708 203 1740 in
213 1705 294 1738 mati
305 1703 400 1735 variis
437 1699 567 1735 ustibus
585 1702 709 1735 iactatae
717 1727 728 1741 ,
754 1713 881 1736 certum
892 1699 1021 1739 cursum
1033 1715 1104 1738 non
1115 1715 1249 1740 tenent:
1275 1718 1336 1741 nec
1345 1719 1414 1743 arte
1422 1721 1479 1745 aut
1489 1710 1629 1747 consilio
1640 1726 1800 1762 reguntur
1808 1741 1819 1756 ,
1833 1717 1887 1754 sed

43 1751 259 1802 abripiuntur
277 1761 481 1798 quocunque
492 1751 637 1799 impetus
646 1749 735 1799 tulit.
747 1751 887 1799 Deinde
896 1762 1066 1800 comparat
1078 1764 1134 1791 eos
1144 1752 1196 1801 vel
1207 1753 1333 1802 stipulis
1343 1778 1354 1794 ,
1368 1755 1421 1797 vel
1431 1756 1504 1793 aliis
1514 1758 1610 1796 rebus
1620 1761 1764 1798 infirmis
1775 1788 1785 1803 ‚
1808 1777 1883 1812 quae

71 1794 147 1840 tout
157 1799 188 1836 se
197 1810 314 1836 ventus
325 1800 482 1840 mouerit,
492 1800 659 1844 agitantur
669 1797 735 1834 huc
747 1798 781 1833 δὲ
793 1797 885 1840 illuc,
897 1803 931 1833 δε
944 1798 1025 1849 saepe
1034 1801 1070 1834 in
1081 1805 1261 1845 contrarias
1271 1803 1436 1854 partes:fic
1444 1807 1583 1854 inquam
1594 1811 1718 1846 neceffe
1727 1813 1772 1848 est
1780 1815 1880 1850 insta-

42 1817 127 1893 ζὼς
138 1851 280 1888 moueri,
289 1846 411 1895 quibus
422 1845 678 1882 fundamentum
689 1848 724 1880 in
735 1859 804 1895 quo
815 1846 1022 1895 acquiescant
1031 1874 1042 1889 ,
1054 1856 1128 1883 non
1138 1847 1182 1886 est
1191 1861 1310 1894 aeterna
1319 1853 1385 1887 Dei
1396 1856 1522 1894 veritas.
1541 1858 1621 1892 Haec
1632 1859 1713 1894 iusta
1722 1873 1823 1908 poena
1832 1861 1881 1898 est

42 1896 197 1935 aduersus
213 1909 331 1932 omnes
343 1896 447 1942 quiin
457 1895 614 1931 homines
624 1897 739 1943 potius
750 1897 852 1941 quam
862 1898 974 1930 Deum
987 1895 1183 1944 respiciunt.,
1195 1900 1325 1934 Contra
1335 1901 1415 1937 verb
1425 1903 1556 1938 testatur
1566 1906 1800 1948 Paulus‚fidem
1811 1924 1880 1958 que

42 1950 110 1984 Dei
121 1947 221 1982 verbo
231 1947 360 1981 nititur,
369 1946 531 1979 inuitstam
545 1944 624 1979 stare
632 1942 784 1980 aduersus
794 1957 911 1978 omnes
921 1946 1046 1978 Satanae
1055 1943 1208 1980 insultus.
1246 1948 1367 1997 Qouis
1375 1961 1467 1983 vento
1476 1951 1621 1988 doflrinae.
1648 1956 1788 1992 Pulchra
1803 1971 1877 1994 me-

42 1996 194 2045 taphora,
205 1995 286 2028 dum
302 2005 422 2027 omnes
434 1992 615 2028 hominum
626 1987 807 2029 doctrinas,
816 1992 938 2040 quibus
947 1992 987 2026 ab
998 1993 1171 2040 Euangelii
1183 1993 1392 2042 simplicitate
1401 1998 1612 2036 distrahimur
1620 2028 1631 2042 ,
1642 2004 1785 2051 appellat
1795 2019 1877 2042 ven-

42 2056 109 2079 tos.
120 2046 211 2079 Deus
223 2044 312 2076 enim
323 2040 461 2075 verbum
473 2039 568 2075 suum
580 2040 668 2074 dedit
680 2063 690 2078 ‚
711 2043 746 2074 in
760 2053 829 2086 quo
839 2044 920 2076 acris
929 2040 1094 2075 radicibus
1105 2055 1297 2079 maneamus
1307 2047 1454 2081 immoti.
1465 2048 1621 2093 homines
1632 2062 1743 2087 autem
1753 2051 1821 2089 huc
1837 2050 1874 2091 δὲ

42 2090 124 2127 mue
135 2091 198 2126 suis
209 2088 378 2136 figmentis
387 2101 449 2125 nos
461 2087 640 2123 abducunt.
651 2090 769 2134 Qum
780 2089 882 2127 addit,
910 2093 969 2123 Per
976 2089 1069 2132 aslum
1079 2089 1241 2129 hominum,
1251 2091 1413 2140 fignificat
1424 2093 1550 2143 semper
1569 2097 1700 2134 futuros
1708 2103 1875 2149 imposto-

43 2153 94 2176 res
105 2143 164 2188 qui
177 2137 252 2173 fidei
261 2136 378 2172 nostra:
387 2139 586 2171 immineant
594 2160 605 2176 ‚
618 2140 653 2171 δε
663 2136 794 2171 infidias
805 2139 950 2172 tendant:
965 2136 1015 2172 sed
1026 2137 1114 2172 nihil
1124 2137 1332 2187 prosedeuros
1341 2165 1351 2179 ‚
1365 2141 1388 2176 si
1398 2143 1469 2178 Dei
1483 2147 1618 2184 veritate
1626 2146 1787 2184 fuerimus
1798 2164 1875 2186 rnu-

42 2191 119 2224 niti.
132 2199 276 2235 quorum
291 2183 638 2232 vtruuquediligentei·
648 2186 837 2219 notandum
849 2187 902 2220 est.
921 2185 1114 2221 Turbantur
1124 2190 1215 2223 euim
1225 2190 1405 2237 permulti,
1417 2190 1614 2240 simulatque
1624 2209 1801 2245 emergunt
1819 2199 1872 2234 vel

29 2235 147 2277 ,se&ae‚
158 2235 210 2271 vel
220 2237 323 2283 impia
333 2233 444 2279 aliqua
453 2234 620 2280 dogmata.
630 2235 720 2279 atqui
731 2245 792 2267 nec
802 2236 898 2268 Satan
908 2233 1071 2281 quiescere
1081 2237 1187 2282 potest
1195 2239 1279 2283 quin
1288 2236 1412 2287 semper
1423 2252 1538 2288 putam
1551 2242 1674 2279 Christi
1683 2246 1874 2284 doctrinam

44 2295 184 2320 conetur
195 2287 228 2318 &
241 2293 344 2317 tentet
355 2281 525 2318 obscurare
535 2280 598 2315 suis
611 2282 802 2316 mendaciis:
815 2286 848 2316 ἕ(
859 2284 950 2317 Deus
962 2281 1058 2317 fidem
1070 2284 1215 2325 nostram
1226 2286 1278 2320 his
1288 2288 1525 2323 certaminibus
1537 2290 1608 2325 vult
1618 2293 1874 2341 probariDein—

42 2335 82 2367 de
94 2345 199 2380 quum
211 2332 361 2365 audimus
372 2327 457 2364 istud
468 2328 528 2364 effe
546 2332 716 2377 optimum
730 2334 762 2365 Sc
774 2328 1056 2377 praesentiffimnm
1066 2334 1249 2368 remedium
1259 2358 1269 2372 ,
1279 2348 1320 2369 ne
1329 2339 1593 2373 circfiueniamur
1602 2340 1679 2376 vllis
1690 2344 1870 2383 erroribus,

43 2392 216 2429 opponere
225 2379 411 2414 doctrinam
423 2377 515 2412 illam
526 2391 626 2425 quam
637 2379 655 2412 a
666 2377 802 2412 Christo
813 2383 847 2413 ὃ(
858 2382 886 2413 A
891 2379 1030 2427 postolis
1040 2380 1220 2416 didicimus
1233 2395 1240 2416 :
1254 2395 1289 2416 ea
1298 2384 1376 2418 verb
1387 2397 1458 2420 non
1467 2385 1612 2434 vulgaris
1621 2401 1687 2424 con
1694 2388 1808 2427 solatio
1816 2394 1872 2429 est.

40 2430 138 2463 Vnde
149 2431 282 2476 apparet
291 2437 415 2473 quanta
424 2424 460 2460 sit
469 2427 608 2474 Paparus
621 2430 654 2462 &
666 2427 768 2474 quam
778 2428 956 2462 execranda
967 2430 1117 2475 impietas
1129 2451 1140 2466 ,
1161 2428 1217 2465 vbi
1230 2441 1369 2467 omnem
1381 2433 1483 2469 verbo
1493 2436 1557 2470 Dei
1569 2439 1803 2475 certitudinem
1812 2440 1873 2478 ab-

41 2488 162 2525 rogant
177 2501 187 2516 ‚
202 2480 234 2511 δε
248 2474 344 2509 aliani
359 2473 432 2508 fidei
453 2474 670 2510 constantiam
684 2473 744 2508 esse
754 2487 877 2523 negant
886 2503 895 2516 ,
907 2476 1007 2521 quam
1018 2474 1090 2511 fiab
1097 2477 1280 2514 hominum
1290 2484 1467 2516 autoritate
1478 2484 1785 2531 pendeamusNffi
1796 2492 1873 2536 quis

38 2526 174 2563 haesitet,
186 2524 299 2558 frustra
307 2522 445 2557 verbum
456 2524 520 2557 Dei
531 2522 661 2558 consuli
670 2524 808 2558 docent:
825 2524 877 2558 sed
890 2525 1026 2561 decretis
1037 2523 1100 2559 suis
1111 2526 1261 2563 standum
1273 2528 1343 2563 ess'e.
1353 2531 1430 2565 Nos
1442 2532 1520 2566 verb
1531 2532 1651 2582 Legem
1662 2557 1672 2572 ,
1691 2536 1874 2584 Prophetas

40 2578 76 2608 &
87 2572 307 2620 Euangelium
317 2570 473 2619 amplexi,
484 2570 630 2609 fructum
642 2571 732 2606 hunc
742 2584 842 2618 quem
854 2573 1005 2620 praedicat
1014 2573 1134 2608 Paulus
1144 2600 1155 2616 ‚
1165 2589 1235 2610 non
1245 2576 1435 2613 dubitemus
1444 2592 1507 2617 nos
1518 2581 1594 2616 inde
1606 2594 1875 2632 percepturos.ne

40 2621 230 2669 quidnobis
243 2631 386 2656 noceant
398 2632 515 2653 omnes
526 2620 708 2655 hominum
720 2619 920 2668 imposturae.
931 2621 1122 2656 adoriemur
1132 2624 1267 2676 quidem
1281 2638 1356 2664 nos,
1365 2625 1416 2661 sed
1426 2641 1496 2663 non
1508 2624 1743 2677 praeualebunt.
1759 2636 1875 2670 Fateor

41 2669 116 2706 sane
125 2694 136 2709 ,
154 2669 195 2704 ab
205 2668 344 2704 Ecclesia
353 2669 529 2715 petendam
542 2667 601 2702 esse
618 2668 729 2702 sanam
739 2669 927 2704 dostrinam
937 2682 944 2703 :
955 2672 1033 2716 quia
1044 2669 1094 2705 illi
1104 2671 1383 2720 dispensationem
1396 2676 1563 2711 commisit
1573 2680 1676 2716 Deus.
1695 2682 1756 2717 Sed
1766 2695 1874 2730 quum

40 2719 185 2767 Papistae,
197 2715 344 2752 Ecclefiae
356 2727 523 2764 praetextu,
533 2717 719 2751 doctrinam
730 2715 891 2764 sepeliunt
903 2741 912 2755 ,
924 2716 996 2752 satis
1005 2720 1152 2766 produnt
1162 2718 1192 2754 se
1202 2721 1401 2760 diabolicam
1413 2723 1532 2761 habere
1542 2723 1753 2776 synagogam.
1763 2731 1871 2779 Qod

41 2779 105 2814 ego
115 2769 195 2801 verri
205 2765 370 2809 Asturiam,
390 2765 545 2799 Graecum
558 2777 686 2799 nomen
699 2765 743 2798 est
753 2763 853 2807 κυβέα,
867 2764 1057 2800 transsatum
1069 2766 1110 2801 ab
1120 2767 1319 2806 aleatoribus
1333 2784 1341 2804 ι
1352 2784 1395 2817 qu
1401 2771 1443 2805 od
1453 2775 1539 2809 inter
1550 2787 1607 2810 eos
1617 2776 1730 2812 multae
1741 2777 1802 2813 fint
1813 2770 1876 2813 sal-

40 2815 232 2850 lendim-tes,
251 2814 393 2849 Additur
409 2813 576 2853 πανουργίαις
591 2826 660 2859 quo
673 2813 775 2848 verbo
787 2813 964 2862 fignificat,
986 2817 1179 2851 exercitatos
1191 2814 1251 2855 effe
1263 2820 1297 2852 in
1310 2818 1447 2854 fallaciis
1466 2821 1589 2856 Satanae
1601 2826 1779 2861 ministros.
1797 2828 1875 2861 Huc

40 2863 166 2897 accedit
175 2889 186 2904 ,
208 2864 299 2910 qnbd
309 2863 347 2895 ad
360 2862 526 2896 struendas
546 2860 676 2896 insidias
687 2862 851 2897 excubant
859 2878 871 2897 .-
884 2875 956 2909 quae
967 2865 1084 2898 omnia
1092 2867 1233 2899 excitare
1245 2869 1279 2900 δε
1289 2879 1403 2902 acuere
1414 2869 1559 2904 studium
1574 2873 1724 2908 nostrum
1734 2873 1854 2909 debent
1863 2898 1875 2912 ,

41 2917 84 2946 ‘ne
96 2909 118 2945 fi
128 2909 285 2960 proficere
305 2907 517 2957 negligamus
529 2912 564 2944 in
576 2908 676 2944 verbo
687 2910 853 2951 Domini,
872 2910 912 2945 ab
927 2910 1076 2946 hostibus
1097 2914 1310 2950 circunuenti
1319 2937 1330 2955 ,
1349 2919 1452 2954 nimis
1462 2916 1586 2954 seueras
1598 2923 1739 2967 ignauiae
1759 2922 1876 2956 nostrae

42 2972 157 3008 poenas
167 2960 291 2993 demus.
1615 2969 1618 2970 γ

98 3022 131 3059 15
147 3055 150 3059 ¹
192 3011 367 3047 Veritatem
385 3004 675 3062 autemfto'hntes
691 3008 730 3045 in
737 3005 949 3055 charitato),
963 3006 1142 3062 crescamus
1152 3013 1192 3050 in
1200 3025 1277 3052 eum
1279 3024 1344 3068 per
1352 3015 1471 3055 omnia
1482 3044 1494 3063 ,
1506 3018 1567 3071 qui
1576 3020 1627 3056 eff
1634 3025 1731 3074 caput
1737 3047 1747 3065 ,
1758 3030 1878 3075 nempe

44 3072 75 3104 C
78 3062 222 3115 hristum
240 3077 252 3096 ··
1320 3120 1324 3122 ,

97 3127 137 3158 16
192 3125 252 3158 Ex
262 3132 325 3172 quo
333 3128 438 3158 totum
445 3130 558 3174 corpus
568 3118 777 3174 compofitum
787 3119 827 3166 ά*
837 3123 1046 3175 compaH‘um
1049 3134 1114 3177 per
1121 3137 1258 3163 omnem
1266 3128 1329 3165 iun
1333 3129 1464 3166 Claram
1478 3124 1817 3181 fitbminssrationis‚
1825 3127 1880 3184 [ὲ.

39 3174 189 3218 ftmdum
198 3170 377 3230 efficaciam
386 3177 425 3213 in
435 3173 591 3228 menficra
605 3172 902 3229 vniuscuiusque.)
915 3180 1028 3234 partis
1039 3207 1051 3225 ,
1070 3182 1315 3222 incrementum
1323 3186 1469 3238 emporis
1480 3181 1569 3235 facit
1574 3184 1613 3220 in
1623 3183 1877 3235 adficuionem

28 3233 91 3284 fiai
100 3262 110 3279 ,
119 3234 159 3272 in
167 3229 339 3270 charitate.

85 3309 117 3343 15
167 3298 342 3332 Veritatem
349 3298 474 3340 autem.)
510 3299 578 3330 Iam
590 3298 706 3333 docuit
717 3310 779 3332 nos
791 3310 863 3332 non
875 3296 992 3333 debere
1001 3297 1061 3335 effe
1070 3312 1205 3348 puet05‚
1219 3303 1351 3337 tatione
1365 3304 1400 3336 &
1412 3301 1538 3336 iudicio
1547 3302 1729 3349 destitutos.
1739 3307 1772 3342 id
1781 3317 1816 3341 vt
1826 3309 1884 3342 c6-

38 3344 160 3389 firmet,
170 3344 262 3382 iubet
272 3356 336 3380 nos
350 3341 488 3381 crescere
499 3346 535 3380 in
545 3347 680 3394 yetitate
690 3359 698 3395 ς
729 3356 829 3394 atque
839 3347 872 3381 id
882 3347 925 3384 cst
934 3348 1025 3393 quod
1033 3352 1126 3398 prius
1136 3350 1204 3387 dixi
1219 3377 1231 3389 ,
1248 3351 1293 3383 ita
1302 3361 1366 3386 nos
1381 3350 1488 3385 adhuc
1499 3350 1613 3387 distare
1623 3353 1714 3388 virili
1721 3365 1814 3402 atate
1822 3380 1832 3394 ‚
1842 3364 1880 3402 vt
