2268 3705
473 122 1425 177 ADCORINTH·CA1›-X-
1836 140 1894 188 281

100 205 120 238 8
168 202 259 237 Nam
269 199 319 246 etsi
325 196 530 233 abundantius
544 199 660 245 glorier
667 195 705 230 de
711 196 880 245 potestate.)
926 197 1096 232 Modestiae
1105 195 1169 232 fuit
1190 197 1282 245 quod
1292 196 1323 232 se
1332 199 1484 233 adiunxit
1494 210 1612 235 eorum
1633 213 1793 243 numero,
1806 217 1894 255 quos

54 251 155 299 longe
165 247 387 286 antecellebat:
398 259 506 294 neque
519 258 630 281 tamen
642 248 686 280 ita
698 245 861 280 modestus
873 243 932 278 eise
942 244 1062 283 voluit,
1074 248 1158 295 quin
1168 244 1259 280 suam
1268 247 1504 282 authoritatem
1513 246 1634 284 saluam
1646 254 1889 292 retineretzideo

51 302 142 335 addit
153 325 164 340 ,
177 302 286 332 minus
296 295 405 331 dixiss'e
416 321 425 335 ‚
445 296 546 341 quam
557 297 627 328 iure
636 291 694 329 suo
715 295 873 342 potuerit:
884 306 994 340 neque
1004 296 1096 342 engr't'i
1109 306 1224 342 eratnex
1234 296 1362 343 vulgari
1373 297 1490 330 ordine
1501 297 1726 334 ministrorum
1736 323 1746 336 ‚
1756 300 1807 336 sed
1817 307 1885 338 cxi-

52 351 140 383 mius
152 351 249 381 etiam
262 348 345 379 inter
355 342 547 392 Apostolos.
558 344 652 376 Dicit
662 355 754 390 ergo,
763 341 894 376 Etiamsi
905 341 1051 389 amplius
1059 342 1193 390 glorier,
1208 345 1285 378 Non
1292 344 1456 392 pudefiant:
1471 348 1532 379 erit
1547 348 1636 380 enim
1648 348 1728 381 iusta
1739 355 1882 385 materia.

50 398 102 432 Est
112 397 287 442 occupatio
296 405 306 425 .·
320 395 398 439 quia
431 404 540 438 neque
550 402 634 425 tacet
644 391 682 425 de
694 391 748 430 sua
759 389 866 439 gloria
874 413 884 427 ‚
895 395 928 425 &
938 401 1050 426 tamen
1060 392 1210 441 longiori
1227 396 1296 427 eius
1307 396 1480 428 mentione
1495 391 1692 440 supersedet:
1706 407 1740 429 vr
1752 398 1880 433 intelli-

51 456 130 490 gant
145 441 336 478 Corinthii,
346 453 421 474 eum
432 453 502 474 non
512 438 578 474 nisi-
589 439 894 487 inuitumgloriati:
904 449 938 472 vt
949 440 1034 473 certe
1046 453 1122 474 eum
1134 440 1188 475 sua
1199 442 1414 489 improbitate
1422 441 1588 488 cog-ebant
1597 441 1876 491 speudoapostoli,

49 482 177 537 filioqui
187 503 257 524 non
268 488 354 524 factu
360 501 443 523 rum.
453 488 650 531 Potestatern
660 499 756 522 vocat
763 486 999 522 authoritatem
1010 487 1058 522 sui
1068 489 1281 536 Apostolatus
1291 513 1301 527 ,
1312 503 1412 537 quam
1422 490 1561 525 habebat
1572 493 1657 527 inter
1668 493 1877 529 Corinthios:

50 541 191 586 quanuis
210 540 300 572 enim
318 549 501 573 commune
519 535 555 570 sit
573 535 732 571 omnibus
751 534 850 570 Verbi
860 537 1016 571 ministris
1030 536 1185 583 ide‘mque
1201 536 1353 572 officium
1365 564 1374 579 ,
1393 539 1467 574 sunt
1475 550 1587 574 tamen
1597 539 1736 576 honoris
1747 543 1875 589 gradus:

49 591 140 623 Deus
150 597 258 620 autem
270 585 407 620 Paulum
419 588 454 620 in
463 585 579 620 altiore
590 583 720 631 fastigio
731 607 741 622 ,
757 586 858 631 quam
869 584 963 622 alios,
973 583 1197 619 collocauerat
1206 612 1217 626 ‚
1229 599 1333 632 quum
1345 590 1413 621 eius
1422 599 1521 635 opera
1532 588 1603 623 vsus
1625 588 1728 623 fuerat
1739 590 1778 623 ad
1796 589 1874 624 fun-

49 637 189 670 dandam
200 633 292 668 illam
311 632 504 674 Ecclesiam,
525 637 558 667 ἃ
570 635 639 667 eius
656 633 889 680 Apostolatum
901 644 1074 668 ornauerat
1085 633 1200 668 multis
1210 635 1328 669 modis.
1363 637 1466 670 Porro
1476 650 1518 671 ne
1538 638 1703 672 inuidiam
1713 637 1772 686 ipsi
1791 651 1876 673 con-

49 684 165 719 flarent
185 682 342 717 maleuoli
353 695 390 717 ex
401 684 539 718 nornine
549 682 718 716 Potestatis
729 704 738 719 ‚
749 682 835 715 addit
848 684 882 715 in
895 695 996 728 quem
1009 681 1110 717 finem
1118 681 1177 716 sibi
1188 683 1260 716 data
1270 682 1324 717 sit:
1344 696 1465 731 nempe
1477 687 1511 718 in
1526 683 1662 720 salutem
1672 687 1875 721 Corinthio-

47 745 121 767 rum
133 732 237 766 :vnde
247 730 410 778 sequitur,
431 743 501 765 non
511 729 626 764 debere
636 728 702 765 illis
722 730 892 764 molestam
917 729 976 765 eise
987 742 1047 766 nec
1058 743 1191 779 grauem
1202 745 1209 764 :
1220 734 1294 778 quis
1305 734 1396 766 enim
1406 745 1502 779 aequo
1512 736 1624 768 animo
1634 747 1705 768 non
1720 733 1799 768 ferat
1808 759 1818 772 ‚
1845 737 1876 768 i-

48 781 105 816 mi)
118 793 192 827 quis
204 793 274 815 non
284 791 371 814 amet
381 780 471 826 quod
481 776 541 814 sibi
549 776 630 821 vtile
641 775 700 812 esse
709 776 903 825 cognoscit?
944 781 1069 813 Interea
1079 779 1183 814 subest
1192 779 1358 814 antithesis
1369 783 1438 814 eius
1449 783 1616 828 potestatis
1627 809 1636 822 ,
1649 796 1713 829 qua
1724 783 1752 817 se
1763 781 1876 818 effere—

46 830 126 864 bant
138 827 508 877 pseudoapostoli:·quae
518 824 591 861 talis
601 837 668 860 erat
677 837 712 861 vt
723 826 856 863 nullum
868 827 946 861 inde
955 826 1102 862 frustum
1113 830 1318 876 perciperent
1326 851 1336 865 ,
1361 829 1490 863 nullam
1500 829 1756 865 aedificationem
1776 831 1876 866 senti-
1893 840 2058 875 Lernam?

44 889 119 912 rent
128 877 310 915 Corinthii.
321 877 484 916 Caete'rut'u
494 888 565 910 non
573 874 714 909 dubium
729 876 772 908 cst
783 878 866 921 quin
875 876 1034 923 potestate
1044 879 1142 910 etiam
1152 877 1277 924 praediti
1288 877 1348 911 sint
1360 890 1477 912 omnes
1489 878 1588 912 Verbi
1599 880 1738 913 ministri
1749 891 1757 911 x
1768 880 1875 926 qualis

47 929 139 960 enim
153 927 310 960 ddtstrinae
317 925 506 972 praedicatio
516 922 633 969 absque
643 924 823 971 potestate?
835 925 909 957 ideo
920 924 1080 959 omnibus
1091 927 1217 960 distum
1229 927 1273 959 cst
1282 948 1292 963 ,
1304 928 1375 971 Qi
1386 938 1444 959 vos
1455 927 1557 964 audit,
1568 939 1621 960 me
1632 929 1735 965 audit,
1746 932 1875 975 quivos

0 986 1 998 ³
43 974 177 1021 respuit,
189 987 241 1008 me
249 973 380 1020 respuit.
391 973 452 1007 Sed
465 974 591 1019 quonia
602 972 699 1006 multi
710 971 790 1006 falso
803 971 860 1006 sibi
871 970 1024 1020 vsurpant
1035 974 1127 1023 quod
1137 987 1208 1008 non
1219 973 1530 1022 habent‚diligenter
1540 976 1688 1009 notandi]
1697 976 1740 1010 est
1752 976 1875 1023 quous-

0 1027 1 1032 ’
45 1035 111 1069 que
121 1021 209 1056 suam
220 1022 412 1069 potestatem
425 1021 575 1056 extendat
585 1021 715 1056 Paulus:
731 1034 851 1068 nempe
864 1032 899 1055 vt
911 1020 994 1056 sitin
1003 1021 1257 1057 aedificationem
1269 1021 1430 1059 fidelibus,
1449 1026 1507 1070 qui
1520 1036 1598 1071 ergo
1607 1025 1801 1059 destruendo
1811 1027 1875 1059 Ec-

43 1069 382 1121 clefiam,p0testatem
393 1080 555 1109 exercent,
566 1081 723 1114 tyrannos
734 1069 763 1103 se
774 1073 806 1103 &
821 1070 962 1103 latrones
974 1070 1200 1117 probant‚non
1211 1072 1364 1105 pastores.
1374 1073 1524 1107 Secundo
1535 1073 1722 1108 notandum
1732 1075 1824 1120 quod
1836 1072 1876 1109 si-

43 1119 80 1154 bi
91 1120 198 1153 datam
209 1121 227 1153 a
237 1121 314 1153 Deo
325 1117 385 1152 esse
397 1116 511 1152 alserit.
523 1120 582 1164 qui
595 1121 696 1164 igitur
707 1117 833 1164 aliquid
843 1118 914 1152 vult
927 1117 1027 1165 poffe,
1038 1120 1153 1153 Deum
1166 1118 1226 1153 suae
1237 1121 1403 1167 potestatis
1414 1121 1589 1155 authorem
1598 1120 1716 1159 habeat
1725 1133 1870 1169 oportet,

42 1166 216 1202 latrabunt
227 1170 325 1201 etiam
337 1167 402 1201 hoc
413 1166 480 1200 alii:
491 1168 774 1212 quemadmodum
787 1168 870 1219 Papa
882 1166 1003 1201 inflatis
1014 1166 1128 1202 buccis
1141 1166 1170 1202 se
1180 1168 1303 1202 Christi
1315 1171 1474 1202 vicarium
1485 1168 1544 1203 effe
1554 1170 1763 1204 detonat.Sed
1773 1183 1876 1217 quam

0 1212 142 1257 §pridem
153 1215 254 1250 facit?
273 1228 380 1262 neque
392 1219 482 1249 enim
496 1217 595 1249 mutis
608 1213 753 1262 personis
772 1215 932 1249 eiusmodi
945 1216 1136 1262 potestatem
1159 1216 1304 1251 contulit
1314 1217 1480 1251 Christus:
1505 1215 1555 1251 sed
1566 1220 1595 1252 A
1622 1218 1734 1252 ostolis
1757 1223 1788 1253 &
1800 1219 1875 1256 aliis

41 1264 272 1299 siiisrninistris
282 1291 292 1304 ,
310 1278 350 1298 ne
363 1262 537 1311 Euangelii
550 1262 597 1297 sui
607 1264 758 1298 dostrina
769 1274 930 1297 exarmata
941 1263 1035 1297 foret.
1058 1266 1171 1309 Qare
1181 1275 1251 1298 tota
1263 1266 1490 1300 ministrorum
1512 1230 1651 1313 potessas
1663 1269 1697 1303 in
1710 1266 1820 1301 Verbo
1830 1267 1875 1302 est

46 1310 186 1350 inclusa,
197 1324 231 1346 vt
241 1310 366 1360 semper
377 1312 600 1346 nihilominus
612 1323 741 1345 maneat
752 1310 902 1345 Christus
912 1309 998 1345 solus
1010 1313 1183 1346 Dominus
1194 1316 1227 1350 ὃς
1239 1315 1403 1360 Magister.
1421 1316 1677 1349 Meminerimus
1689 1327 1768 1363 ergo
1779 1318 1814 1350 in
1825 1315 1874 1353 le-

0 1359 4 1363 ’
45 1362 329 1409 gitimapotestatc
339 1361 406 1396 haec
418 1362 483 1397 duo
492 1362 614 1407 requiri
627 1373 634 1392 :
645 1371 676 1394 vt
686 1362 703 1394 a
714 1362 787 1394 Deo
799 1360 870 1393 data
882 1358 935 1396 sit,
949 1370 982 1394 vr
992 1363 1027 1393 in
1039 1359 1173 1394 salutem
1186 1360 1331 1395 Ecclesiae
1341 1374 1532 1396 exerceatur.
1546 1361 1666 1409 quibus
1677 1365 1874 1411 potestatem
1938 1362 2013 1397 pff

45 1409 225 1444 contulerit
235 1412 336 1447 Deus,
350 1415 381 1444 &
393 1409 532 1456 qualiter
542 1422 612 1442 eam
624 1421 724 1455 quam
737 1409 836 1445 dedit,
846 1408 1039 1442 limitauerit
1049 1431 1058 1445 ‚
1069 1420 1190 1444 notum
1209 1410 1263 1443 est.
1273 1412 1354 1444 Rite
1363 1423 1434 1443 eam
1444 1423 1594 1445 exercent
1605 1414 1664 1457 qui
1675 1413 1832 1447 mandato
1842 1427 1876 1447 e-

1 1488 6 1489 i
42 1459 94 1491 ius
107 1456 244 1492 fideliter
254 1458 414 1492 obediunt
428 1472 434 1490 :
446 1457 500 1491 hic
512 1469 621 1491 tamen
635 1458 740 1504 potest
756 1457 856 1491 obiici
867 1457 1013 1502 quaestio,
1023 1457 1129 1491 Verba
1137 1459 1203 1491 Dei
1214 1456 1288 1492 sunt
1297 1458 1337 1493 ad
1347 1461 1518 1493 Ieremiam
1529 1483 1539 1497 ,
1562 1461 1645 1493 Ecce
1663 1459 1831 1495 constituo
1844 1473 1877 1495 te

42 1504 137 1553 supra
148 1508 271 1540 Gentes
282 1511 314 1540 ὃς
329 1519 438 1553 regna,
452 1516 485 1539 vt
495 1504 622 1553 plantes
634 1517 670 1539 ac
681 1504 814 1545 euellas,
825 1503 964 1539 edifices
974 1517 1009 1538 ac
1020 1506 1170 1540 destruas.
1181 1508 1221 1541 Et
1232 1519 1336 1554 nuper
1346 1506 1538 1544 habuimus,
1558 1507 1670 1541 eadem
1680 1509 1876 1545 conditione

42 1556 215 1588 ordinatos
225 1555 419 1602 Apostolos,
432 1566 466 1587 vt
475 1553 698 1588 demoliantur
709 1554 869 1599 quicquid
879 1551 1010 1588 effertur
1019 1553 1170 1591 aduersus
1180 1555 1549 1602 Christum:quinetiam
1561 1554 1655 1590 aliter
1665 1554 1823 1591 aedificare
1834 1571 1877 1593 ne

39 1614 170 1648 queunt
179 1602 352 1650 Euangelii
361 1603 525 1642 doctores,
536 1601 595 1635 nist
608 1613 748 1635 veterem
761 1602 935 1635 hominem
947 1602 1305 1651 destruendotpraeterea
1315 1605 1350 1638 in
1360 1605 1678 1639 condemnationem
1692 1608 1725 1638 δε
1739 1608 1879 1641 exitium

42 1653 157 1698 impiis
167 1650 386 1698 Euangelium
397 1651 584 1684 annuntiat.
599 1648 903 1699 Respondeo,quod
914 1650 969 1684 hic
979 1651 1059 1687 dicit
1067 1651 1199 1689 Paulus,
1210 1652 1248 1687 ad
1259 1655 1382 1700 impios
1393 1652 1480 1687 nihil
1490 1656 1664 1701 pertinere.
1677 1653 1878 1688 Corinthios

41 1702 134 1733 enim
143 1699 335 1746 alloquitur,
345 1698 466 1745 quibus
476 1696 644 1732 salutarem
657 1696 716 1732 esse
726 1697 856 1732 volebat
866 1697 921 1733 suu
929 1712 960 1732 m
971 1698 1215 1746 Apostolatum:
1227 1713 1342 1734 eorum
1356 1702 1493 1755 inquam
1503 1700 1651 1749 respectu
1660 1700 1746 1736 nihil
1756 1701 1817 1737 nifi
1837 1705 1876 1737 in

43 1746 296 1782 :edificationem
306 1758 442 1794 poterat.
453 1749 560 1781 Etiam
571 1747 714 1780 diximus
724 1747 789 1781 hoc
800 1749 1002 1781 nominatim
1012 1746 1104 1782 fuisse
1116 1748 1294 1796 expressum
1307 1775 1317 1787 ‚
1326 1747 1491 1784 vestirent
1500 1750 1673 1784 Corinthii
1686 1773 1697 1787 ‚
1710 1749 1844 1785 nonnisi
1855 1753 1873 1785 a

40 1797 157 1830 Satana
170 1795 277 1829 salutis
288 1791 348 1830 suae
359 1795 450 1829 hoste
473 1798 664 1843 impugnari
676 1793 778 1829 saneti
789 1798 850 1829 viri
861 1796 1095 1830 authoritatem
1107 1810 1115 1830 t
1128 1799 1222 1831 cuius
1233 1796 1309 1832 finis
1319 1808 1386 1831 erat
1396 1797 1543 1845 ipsorum
1556 1797 1739 1833 aedificatio.
1753 1800 1873 1845 Qan-

38 1856 139 1890 quam
150 1843 276 1891 alioqui
286 1843 480 1891 generaliter
489 1856 603 1878 verum
615 1845 659 1878 est
668 1868 678 1881 ,
687 1844 875 1880 doctrinam
886 1843 1058 1891 Euangelii
1068 1843 1178 1893 suapte
1190 1857 1305 1881 natura
1314 1846 1352 1880 ad
1362 1845 1590 1881 aedificandurn
1602 1847 1710 1881 valere
1719 1873 1728 1887 ,
1742 1861 1812 1882 non
1832 1848 1873 1882 ad

41 1892 282 1927 destruendum.
296 1905 374 1926 narn
385 1893 476 1938 quod
487 1893 632 1932 destruit,
643 1891 776 1926 aliunde
792 1892 835 1926 est
847 1906 855 1926 z
868 1906 905 1927 ex
914 1893 1012 1940 culpa
1025 1893 1205 1928 homin-um
1219 1894 1341 1928 scilicet
1351 1918 1360 1931 ,
1375 1896 1455 1929 dum
1466 1898 1501 1929 in
1512 1895 1654 1943 lapidem
1665 1898 1875 1942 impingunt,

38 1943 99 1987 qui
111 1940 176 1974 illis
186 1942 355 1976 ordinatus
365 1952 431 1974 erat
450 1943 484 1979 in
495 1941 761 1975 fundamentum.
772 1942 876 1986 Qod
885 1944 1019 1975 interitu
1030 1945 1148 1976 veteris
1159 1942 1309 1977 hominis
1319 1944 1535 1978 instauramur
1547 1948 1581 1978 in
1593 1947 1774 1991 imaginem
1795 1946 1875 1991 Doti,

37 1989 72 2023 id
83 1988 169 2023 nihil
179 2000 340 2037 repugnat
358 1988 450 2023 Pauli
463 1989 580 2024 verbis:
592 2001 672 2023 tunc
684 1991 773 2022 enim
784 1988 961 2024 destructio
971 1993 1005 2024 in
1014 1989 1141 2026 bonam
1157 2003 1282 2038 partem
1293 1993 1431 2038 capitur:
1444 1991 1500 2026 hic
1511 1992 1589 2027 verb
1599 1994 1634 2026 in
1651 1990 1772 2025 malam
1783 2016 1794 2029 ‚
1814 2005 1877 2039 pro

36 2039 135 2071 ruina
144 2039 213 2071 eius
224 2039 316 2085 quod
324 2039 388 2071 Dei
399 2038 453 2075 est,
464 2037 515 2072 vel
524 2050 584 2086 pro
595 2041 714 2074 animae
725 2040 836 2075 exitio:
848 2037 909 2075 acsi
918 2039 1050 2076 diceret,
1063 2052 1133 2074 non
1145 2037 1207 2075 effe
1216 2042 1353 2075 noxiam
1365 2039 1431 2073 illis
1443 2039 1639 2087 potestatem
1658 2065 1669 2080 ‚
1680 2042 1774 2076 cuius
1785 2040 1859 2074 vtili
1869 2059 1876 2065 ·

37 2096 88 2119 tas
97 2088 133 2120 in
143 2085 278 2119 salutem
289 2085 466 2134 conspicua
475 2089 529 2122 est.

87 2145 107 2177 9
159 2133 216 2168 Ne
225 2133 474 2176 videarterrere.)
524 2137 645 2168 Iterum
656 2134 859 2169 calumniam
869 2137 1004 2182 attingit
1013 2147 1112 2182 quarn
1123 2135 1212 2184 prius
1221 2133 1427 2169 restitaucrat:
1440 2148 1561 2183 nempe
1573 2136 1664 2182 quod
1677 2136 1803 2184 scriptis
1816 2150 1875 2171 au«

38 2182 226 2219 dax,coram
236 2181 310 2217 esset
319 2182 477 2217 abiectus.-
486 2181 551 2216 hoc
561 2194 717 2230 praetextu
727 2182 899 2218 eleuabant
908 2187 977 2218 eius
989 2182 1113 2231 scripta.
1124 2184 1563 2231 Qd‚dicebnnt,proculne
1574 2186 1720 2233 epistolis
1733 2199 1794 2219 nos
1808 2197 1874 2219 ter-

37 2229 132 2267 tebit,
146 2233 205 2276 qui
215 2230 237 2265 fi
247 2233 359 2265 coram
369 2228 495 2271 adesset,
504 2233 558 2265 vix
568 2232 699 2266 auderet
709 2230 831 2266 hiscere
839 2236 854 2263 ?
864 2233 917 2266 Ne
929 2245 1007 2279 ergo
1019 2236 1130 2267 minus
1141 2233 1296 2280 ponderis
1306 2232 1465 2268 haberent
1476 2231 1536 2266 suae
1547 2233 1868 2281 epistolae,resp6der‚

37 2277 124 2313 nihil
137 2277 194 2312 sibi
204 2277 306 2314 obiici
318 2280 408 2326 quod
421 2278 518 2313 fidem
531 2278 588 2313 fibi
598 2291 634 2314 ac
657 2281 815 2314 defitrinae
826 2278 885 2314 suae
894 2279 1050 2328 abrogare
1061 2293 1116 2316 aut
1127 2283 1282 2328 derogare
1293 2280 1425 2314 debeat:
1454 2294 1562 2327 neque
1574 2285 1664 2316 enim
1675 2285 1816 2316 minoris
1827 2282 1874 2316 fa-

38 2327 174 2361 ciendus
183 2328 227 2361 est
238 2326 370 2364 effeetus
381 2328 481 2374 quam
492 2325 607 2363 sermo.
621 2328 745 2362 Coram
757 2328 913 2376 operibus
923 2342 993 2362 non
1003 2332 1114 2364 minus
1131 2328 1289 2377 pollebat,
1300 2330 1400 2376 quam
1411 2328 1522 2363 absens
1533 2330 1682 2368 sermone
1699 2343 1798 2377 :ergo
1808 2333 1874 2364 ini—

64 2387 144 2408 uum
154 2373 228 2413 fuit,
239 2376 444 2423 corporalem
456 2379 525 2410 eius
536 2374 737 2423 praesentiam
749 2377 1040 2425 contemptibilem
1051 2379 1198 2412 iudicari.
1220 2380 1308 2427 Opus
1317 2377 1372 2411 h'ic
1382 2376 1526 2425 appellat
1537 2381 1582 2422 (m
1588 2392 1628 2413 eo
1657 2381 1795 2422 iudicio)
1807 2390 1876 2413 tam

35 2387 219 2457 efficaciam
230 2425 467 2472 predicationis
479 2428 512 2459 δε
524 2421 712 2461 successum,
724 2426 823 2471 quam
837 2427 950 2472 dignas
963 2425 1126 2473 Apostolo
1136 2429 1285 2466 virtutes,
1297 2429 1331 2460 ὅ(
1343 2436 1450 2460 totam
1465 2428 1538 2462 vitae
1548 2424 1609 2462 suae
1619 2429 1759 2462 ratione.
1770 2430 1873 2461 Sermo

36 2471 115 2504 verb
126 2485 196 2505 non
209 2471 309 2519 ipram
324 2473 480 2507 doetrinae
492 2471 701 2507 substantiam
714 2472 938 2520 fignificar‚1'ed
949 2472 1087 2520 figuram
1098 2475 1254 2510 duntaxat
1267 2478 1301 2509 ὃς
1311 2473 1399 2521 quafi
1411 2477 1660 2512 corticemtnam
1673 2489 1733 2524 pro
1749 2476 1876 2510 doctri-

35 2531 80 2553 na
90 2519 320 2555 vehementius
330 2520 508 2568 puonaffet.
519 2523 564 2555 At
575 2521 651 2555 inde
663 2521 829 2560 oriebatur
840 2534 1052 2571 contemptus
1062 2546 1073 2561 ‚
1101 2523 1192 2570 quod
1201 2535 1278 2557 eum
1290 2521 1463 2557 deficiebat
1479 2522 1678 2570 eloqulentiae
1689 2534 1824 2558 ornatus
1837 2527 1874 2558 δε

36 2565 202 2614 splendor,
216 2571 274 2615 qui
285 2550 423 2616 gratifm
435 2569 603 2604 conciliat.

92 2639 129 2663 1².
186 2634 275 2677 Nqn
285 2631 377 2666 enim
387 2628 551 2667 audemus
560 2642 624 2667 nos
633 2626 831 2683 quibusdam
850 2627 994 2682 inserere
1002 2637 1062 2667 aut
1069 2624 1459 2684 comparare,quifi{vfh5
1467 2627 1709 2669 commendant
1718 2644 1729 2662 -·
1747 2626 1874 2670 verbm

37 2679 96 2736 zpfi
101 2682 294 2739 inst-ipstsse
304 2687 496 2729 metientes,
517 2682 685 2739 &seipsos
695 2683 995 2742 comparantesfibi
1008 2699 1079 2723 non
1084 2684 1229 2739 sapiunt.
1858 2685 1859 2691 ’

96 2753 108 2777 ι
114 2751 130 2786 3
191 2748 278 2789 Nos
286 2750 401 2780 autem
408 2739 552 2794 nonstne
563 2740 692 2778 mundo
699 2737 930 2793 gloriabimur,
933 2739 1002 2793 sed
997 2751 1060 2795 pro
1069 2739 1224 2794 menfhra
1233 2739 1350 2796 regula
1358 2753 1463 2793 quam
1473 2737 1571 2779 nobis
1583 2739 1755 2794 distribuit
1765 2749 1869 2781 Dema

36 2792 189 2846 menfiara
197 2799 341 2849 inquam
348 2794 572 2850 perueniendt'
581 2797 684 2833 etiam
694 2809 723 2832 v
720 2793 810 2849 sque
820 2796 954 2835 advos.

69 2866 72 2869 ’
96 2862 138 2899 14
191 2859 280 2901 Nqn
290 2855 382 2890 enim
392 2851 487 2906 quast
495 2851 546 2889 ad
553 2866 619 2890 vos
641 2850 1220 2908 nonperueniremusficpramodum
1231 2851 1450 2892 extendimus
1462 2851 1614 2907 nosspsos.
1627 2852 1803 2908 siquidem
1813 2850 1870 2904 vl2

38 2901 107 2958 que
116 2905 164 2943 ad
170 2911 435 2962 vospertigt'mssa
444 2911 483 2945 in
499 2907 678 2962 Euangelio
690 2906 826 2959 Christi.
1517 2902 1523 2909 ’
1650 2906 1653 2908 ’
1723 2926 1726 2930 ’

96 2973 127 3011 15
182 2963 542 3019 Qnglmiantesfine
553 2962 654 3002 modo
665 2967 703 3002 in
715 2963 834 3002 aliems
843 2962 1010 3004 laboribus
1023 2994 1032 3008 ‚
1033 2969 1131 3022 spem
1140 2973 1252 3002 autem
1263 2963 1428 3003 habentes
1443 2994 1453 3011 ,
1464 2963 1620 3019 crescente
1618 2964 1694 3017 fide
1704 2966 1813 3017 vestra
1827 2967 1868 3003 in

38 3013 213 3060 vobmnos
222 3019 471 3074 magnificatum
479 3023 523 3059 irc
523 3019 710 3072 secundum
721 3021 869 3072 nostram
879 3020 1028 3074 regulam
1037 3025 1076 3059 in
1087 3016 1360 3064 exuberantiam,

76 3109 78 3112 ,
93 3079 135 3123 ιᾷ
190 3081 236 3113 Vt
243 3084 343 3112 ettam
351 3075 445 3113 vltra
456 3089 520 3114 nos
536 3074 770 3134 euangelizcm
782 3105 792 3120 ‚
802 3090 872 3114 non
883 3078 921 3114 in
930 3075 1045 3115 aliena
1060 3074 1173 3130 regula
1185 3102 1195 3121 ,
1206 3086 1251 3114 vt
1259 3076 1301 3114 de
1309 3079 1355 3114 iis
1366 3091 1438 3132 quae
1444 3086 1570 3133 parata
1580 3071 1669 3128 finnt
1670 3077 1810 3130 glorier.

94 3142 136 3175 17
176 3168 183 3171 Α
194 3131 356 3171 Caeteriaem
367 3135 426 3184 qui
432 3131 609 3185 gloriatur,
619 3136 659 3169 in
670 3134 821 3169 Domino
825 3131 999 3185 glorietur.
1196 3144 1199 3147 ‘

93 3186 130 3222 18
186 3190 276 3232 Rota
285 3190 375 3224 enim
385 3190 445 3240 qui
452 3184 595 3241 seipsam
603 3187 830 3232 commendat,
839 3185 1062 3241 illeprobatur
1072 3186 1120 3239 cst
1131 3186 1213 3240 :sed
1218 3201 1321 3242 quem
1333 3191 1506 3228 Dominus
1514 3186 1736 3226 commendat.

41 3262 48 3270 .
96 3251 127 3272 η
182 3241 347 3274 Nonem'm
356 3241 526 3286 audemus.)
575 3243 704 3276 ironice
715 3243 778 3276 hoc
789 3243 878 3275 dicit:
895 3256 1002 3289 neque
1014 3245 1103 3279 enim
1115 3240 1144 3276 se
1158 3242 1223 3278 1llis
1236 3245 1345 3291 postea
1355 3245 1504 3277 audacter
1517 3244 1692 3287 aequiparat
1704 3242 1872 3278 tatumxsed

37 3286 140 3321 derisa
150 3300 267 3322 eorum
277 3289 532 3337 vanitatc,longe
545 3292 563 3324 a
571 3302 665 3336 tergo
677 3303 732 3324 eos
743 3289 914 3336 relinquit:
927 3292 986 3326 hac
999 3293 1074 3325 autt‘:
1083 3293 1191 3331 ironia
1200 3294 1332 3339 pungit,
1345 3304 1415 3324 non
1427 3289 1530 3324 modo
1542 3288 1616 3322 illos
1627 3288 1805 3329 thrasones,
1820 3290 1871 3326 sed

38 3337 138 3370 ctiam
148 3335 358 3373 Corinthios,
369 3339 426 3382 qui
437 3337 572 3374 illorum
583 3337 757 3373 stultitiam
767 3336 926 3373 fouebant
936 3337 1084 3386 peruersa
1095 3337 1149 3374 sua
1159 3339 1409 3387 approbatione.
1421 3339 1786 3384 Ego‚inquit,contetus
1797 3338 1869 3375 sum

40 3394 112 3418 mea
122 3385 349 3420 mediocritate
362 3396 370 3418 :
384 3397 491 3432 neque
502 3389 591 3421 enim
603 3384 736 3422 miscere
746 3400 800 3422 me
810 3387 964 3422 auderem
974 3389 1085 3423 vestris
1093 3387 1251 3436 apostolis
1262 3389 1320 3433 qui
1330 3397 1497 3434 precones
1506 3382 1580 3419 sunt
1590 3382 1652 3420 suae
1661 3387 1871 3425 excellentiae.

1892 1447 2004 1483 lerem.13
2013 1438 2084 1476 &0102
