2268 3705
305 105 362 142 168
819 91 1629 150 1N1·EP13T-PAVL1

309 172 481 223 spicabiles
491 183 604 206 coram
615 171 1015 220 mundo‚operaepretium
1027 173 1070 205 est
1082 170 1147 206 illis
1159 173 1305 218 mitigari
1315 168 1478 204 seruitutis
1490 169 1702 204 acerbitatem
1710 168 1822 217 aliqua
1834 167 2075 207 consolatione.
2097 174 2157 209 Li—

305 222 376 258 beri
388 233 499 256 autem
510 244 520 258 ,
540 235 581 256 ne
593 220 652 256 fibi
662 223 809 256 nimium
835 221 879 254 ob
889 221 1115 254 honestiorem
1128 221 1363 254 conditionem
1375 218 1527 266 placeant
1541 245 1551 258 ,
1570 230 1606 252 ac
1620 216 1793 258 efferantur
1806 217 1955 266 superbia
1965 245 1975 260 ‚
1990 218 2091 256 fraeno
2102 225 2156 257 ine

307 272 445 319 digent..
463 272 639 316 Vtrunque
649 267 727 304 facit
739 269 923 317 Apo-stolus
935 281 942 300 :
955 280 1031 301 nam
1043 280 1148 313 quum
1159 267 1292 301 libertas
1305 268 1447 314 Spiritus
1457 265 1558 313 longe
1570 265 1765 313 praeferenda
1776 266 1812 301 sit
1822 268 1930 301 carnis
1939 266 2093 310 libertati,
2103 282 2158 306 to-

307 319 480 354 lerabilem
492 316 551 352 effe
562 314 679 352 debere
687 316 786 353 seruis
805 317 902 350 status
917 314 963 349 sui
977 313 1181 362 asperitatem
1193 315 1370 352 admonet,
1394 313 1418 349 si
1429 315 1562 361 quidem
1576 315 1803 350 inaestimabile
1814 314 1897 349 illud
1917 315 2047 351 donum
2059 330 2158 366 repu-

308 379 381 403 tent
404 392 413 406 ‚
435 381 503 414 quo
517 368 644 415 praediti
666 364 750 401 sunt.
773 364 894 399 liberos
906 376 1043 409 quoque
1062 363 1167 397 efferri
1179 376 1250 397 non
1261 362 1376 398 debere
1391 386 1402 401 ,
1426 365 1505 409 quia
1518 361 1616 397 seruis
1629 365 1663 398 in
1684 366 1847 411 praecipua
1856 361 1903 397 sui
1920 375 2010 411 parte
2021 365 2083 400 sint
2100 379 2160 414 pa-

309 430 370 451 res.
398 417 519 463 Neque
533 416 609 449 vero
620 415 700 449 hinc
710 412 941 459 colligendum
953 412 996 444 est
1006 437 1016 450 ,
1028 413 1187 460 postponi
1203 411 1301 445 seruis
1313 410 1434 445 liberos
1446 434 1455 448 ,
1479 423 1534 445 aut
1544 410 1725 458 politicum
1736 414 1890 446 ordinem
1917 412 2052 447 turbari.
2067 416 2160 448 vide-

261 482 267 485 ·
309 465 365 500 bat
383 463 563 512 Apostolus
576 464 656 509 quid
676 464 873 496 conueniret
887 460 1048 505 Vtrisque:
1082 459 1264 494 cohibendi
1284 458 1530 502 (ficutididkum
1541 460 1596 504 est)
1612 458 1707 494 liberi
1720 472 1810 495 crant
1824 487 1834 501 ,
1858 473 1900 493 nc
1911 458 2087 496 ferocirent
2105 465 2160 497 in-

114 1978 143 1999 's‘c
153 1971 266 2004 ‘nudat-

125 2345 127 2348 “
156 2352 160 2355 ⁴
180 2346 307 2373 .<.e.31,t'·7

310 513 463 548 fulrando
483 511 633 546 aduersus
644 509 771 545 seruos:
793 510 844 543 his
856 508 933 542 verb
944 508 1051 541 danda
1070 521 1136 542 erat
1146 508 1256 555 aliqua
1276 506 1461 543 consolatio
1473 536 1482 545 ,
1501 520 1544 541 ne
1554 511 1709 561 animuin
1730 510 1926 543 deiicerent:
1956 513 1989 543 ἃ
2000 509 2068 545 haec
2090 524 2162 546 ma-

310 565 362 610 gis
386 575 421 596 in
432 559 729 597 confirmationem
739 558 865 592 ordinis
875 556 1010 605 politici
1018 553 1156 597 faciunt,
1171 557 1251 591 dum
1262 559 1369 591 carnis
1382 557 1644 591 incommodum
1658 556 1862 608 compensati
1873 556 1969 591 docet
1978 557 2073 593 bono
2092 560 2160 608 spi-

311 609 437 645 rituali.
1198 607 1202 611 “
1658 612 1669 614 ⁴
1698 610 1699 616 ¹

360 670 392 703 23
443 659 542 690 Pretio
553 657 643 702 empti
652 654 728 699 estis.
747 655 758 693 >
804 655 884 688 Haec
894 653 992 688 verba
1002 652 1181 688 habuimus
1191 655 1299 701 capite
1310 655 1479 702 proximo,
1494 652 1546 689 sed
1556 653 1622 688 alio
1635 651 1710 688 fine.
1724 655 1774 689 De
1789 653 1954 689 vocabulo
1963 657 2075 696 Prerii,
2091 655 2162 692 illic

310 708 378 741 dixi
391 706 481 752 quod
492 703 681 739 sentiebam.
710 705 848 737 Summa
857 704 901 737 est
912 725 923 740 ,
935 704 1029 749 quod
1039 701 1148 736 seruos
1160 704 1295 748 quidem
1307 703 1345 736 de
1360 703 1441 736 statu
1456 701 1514 737 suo
1525 706 1641 737 anxios
1654 702 1713 736 eise
1725 714 1828 740 vetat,
1844 701 1895 737 sed
1906 706 2011 751 magis
2022 704 2087 739 hoc
2100 717 2161 739 cu-

312 767 380 790 rare
392 753 463 787 vult
473 780 481 794 ‚
503 767 543 787 ne
556 755 668 800 impiis
678 764 734 786 aut
745 753 854 800 prauis
865 752 1085 786 dominorum
1097 749 1335 797 cupiditatibus
1347 749 1376 785 se
1386 751 1553 785 addicant:
1569 753 1681 786 Sancti
1694 752 1806 786 sumus
1815 753 1976 786 Domino
1986 775 1997 790 ,
2007 754 2086 798 quia
2096 767 2161 790 nos

314 803 465 837 redemit:
481 814 560 849 ergo
572 815 614 835 ne
623 803 658 834 in
669 800 851 834 hominum
865 802 1004 846 gratiam
1016 812 1078 833 nos
1090 798 1304 846 profanemus
1317 812 1324 833 z
1335 800 1428 846 quod
1442 798 1573 837 fit,dum
1585 799 1800 846 obsequimur
1811 799 1966 847 peruersss
1980 813 2095 835 eorum
2106 803 2164 836 de-

315 850 450 886 sideriis.
467 851 667 884 Admonitio
678 849 746 884 haec
756 848 847 882 valde
857 846 1029 882 necessaria
1043 847 1107 882 fuit
1119 860 1159 881 eo
1170 858 1320 896 tempore
1330 872 1340 886 ,
1356 861 1426 894 quo
1445 845 1527 882 serui
1541 849 1580 882 ad
1590 846 1757 883 subeunda
1768 847 1924 895 quaelibet
1944 850 2085 897 imperia
2095 848 2163 885 fine

316 899 449 934 deletitu
461 898 513 933 vel
525 900 731 945 exceptione,
743 899 844 932 minis
854 909 889 931 ac
899 895 1099 933 verberibus,
1111 899 1231 930 mortis
1244 899 1344 930 etiam
1353 907 1477 931 terrore
1487 896 1689 943 adigebatur,
1701 909 1736 931 vt
1746 900 1780 931 in
1791 898 1960 931 seruorum
1972 898 2163 933 ministeriis

318 961 392 983 non
402 947 572 982 lenocinia
583 949 693 981 minus
705 950 739 980 ὃς
761 948 830 980 eius
841 947 969 992 generis
982 944 1107 992 flagitia
1118 955 1331 979 numerarent
1340 968 1351 982 ,
1362 946 1462 991 quam
1474 945 1625 980 honestas
1635 959 1767 994 operas:
1783 945 1904 979 merito
1917 947 2028 991 itaque
2037 948 2162 994 excipit

319 995 442 1031 Paulus
457 1010 498 1031 ne
508 995 660 1043 turpibus
674 999 706 1028 δε
718 991 877 1028 sceleratis
890 991 1056 1040 obsequiis
1066 992 1096 1028 se
1107 993 1270 1028 addicant.
1279 995 1416 1027 Vtinam
1427 993 1493 1028 hoc
1503 996 1661 1029 omnium
1668 996 1791 1029 animis
1802 994 1886 1028 bene
1898 1005 1934 1028 ac
1943 997 2075 1041 penitus
2087 994 2165 1029 insi-

322 1045 425 1079 deret:
436 1058 507 1079 non
518 1055 586 1078 tam
597 1057 628 1077 m
634 1042 694 1077 ulti
705 1039 733 1076 se
744 1043 864 1076 homin
870 1055 926 1076 um
936 1041 1082 1080 libidini,
1099 1041 1189 1089 quasi
1199 1040 1341 1082 venaleS,
1353 1042 1598 1089 prostituerent.
1610 1045 1682 1079 Nos
1693 1047 1804 1078 autem
1816 1045 2083 1084 meminerimus,
2093 1046 2165 1080 eius

325 1106 389 1129 nos
403 1092 462 1127 effe
475 1096 607 1139 quinos
617 1092 764 1125 redemit.

373 1153 418 1187 24
466 1142 609 1174 Maneat
628 1138 712 1188 apud
722 1142 852 1181 Deum.)
901 1142 971 1173 Iam
991 1141 1082 1187 prius
1091 1139 1272 1176 admonui,
1291 1151 1363 1172 non
1373 1138 1507 1185 astringi
1536 1138 1592 1173 hic
1602 1139 1759 1174 homines
1769 1152 1927 1188 perpetua
1935 1138 2025 1187 lege,
2051 1153 2094 1175 ne
2103 1144 2167 1176 vn-

324 1203 427 1237 quam
439 1188 484 1223 fas
494 1189 544 1223 illi
557 1187 593 1223 sit
604 1200 730 1222 mutare
742 1188 861 1221 statum
877 1213 886 1227 ‚
899 1186 922 1221 si
934 1188 1068 1234 quando
1079 1189 1124 1221 ita
1133 1186 1277 1235 postulet
1286 1187 1368 1220 iusta
1377 1189 1479 1221 ratio:
1502 1186 1553 1220 sed
1566 1187 1694 1222 tantum
1708 1185 1807 1222 sedari
1819 1188 2077 1224 inconsideratos
2088 1189 2167 1224 affe·-

325 1241 472 1285 ‹stusssJui
484 1237 609 1271 multos
619 1236 685 1271 huc
697 1241 730 1271 δε
743 1235 823 1270 illuc
831 1239 969 1282 agitant,
980 1249 1013 1269 vt
1023 1238 1186 1270 continua
1195 1236 1429 1282 inquietudine
1439 1234 1623 1270 turbentur.
1633 1237 1726 1270 Dicit
1738 1248 1816 1284 ergo
1827 1236 2081 1276 Paulus,coram
2090 1239 2167 1273 Deo

325 1288 462 1368 Ρεῑίῃῗε
473 1284 533 1320 effe
544 1286 636 1334 quod
645 1287 766 1332 cuique
777 1283 814 1319 sit
827 1285 964 1319 vruendi
975 1297 1079 1333 genus
1089 1286 1124 1318 in
1139 1284 1200 1319 hac
1211 1287 1289 1325 vita,
1306 1286 1469 1331 quoniam
1483 1286 1614 1332 pietatis
1625 1283 1819 1322 consensum
1829 1299 1900 1321 non
1910 1285 2086 1334 abrumpat
2097 1286 2168 1323 haec

326 1336 422 1370 diuet
437 1346 506 1369 itas.

385 1418 404 1441 2
413 1420 427 1449 5
486 1410 541 1442 De
550 1400 746 1459 virginibm
755 1413 870 1443 autem
873 1402 1066 1459 praeceptum
1076 1405 1224 1445 Domini
1232 1417 1303 1443 non
1313 1400 1499 1456 habeofi’d
1504 1402 1675 1458 confilium
1684 1403 1727 1443 do
1738 1433 1750 1450 ‚
1762 1414 1930 1458 tanquam
1941 1387 2171 1459 hfiricordiiz‘

327 1458 554 1514 conftquutus
565 1461 585 1498 ά
596 1460 1010 1515 Domino,vtfimfidelis.
1306 1474 1307 1477 ¹
1745 1462 1748 1473 ¹

387 1524 432 1553 26
488 1514 674 1555 tssrbitror
690 1519 798 1570 igitur
814 1514 877 1555 hoc
893 1514 1087 1572 bonumeffe
1104 1527 1241 1572 propter
1261 1515 1443 1569 instantem
1465 1516 1688 1569 neccss’t'tatem
1699 1543 1711 1560 ,
1734 1512 1963 1570 qubdbonum
1970 1516 2019 1575 fit
2033 1515 2170 1559 homini

412 1570 433 1583 φ

340 1587 368 1611 tc
379 1586 396 1610 e
424 1587 450 1610 e.

326 1572 354 1631 f
383 1578 429 1678 ass7
491 1627 661 1682 Alligatus
669 1641 705 1666 er
714 1632 824 1668 vxon'
833 1631 850 1667 ?
859 1641 903 1667 ne
914 1624 1264 1683 quaerasfhlutionem.
1279 1635 1301 1668 S
1304 1628 1413 1668 alufus
1426 1643 1463 1668 es
1472 1627 1514 1667 ab
1524 1640 1638 1667 vxore
1648 1630 1665 1665 ἓ
1675 1641 1720 1666 ne
1730 1642 1863 1681 quaeras
1871 1640 2032 1668 vxorem.

387 1687 431 1723 28
488 1683 632 1738 dest
640 1688 744 1724 ettam
755 1686 899 1724 duxeris
908 1699 1069 1730 vxorem,
1078 1685 1306 1742 nonpeccasti:
1318 1685 1395 1741 &fi
1403 1685 1656 1740 nupseritvirgo
1666 1714 1676 1731 ,
1686 1697 1759 1724 non
1761 1691 1931 1740 peccauit:
1956 1694 2109 1726 attamen
2118 1684 2170 1740 af:

313 1739 510 1795 flidlionem
520 1745 558 1780 in
569 1755 668 1781 carne
679 1739 850 1780 habebunt
858 1738 1033 1793 eiusmodi.
1044 1749 1114 1798 Ego
1123 1753 1236 1782 autem
1245 1739 1462 1798 vobisparco.

374 1833 407 1863 25
448 1825 501 1856 De
511 1820 702 1869 virginibus.)
740 1822 841 1856 Redit
852 1833 943 1856 nunc
952 1822 993 1855 ad
1002 1824 1235 1857 tracstationem
1247 1823 1420 1869 coniugii,
1441 1823 1480 1856 de
1491 1835 1560 1869 quo
1571 1819 1821 1861 dicerefexorsus
1837 1832 1905 1855 erat
1914 1823 2014 1857 initio
2034 1825 2164 1871 capitis.

324 1870 432 1916 Qod
444 1882 555 1905 autem
567 1883 658 1905 nunc
673 1871 821 1905 dictutus
833 1870 877 1904 est
886 1893 896 1908 ,
907 1872 972 1904 iam
983 1873 1149 1917 attigerat,
1170 1869 1222 1904 sed
1231 1870 1375 1905 breuiter
1387 1874 1420 1905 ὃ(
1432 1868 1639 1906 subobscure:
1658 1872 1801 1919 apertius
1811 1883 1891 1918 ergo
1901 1869 2017 1906 definit
2027 1872 2108 1918 quid
2127 1873 2170 1908 de

324 1921 517 1966 virginitate
527 1917 652 1953 sentiat:
664 1918 715 1952 sed
726 1922 804 1965 quia
816 1931 864 1953 res
874 1920 917 1953 est
927 1917 1102 1959 lubrie2,&
1116 1918 1214 1966 plena
1224 1917 1473 1956 difficultatum,
1487 1917 1545 1954 sub
1558 1920 1755 1954 conditione
1765 1917 1890 1967 semper
1902 1919 2104 1966 loquitur‚vt
2115 1923 2167 1955 vi—

324 1967 488 2001 debimus.
507 1970 662 2014 Virgines
672 1966 728 2001 h‘ic
739 1980 800 2014 pro
813 1965 879 2015 ipsa
889 1969 1081 2014 virginitate
1090 1970 1229 2015 accipio.
1242 1969 1281 2002 de
1293 1980 1329 2000 ea
1332 1971 1650 2017 preceptum'Domim
1660 1965 1771 2001 habere
1775 1967 1812 2010 fi
1822 1978 1939 2014 negat:
1951 1970 2030 2014 quia
2039 1967 2168 2015 nusqui

325 2018 523 2063 pronuntiat
536 2017 626 2049 Deus
639 2018 672 2049 in
683 2017 870 2062 Scriptum,
885 2017 945 2062 qui
954 2028 1145 2063 permanere
1156 2015 1284 2050 caelibes
1295 2016 1444 2050 debeant:
1459 2018 1529 2050 imo
1540 2019 1654 2064 potius
1664 2028 1770 2063 quum
1781 2018 1948 2063 Scriptura
1958 2017 2056 2054 dicat,
2067 2018 2169 2052 Crea-¹

325 2076 378 2098 tos
389 2063 448 2098 effe
462 2062 644 2098 masculum
657 2067 691 2097 δε
701 2062 877 2097 foeminam
886 2064 994 2102 simul,
1007 2065 1135 2099 videtur
1144 2077 1262 2098 omnes
1272 2064 1423 2112 peraeque
1435 2068 1468 2098 &
1480 2064 1546 2098 sine
1569 2067 1765 2112 exceptione
1775 2077 1892 2098 vocare
1900 2064 1939 2098 ad
1949 2067 2166 2113 coniugium:

325 2109 438 2146 saltem
449 2115 579 2147 nemini
589 2109 725 2159 vsquani
737 2112 893 2146 indicitur
903 2123 959 2146 aut
969 2113 1224 2147 commendatur
1233 2112 1411 2147 caelibatus.
1439 2113 1639 2156 Confiliumfi
1651 2112 1725 2146 dare
1736 2114 1904 2149 dicit‚non
1916 2113 2007 2158 quod
2017 2111 2055 2147 fit
2064 2112 2163 2149 instat

325 2160 542 2209 problematis
551 2184 560 2198 ‚
572 2173 608 2195 ac
620 2159 706 2194 nihil
716 2159 767 2193 vel
779 2173 895 2208 parum
905 2159 1089 2195 stabilitatis
1107 2161 1225 2195 habeat
1236 2187 1245 2202 ‚
1265 2160 1316 2195 sed
1327 2160 1465 2207 quodsi:
1475 2173 1602 2196 certum
1613 2174 1649 2196 ac
1661 2161 1727 2196 fine
1739 2161 1963 2195 controueriia
1972 2163 2168 2198 tenendum.

324 2211 364 2243 Et
374 2222 501 2244 nomen
512 2222 582 2256 quo
593 2212 706 2246 vtitur‚
714 2212 816 2249 γνώμη,
827 2222 899 2243 non
910 2208 1088 2244 consilium
1099 2210 1202 2244 modi>
1211 2234 1220 2247 ‚
1242 2208 1292 2244 sed
1302 2209 1498 2245 sententiam
1511 2208 1681 2257 fignificat.
1707 2210 1810 2244 Porro
1824 2208 1904 2243 hinc
1915 2221 2083 2257 perperam
2095 2209 2169 2245 col-

326 2257 437 2305 ligunt
445 2259 590 2305 Papistae,
603 2269 690 2291 extr-2
701 2257 840 2292 verbum
852 2257 949 2292 licere
960 2258 1126 2305 progredi,
1141 2271 1246 2305 quum
1259 2257 1378 2293 Paulus
1392 2257 1478 2292 nihil
1490 2260 1600 2292 minus
1611 2260 1821 2305 cogitauerit,
1834 2261 1935 2303 quam
1946 2257 2037 2292 verbi
2046 2259 2112 2293 Dei
2122 2258 2166 2294 li-

327 2309 424 2341 mites
434 2305 602 2340 trausilite:
615 2318 692 2340 narn
702 2304 802 2352 siquis
811 2308 949 2353 propius
959 2307 1210 2345 animaduertat,
1220 2306 1344 2341 videbit
1353 2306 1494 2341 Paulum
1504 2307 1591 2341 nihil
1602 2306 1657 2341 hic
1668 2305 1823 2354 proferre,
1830 2306 1921 2351 quod
1930 2319 2002 2339 non
2014 2306 2165 2356 comple-

325 2368 385 2389 xus
396 2354 432 2389 sit
444 2352 669 2389 Christussuis
680 2354 785 2388 verbis
795 2355 881 2402 apud
892 2355 1100 2389 Matthaeum:
1111 2353 1164 2389 sed
1176 2368 1233 2403 per
1243 2357 1503 2403 occupationem
1512 2354 1643 2395 fatetur,
1653 2354 1682 2388 se
1693 2367 1764 2389 non
1773 2353 1891 2388 habere
1901 2365 2029 2389 certum
2038 2354 2165 2391 Domi·

327 2406 364 2439 ni
375 2414 575 2453 praeceptum
587 2405 621 2437 in
634 2403 731 2450 Lege,
743 2404 836 2449 quod
846 2402 981 2437 definiat
991 2406 1129 2450 quinam
1140 2406 1340 2451 coniugium
1349 2401 1507 2451 suscipere
1517 2427 1527 2441 ,
1538 2414 1594 2437 aut
1612 2416 1683 2437 non
1695 2404 1855 2449 attingere
1872 2401 2023 2437 debeant.
2051 2405 2116 2438 Mi
2129 2418 2166 2439 e-

328 2450 495 2487 ricordzam
509 2453 714 2495 confiquutus,
728 2451 938 2498 vtfimfidelts.
991 2452 1239 2486 Authoritatem
1251 2451 1312 2487 suae
1323 2450 1490 2486 sententia:
1500 2452 1658 2486 conciliat
1668 2477 1678 2491 ,
1701 2464 1742 2484 ne
1751 2452 1863 2496 quiuis
1876 2450 1934 2485 sibi
1959 2451 2092 2486 licitum
2105 2451 2166 2488 effe

329 2511 423 2548 putet
434 2513 506 2534 eam
519 2500 700 2548 repudiare,
709 2498 731 2533 si
742 2498 834 2533 velit.
847 2500 960 2546 Loqui
971 2502 1063 2534 enim
1072 2499 1102 2534 se
1111 2514 1182 2535 non
1192 2512 1227 2534 vt
1237 2501 1424 2538 hominem,
1441 2498 1493 2533 sed
1512 2510 1546 2533 vt
1558 2498 1662 2534 fidum
1673 2497 1818 2534 Ecclefiae
1829 2499 2003 2535 douorem
2018 2503 2052 2534 δε
2062 2500 2167 2535 Chri-

330 2550 370 2582 sti
385 2549 586 2595 Apostolum
597 2545 710 2582 affetu.
722 2547 788 2582 hoc
801 2548 858 2581 suo
871 2561 974 2585 more,
987 2550 1050 2582 Dei
1062 2547 1290 2583 misericordiae
1300 2548 1396 2583 refert
1405 2557 1577 2595 acceptum
1595 2571 1604 2586 ‚
1618 2549 1697 2594 quia
1706 2560 1776 2581 non
1792 2546 1937 2594 vulgaris
1950 2548 1994 2582 est
2001 2547 2125 2587 honor,
2135 2551 2167 2584 i-

332 2597 390 2631 mo
401 2594 548 2643 superior
562 2598 718 2631 humanis
728 2595 888 2630 omnibus
900 2598 1036 2630 meritis.
1051 2597 1144 2631 Vnde
1156 2608 1513 2644 apparet,quaecunque
1523 2595 1717 2631 humanitus
1729 2597 1862 2630 inueeta
1870 2595 1993 2631 fuerint
2004 2598 2039 2630 in
2051 2596 2166 2633 Eccle-

331 2643 423 2681 fiam,
436 2644 522 2679 nihil
532 2644 651 2680 habere
661 2645 740 2679 huic
750 2643 843 2678 Pauli
854 2643 992 2678 consilio
1002 2642 1110 2679 affine.
1125 2646 1228 2679 Porto
1240 2646 1369 2684 Fidelis,
1382 2645 1437 2680 hic
1447 2656 1594 2679 veracem
1606 2642 1785 2691 fignificat,
1814 2645 1873 2689 qui
1883 2657 1954 2679 non
1965 2644 2093 2679 tantum
2105 2648 2167 2694 pio

331 2692 407 2728 zelo
418 2694 486 2740 agit
505 2693 596 2739 quod
607 2695 675 2740 agit
685 2716 694 2730 ‚
708 2692 759 2726 sed
770 2695 868 2727 etiam
880 2691 1015 2727 scientia
1035 2695 1188 2739 praeditus
1199 2694 1242 2727 est
1252 2706 1287 2727 vt
1297 2694 1379 2742 pure
1394 2697 1427 2728 &
1445 2692 1583 2727 fideliter
1592 2693 1718 2727 doceat.
1747 2691 1868 2739 Neque
1877 2695 1969 2728 enim
1981 2694 2017 2729 in
2026 2694 2166 2730 deuote

332 2739 454 2776 sufficit
464 2740 533 2775 bon
539 2754 574 2775 us
585 2739 793 2779 animusmisi
803 2740 882 2775 adsit
893 2741 1066 2788 prudentia
1077 2745 1109 2775 δε
1122 2743 1187 2775 veri
1198 2744 1361 2788 cognitio.

383 2793 424 2823 26
461 2788 605 2823 Arbttror
613 2793 702 2837 zgitur
711 2789 767 2822 hoc
776 2788 883 2822 bonum
892 2788 970 2833 effe.)
985 2791 987 2793 ’
1000 2788 1063 2823 Etsi
1073 2789 1164 2823 hunc
1174 2789 1288 2823 locum
1300 2788 1392 2823 Pauli
1402 2788 1494 2823 aliter
1503 2801 1596 2824 verto
1606 2790 1708 2837 quarn
1716 2786 1938 2829 Erasmus,aut
1947 2789 2049 2824 Vetus
2060 2791 2165 2826 inter-

334 2850 418 2887 pres:
428 2835 520 2872 sensu
531 2849 640 2872 tamen
652 2837 692 2871 ab
704 2837 768 2871 illis
778 2837 865 2872 nihil
874 2835 1000 2872 differo.
1010 2839 1061 2871 Sic
1073 2837 1122 2871 illi
1131 2838 1286 2871 diuidunt
1296 2837 1393 2871 verba
1402 2837 1495 2871 Pauli
1508 2864 1517 2878 ‚
1533 2849 1567 2872 vt
1578 2837 1629 2872 bis
1639 2839 1727 2872 idem
1738 2847 1902 2884 repetatur
1913 2849 1920 2871 ;
1931 2848 1994 2883 ego
2003 2846 2114 2872 autem
2126 2851 2166 2873 v-

332 2899 413 2922 nain
421 2885 551 2920 tanturn
564 2885 828 2933 propositionem
839 2884 935 2920 facio.
949 2899 1057 2932 neque
1069 2886 1100 2920 id
1112 2884 1177 2920 fine
1187 2885 1336 2921 authore:
1347 2884 1466 2931 sequor
1475 2889 1564 2920 enim
1574 2887 1698 2920 vetusta
1709 2890 1742 2919 &
1755 2884 1898 2932 probatae
1911 2882 1986 2918 fidei
1996 2885 2166 2934 exempla-

333 2937 392 2973 ria,
405 2947 478 2981 quae
489 2932 684 2968 sententiam
695 2934 772 2967 colo
782 2935 911 2968 tantum
923 2932 1118 2981 interposito
1128 2945 1321 2968 contexunt.
1331 2932 1447 2967 Sensus
1460 2934 1503 2967 est
1513 2960 1522 2973 ‚
1542 2936 1615 2980 Ego
1625 2934 1776 2980 expedire
1788 2931 1948 2970 arbitror,
1984 2944 2096 2981 ropter
2104 2947 2166 2970 ne-

333 2981 512 3017 ceffitatern
528 2981 705 3028 quasaneti
724 2985 757 3015 in
769 2982 830 3016 hac
843 2985 910 3016 vita
928 2993 1085 3029 vrgentur
1096 2981 1238 3030 semper,
1257 2993 1293 3015 vt
1303 2980 1453 3015 libertate
1464 2993 1500 3015 ac
1519 2983 1759 3016 commoditate
1773 2979 1939 3015 caelibatus
1960 2944 2111 3017 guantur
2121 2996 2161 3020 o-

336 3044 448 3066 mnes:
468 3033 630 3077 quoniam
643 3030 707 3064 hoc
720 3029 786 3063 illis
795 3031 1005 3064 conduceret.
1023 3031 1126 3064 Porro
1138 3030 1211 3065 sunt
1221 3033 1280 3077 qui
1292 3030 1512 3074 Neceffitatem
1520 3029 1659 3063 referant
1670 3030 1709 3063 ad
1722 3028 1877 3076 Apostoli
1889 3027 2034 3064 seculum
2045 3057 2056 3071 ,
2072 3031 2166 3078 quod

335 3081 422 3115 certe
433 3081 496 3127 piis
505 3075 823 3114 turbulentissimum
836 3077 914 3112 fuit:
930 3077 982 3112 sed
1000 3079 1085 3112 mihi
1101 3080 1229 3113 videtur
1238 3077 1402 3125 designare
1416 3080 1529 3126 potius
1539 3075 1678 3113 voluiise
1696 3078 1965 3124 inquietudinem
1976 3090 2041 3127 qua
2061 3076 2166 3123 sancti

336 3127 497 3175 perpetuo
507 3129 542 3161 in
555 3125 701 3174 praesenti
719 3128 787 3160 vita
806 3129 979 3162 iactantur.
995 3127 1156 3172 Itaqucad
1166 3129 1281 3162 omnia
1291 3125 1396 3168 secula
1405 3127 1545 3161 extendo
1559 3139 1567 3159 ι
1579 3137 1677 3172 atque
1687 3128 1731 3159 ita
1741 3127 1891 3172 accipio,
1912 3124 2040 3162 sanctos
2050 3125 2166 3175 susque

335 3175 442 3221 deque
452 3174 566 3210 versari
574 3173 688 3223 saepius
696 3176 733 3209 in
741 3185 825 3209 tetta
833 3199 842 3212 ,
854 3178 889 3208 δε
901 3174 1014 3210 multis
1025 3173 1185 3222 variisque
1196 3175 1351 3224 procellis
1362 3173 1421 3210 else
1432 3174 1598 3209 obnoxios
1608 3199 1618 3212 ‚
1639 3185 1673 3207 vt
1684 3175 1826 3209 minime
1844 3175 1884 3208 ad
1894 3177 2094 3222 coniugium
2104 3188 2165 3223 ap-

337 3223 442 3269 posita
461 3221 520 3258 esse
532 3224 678 3259 videatur
701 3235 818 3258 eorum
832 3223 997 3258 conditio.
1026 3223 1189 3260 Particula
1199 3248 1210 3262 ,
1228 3225 1279 3257 Sic
1289 3226 1342 3270 effe
1352 3247 1362 3261 ,
1378 3221 1539 3270 fignificat
1552 3234 1683 3258 manere
1704 3224 1738 3256 in
1751 3221 1922 3260 caelibatu,
1934 3222 1987 3258 vel
2001 3223 2164 3261 abstinere

337 3273 358 3306 ὲ
365 3274 540 3318 coniugio.

384 3328 424 3361 27
462 3321 626 3368 Alligatus*
635 3333 667 3354 es
675 3323 795 3365 vxorn)
830 3319 895 3355 Vbi
906 3319 1080 3368 proposuit
1090 3321 1171 3367 quid
1182 3315 1490 3355 commodissimum
1500 3316 1728 3359 foret‚subiicit
1739 3330 1851 3354 tamen
1861 3329 1924 3354 nos
1934 3322 2065 3355 moueri
2074 3319 2165 3357 caeli-

335 3364 431 3403 batus
442 3370 631 3405 commodis
640 3383 711 3404 non
722 3369 848 3407 debere,
858 3380 893 3406 vt
900 3370 1054 3417 coniugii
1066 3368 1242 3405 vinculum
1252 3371 1394 3405 excutiat
1404 3371 1463 3416 qui
1473 3381 1513 3404 eo
1522 3368 1698 3404 deuinctus
1709 3368 1762 3403 est.
1791 3368 1844 3406 Est
1862 3370 1965 3417 igitur
1976 3368 2163 3405 moderatio

2049 3420 2165 3469 proxi·-
