2268 3705
0 573 92 623 42&
105 586 214 613 ‹ir-‘m
232 588 237 599 ¹

66 702 240 741 Getae-[1223.

261 109 328 148 270
723 86 1638 142 .INII·EPIST·PAVLI'

271 172 362 208 est‚Si
371 181 450 203 vero
461 167 569 202 cordis
580 164 699 202 affeetu
709 167 869 200 enitimur
878 166 919 200 ad
927 163 1129 201 beneficium
1141 162 1382 209 redemptionis
1394 187 1404 202 ,
1416 161 1603 196 cauendum
1613 158 1656 193 est
1665 172 1707 194 nc
1718 172 1787 207 quo
1798 159 1941 197 sordium
1952 167 2110 201 eontaCtu

274 232 337 254 iios
348 220 576 264 inquinemus.

323 270 356 301 18
409 269 469 299 Ero
477 263 565 299 vobzs
573 267 605 298 in
619 265 768 306 Patrem.)
780 263 862 298 Non
872 275 941 296 vno
950 259 1080 296 tantum
1090 259 1167 295 loco
1180 270 1276 296 extat,
1284 257 1335 294 sed
1346 256 1461 307 paffim
1473 260 1630 306 repetitur
1641 257 1710 294 haec
1720 255 1910 305 promissio:
1923 271 2021 305 quam
2035 262 2109 296 ideo

275 316 426 350 adiunxit
436 314 556 349 Paulus
568 340 578 354 ‚
591 323 625 347 vt
634 314 763 359 agnitio
776 323 873 346 tantae
892 311 1097 356 dignationis
1110 312 1146 342 in
1159 320 1260 354 quam
1281 320 1344 342 nos
1354 309 1462 342 euexit
1474 308 1568 341 Deus
1580 333 1591 347 ,
1601 306 1751 341 stimulus
1761 305 1861 340 nobis
1871 305 1944 341 effer
1954 308 1994 341 ad
2005 312 2110 344 maius

275 364 505 399 ianetimoniae
518 362 672 398 studium.
693 373 771 395 nam
782 359 838 393 vbi
847 356 1022 393 Ecclesiam
1033 356 1122 391 suam
1134 369 1171 390 ex
1182 354 1330 404 profanis
1348 354 1513 393 Gentibus
1524 354 1699 391 collectam
1708 356 1799 389 Deus
1809 355 1949 389 restituit
1957 378 1968 393 ,
1979 357 2109 390 redem-

276 415 432 461 ptionem
441 408 586 458 sequitur
597 410 652 444 hic
663 408 789 442 fruetus
802 431 813 445 ‚
821 418 857 440 vt
868 405 976 440 fideles
987 417 1164 453 appareant
1175 407 1245 439 eius
1257 403 1315 450 filij
1325 416 1362 439 ac
1372 402 1457 439 filiae'.
1469 405 1552 438 Non
1565 404 1609 438 est
1619 402 1762 450 vulgaris
1775 403 1884 438 honor
1893 427 1904 441 ‚
1916 402 2037 441 censeri
2047 419 2112 440 nos

277 463 363 497 inter
374 459 462 495 filios
472 462 547 494 Dei.
557 456 707 494 nostrum
719 456 762 490 est
771 452 910 490 vicissim
920 466 1032 488 curare
1042 468 1083 488 ne
1100 454 1274 502 degeneres
1293 466 1356 488 nos
1374 454 1404 486 ei
1416 450 1502 487 filios
1525 452 1721 500 praestemus.⁴
1741 464 1900 498 quantam
1920 455 2010 491 enim
2022 455 2111 488 iniu—

277 513 361 544 tiam
372 509 470 543 facim
476 521 511 542 us
521 509 607 542 Deo,
622 504 644 539 si
654 517 730 538 eum
742 503 930 538 nominites
941 503 1250 550 patrcin‚idoloruin
1261 500 1571 536 abominationibus
1581 513 1643 535 nos
1652 498 1825 534 foedamus?
1834 499 1942 536 Debet
1951 503 2054 548 igitur
2063 504 2111 536 ti*

277 570 316 593 tae
329 557 517 593 nobilitatis
526 556 567 588 ad
576 566 677 600 quam
687 564 750 586 nos
760 548 1299 598 extulit,cogitatio‚sanstimoiiiae
1309 562 1345 584 ac
1355 551 1505 596 puritatis
1515 548 1658 583 studium
1671 550 1706 583 in
1720 547 1818 586 nobis
1828 561 1952 584 acuere.

292 604 338 640 7(1
388 600 466 640 Has
472 608 561 652 igitur
575 601 794 650 promtsn'ones.
810 603 820 644 )
859 601 953 634 Deus
967 602 1002 633 in
1014 598 1077 634 suis
1088 596 1360 647 promissionibus
1373 610 1460 631 mera
1468 599 1603 643 quidem
1615 595 1668 631 sua
1679 599 1782 644 gratia
1791 602 1856 632 'nos
1865 600 2042 646 anticipat:
2057 598 2109 634 sed

277 657 451 704 postquam
462 651 560 687 nobis
571 650 660 684 suam
672 650 810 697 gratiam
821 648 908 683 vltro
921 647 1218 688 detulit,continub
1229 648 1300 695 post
1313 646 1484 694 stipulatur
1493 649 1510 679 ii
1522 644 1619 680 nobis
1631 656 1783 680 mutuam
1790 647 2037 693 gratitudinem.
2062 651 2111 682 lta

276 704 369 751 quod
379 700 507 736 dicebat
519 698 675 736 Abrahae,
691 699 762 745 Ego
773 694 844 732 sum
854 698 949 731 Deus
959 707 1115 734 tuus‚erat
1125 698 1271 743 gratuitae
1282 695 1442 730 bonitatis
1454 697 1623 731 imitatio,
1634 693 1882 742 stipulationem
1894 707 2004 730 tamen
2015 695 2112 732 fimul

277 751 412 787 addebat
423 774 432 787 ,
445 747 592 784 Ambula
602 759 714 782 coram
725 759 789 783 me,
805 751 838 780 &
850 746 917 780 esto
928 747 1066 792 integer.
1093 746 1185 789 Qu
1194 755 1303 778 autem
1316 757 1385 778 non
1396 743 1520 790 semper
1531 745 1726 791 exprimitur
1735 740 1914 777 secundum
1926 744 1990 779 hoc
2001 758 2111 784 mem-

275 801 374 835 brum
384 822 394 836 ,
406 797 527 832 Paulus
537 797 697 831 admonet
707 794 792 830 hanc
803 791 922 829 subeffe
932 796 1164 828 conditionem
1182 791 1339 826 vniuersis
1348 790 1620 840 promistionibus
1628 815 1639 829 ‚
1647 802 1682 825 vt
1691 791 1790 826 nobis
1800 791 1840 825 ad
1858 793 2111 839 prouehendam

277 851 345 884 Dei
358 847 500 894 gloriam
520 844 581 880 sint
600 846 831 879 incitamenta.
839 843 933 877 Vnde
943 845 1034 877 enim
1044 842 1082 876 ad
1093 855 1155 876 nos
1166 844 1265 876 extim
1271 841 1409 875 ulandos
1430 851 1666 887 argumentum
1680 837 1800 876 sumit?
1810 852 1849 874 ex
1868 853 1908 874 eo
1918 841 2010 888 quod
2021 852 2111 877 tanta

276 898 418 932 honoris
428 893 651 943 amplitudine
662 894 755 926 Deus
763 904 824 926 nos
843 892 1007 939 dignatur.
1023 892 1103 925 Haec
1121 892 1183 938 igit
1189 902 1225 924 ur
1235 888 1493 938 promissionum
1505 900 1620 923 natura
1632 915 1643 928 ,
1651 899 1686 922 vt
1695 896 1758 924 nos
1766 889 1806 923 ad
1814 884 2110 925 sanctificationem

275 956 401 980 vocent
410 971 420 986 ‚
436 942 525 990 quasi
535 944 633 977 tacita
643 943 799 989 pastione
810 941 827 973 a
838 941 913 974 Deo
925 938 1126 987 interposita.
1138 944 1171 973 &
1181 937 1259 973 scim
1265 951 1301 972 us
1311 938 1391 985 quid
1402 935 1515 985 paffim
1526 938 1564 971 de
1575 936 1639 971 fine
1650 937 1890 984 redemptionis
1899 938 2016 973 nostrat
2025 936 2123 973 Scriss

277 1005 374 1043 ptura
383 991 606 1038 doceat,quod
616 990 702 1024 idem
713 989 751 1022 ad
762 987 889 1036 singula
899 991 1009 1036 gratiae
1018 991 1087 1022 eius
1096 988 1286 1022 testimonia
1295 999 1405 1034 aptare
1414 989 1585 1021 conuenit.
1623 984 1678 1019 Ab
1686 988 1766 1019 omni
1773 987 1998 1030 inquinamento
2007 999 2112 1023 camus

277 1048 317 1083 (ῥ’
328 1042 560 1091 Spiritus.Qia
571 1041 637 1072 iam
647 1037 801 1074 ostendit,
809 1049 871 1071 nos
881 1037 920 1070 ad
932 1037 1134 1070 munditiem
1145 1047 1280 1070 vocatos
1293 1035 1456 1069 effetnunc
1467 1035 1636 1072 addit‚tani
1646 1036 1680 1069 in
1692 1046 1831 1082 corpore
1842 1035 1944 1082 quam
1953 1037 1989 1070 in
1998 1037 2112 1071 anima

276 1102 431 1140 oportere
440 1102 511 1123 eam
522 1085 680 1134 conspici.
693 1098 772 1120 nam
782 1085 874 1132 quod
893 1098 1020 1119 nomen
1032 1085 1151 1119 Carnis
1162 1082 1217 1118 hic
1227 1095 1288 1132 pro
1298 1095 1438 1130 corpore
1448 1106 1458 1122 ‚
1473 1095 1600 1117 nomen
1612 1085 1752 1130 Spiritus
1762 1093 1822 1130 pro
1833 1085 1945 1117 anima
1953 1082 2111 1124 sumatur,

275 1140 353 1174 inde
364 1139 547 1187 patettquia
557 1133 579 1169 fi
589 1137 729 1181 gratiam
740 1135 1000 1181 regenerationis
1010 1131 1206 1180 significaret
1218 1144 1344 1166 nomen
1354 1133 1494 1178 Spiritus
1506 1155 1514 1168 ‚
1523 1131 1660 1165 absurdi‘i
1671 1129 1745 1165 effer
1754 1131 1848 1166 Pauli
1856 1132 1984 1167 dietum
1996 1133 2037 1166 de
2046 1132 2112 1180 spi*

272 1191 355 1223 ritus
367 1185 642 1233 inquinamentis.
655 1182 737 1217 Vult
747 1195 826 1228 ergo
838 1195 900 1216 nos
909 1180 970 1216 else
977 1194 1080 1230 puros
1094 1181 1134 1215 ab
1147 1182 1412 1228 inquinamentis
1422 1203 1431 1216 ‚
1443 1193 1463 1213 n
1469 1192 1514 1214 on
1528 1180 1633 1214 modo
1644 1179 1858 1214 interioribus
1869 1206 1880 1220 ,
1891 1193 1964 1227 quat
1975 1180 2110 1216 tantum

271 1236 397 1273 habent
406 1237 518 1269 Deum
533 1230 714 1269 testem‚sed
725 1233 824 1265 etiam
835 1243 869 1264 ex
875 1233 1064 1277 tetiiis‚quae
1074 1230 1197 1264 cadunt
1206 1228 1262 1263 sub
1272 1226 1398 1263 sensum
1409 1228 1601 1263 hominum.
1613 1227 1674 1262 acsi
1683 1228 1902 1269 diceret,Non
1916 1229 2047 1265 tantum
2057 1242 2112 1265 ca-

272 1286 333 1321 stas
344 1283 523 1319 habeamus
535 1280 752 1316 conscientias
763 1291 875 1314 coram
886 1278 1030 1317 Deo‚sed
1040 1289 1152 1312 totum
1164 1280 1262 1313 etiam
1272 1290 1393 1325 corpus
1403 1270 1616 1324 membri'ique
1627 1278 1742 1311 omnia
1751 1275 1801 1311 illi
1811 1275 1998 1312 consecrare
2011 1278 2109 1312 debe·

272 1344 400 1374 mus,vt
406 1330 499 1366 nulla
508 1332 543 1364 in
554 1340 645 1378 parte
655 1328 758 1363 nostri
767 1339 919 1376 appareat
928 1327 1039 1374 aliqua
1050 1326 1292 1361 immundities.
1304 1329 1373 1360 lam
1383 1325 1406 1360 si
1416 1323 1657 1359 consideremus
1669 1324 1766 1372 quale
1775 1327 1891 1361 tractet
1900 1331 2111 1373 argumentfi,

270 1381 368 1417 facile
379 1379 566 1414 videbimus
577 1390 633 1412 eos
643 1378 745 1412 nimis
755 1376 965 1424 impudenter
975 1375 1088 1412 facere,
1099 1377 1158 1422 qui
1169 1386 1336 1409 externam
1348 1373 1572 1408 idololatriam
1583 1372 1693 1408 nescio
1704 1373 1826 1420 quibus
1836 1372 2046 1422 subterfugiis
2055 1388 2113 1410 ex-

273 1428 398 1465 cusant.
406 1429 497 1464 Nam
508 1439 616 1475 quum
627 1427 766 1460 interior
776 1426 929 1472 impietas
940 1427 973 1458 δε
985 1426 1111 1471 quaeuis
1120 1421 1304 1471 superstitio
1316 1425 1613 1475 inquinamentum
1626 1421 1664 1457 fit
1672 1420 1822 1470 spiritus:
1835 1424 1918 1469 quid
1931 1436 1988 1471 per
1997 1426 2111 1471 inqui-

273 1489 474 1514 namentum
487 1477 593 1511 carnis
606 1474 805 1521 intelligent,
818 1472 879 1508 nisi
888 1478 1055 1508 externam
1067 1474 1245 1520 impietatis
1256 1470 1571 1519 professionern‚iiue
1581 1469 1618 1505 sit
1628 1469 1856 1508 simulata,fiue
1865 1484 1903 1517 ex
1911 1475 2028 1506 animo
2037 1474 2113 1507 eda-

272 1529 342 1561 tur?
353 1525 522 1561 Gloriatur
531 1536 612 1573 pura
621 1521 835 1558 conscientia:
846 1521 927 1556 falso
939 1522 973 1555 id
982 1522 1128 1568 quidem.
1140 1517 1193 1554 sed
1206 1532 1238 1555 vt
1247 1519 1314 1554 illis
1325 1521 1506 1555 concedam
1517 1520 1608 1566 quod
1618 1517 1700 1553 falso
1712 1519 2026 1555 iaistantzdimidium
2036 1532 2113 1556 tan*-

271 1576 347 1610 tum
360 1577 430 1609 eius
446 1572 570 1608 habent
578 1571 669 1619 quod
679 1572 780 1618 exigit
789 1569 910 1604 Paulus
921 1570 939 1604 ὲ
949 1568 1108 1604 fidelibus.
1145 1569 1229 1604 Non
1241 1570 1284 1603 est
1294 1571 1395 1618 igitur
1405 1569 1498 1615 quod
1506 1570 1581 1602 Deo
1591 1566 1792 1611 satisfactum
1803 1579 1922 1617 putent
1931 1569 1998 1604 hoc
2011 1570 2113 1604 dimi—

275 1624 344 1658 dio.
357 1635 436 1658 nam
447 1623 507 1669 qui
517 1620 620 1655 vllam
629 1621 775 1654 omnino
785 1618 982 1653 idololatria:
992 1617 1134 1666 speciem
1145 1616 1196 1651 vel
1207 1616 1483 1665 significationem
1494 1615 1625 1665 praebet,
1636 1628 1692 1651 aut
1701 1618 1811 1664 prauis
1821 1614 2114 1665 superstitiosisque

270 1671 393 1707 ritibus
407 1671 649 1706 communicat:
658 1670 757 1702 etiam
768 1666 790 1701 fi
800 1669 915 1701 animo
924 1665 962 1701 sit
972 1666 1217 1714 integerrimus,
1230 1667 1336 1713 (quod
1345 1664 1415 1700 fieri
1425 1664 1554 1713 nequit)
1571 1676 1697 1699 reatum
1707 1676 1818 1699 tamen
1828 1664 1952 1713 polluti
1962 1669 2114 1715 corporis

270 1734 343 1756 non
355 1717 416 1755 effu
422 1722 501 1767 giet.
539 1716 1015 1765 Sanc'lficaett'oncmperfi'ciemes.
1058 1717 1177 1761 Qim
1187 1714 1327 1750 verbum
1343 1715 1470 1748 ἔῗι-ιτελῐῐν
1490 1714 1578 1762 apud
1584 1714 1720 1749 Graecos
1730 1726 1821 1750 nunc
1833 1712 1990 1749 Perficere
1999 1740 2010 1758 ‚
2020 1729 2113 1751 nunc

270 1771 387 1804 Sacros
398 1771 479 1802 ritus
489 1778 642 1815 peragere
652 1762 812 1812 significet
833 1777 841 1798 :
862 1763 1027 1812 eleganter
1042 1762 1099 1799 hic
1109 1765 1128 1797 a
1144 1763 1248 1798 Paulo
1258 1762 1430 1812 vsurpatur
1446 1765 1483 1798 in
1492 1764 1596 1811 priori
1613 1760 1855 1810 significatione
1870 1776 1964 1810 ‚quae
1982 1765 2029 1799 est
2049 1763 2112 1799 vsi·

269 1821 371 1852 ratior
387 1832 398 1851 .-
421 1815 463 1851 fic
473 1827 587 1850 tamen
604 1825 641 1849 vt
658 1814 697 1848 ad
707 1811 1013 1849 sanctificationem
1024 1811 1168 1850 alludat,
1189 1814 1228 1846 de
1238 1824 1303 1859 qua
1312 1824 1404 1847 nunc
1420 1814 1652 1847 concionatur.
1704 1812 1795 1844 Nam
1815 1824 1921 1858 quum
1931 1811 2123 1856 μένε-ὥσ·-

268 1879 350 1901 nem
362 1863 456 1904 sonet
465 1891 475 1903 ‚
485 1863 616 1898 videtur
626 1861 685 1898 effe
695 1862 736 1895 ad
746 1859 845 1897 sacras
854 1859 1046 1899 functiones
1058 1860 1210 1897 consulto
1220 1860 1410 1896 transsatum
1419 1884 1429 1899 ,
1442 1873 1484 1908 qu
1490 1861 1533 1894 bd
1543 1863 1577 1894 in
1587 1861 1718 1894 Diuino
1727 1859 1820 1894 cultu
1839 1859 1926 1894 nihil
1938 1860 2112 1900 mutilum,

269 1914 323 1949 sed
334 1916 450 1949 omnia
461 1909 608 1946 absoluta
621 1909 680 1946 eise
689 1911 792 1945 decet.
804 1912 892 1957 Ergo
905 1922 940 1944 vt
949 1922 980 1944 te
992 1913 1052 1944 rite
1063 1907 1244 1944 sanctifices
1253 1911 1394 1948 Deo-,ee
1406 1922 1527 1958 corpus
1538 1913 1572 1944 &
1585 1911 1731 1943 animam
1743 1907 1793 1941 illi
1806 1910 1841 1942 in
1852 1907 1994 1945 solidum
2005 1910 2113 1944 dicare

268 1973 415 2011 oportet.
454 1957 496 2008 Jn
506 1962 612 1993 timore
621 1961 703 1995 ‘Dei-
729 1959 820 1993 Nam
830 1958 852 1992 si
863 1961 972 2006 vigeat
983 1960 1017 1992 in
1030 1956 1129 2003 nobis
1138 1959 1242 1992 timor
1254 1960 1339 1998 Dei,
1352 1971 1423 1995 non
1435 1961 1479 1992 ita
1488 1957 1587 1992 nobis
1598 1955 1847 2004 indulgebimus
1858 1970 1866 1990 ι
1879 1969 1991 2004 neque
2000 1970 2112 1992 etum-

267 2023 325 2059 pct
343 2010 400 2045 illa
409 2032 419 2047 ‚
431 2021 503 2056 quae
513 2010 548 2042 in
560 2007 749 2042 Corinthiis
759 2005 833 2044 fuit,
843 2006 1034 2042 lasciuiendi
1047 2006 1250 2054 audacia.qui
1261 2005 1297 2043 fit
1308 2009 1399 2043 enim
1409 2017 1443 2040 vt
1454 2008 1499 2040 ita
1510 2005 1567 2040 sibi
1577 2005 1728 2053 placeant
1738 2005 1837 2045 multi
1849 2008 1884 2039 in
1894 2017 2027 2044 externa
2037 2007 2108 2042 ido-

267 2059 449 2096 ionum&
461 2055 672 2104 superciliose
683 2066 750 2088 tam
762 2053 898 2089 crassixm
909 2057 1028 2088 vitium
1039 2052 1263 2091 defenditznisi
1275 2057 1353 2100 quia
1363 2056 1440 2092 Deo
1450 2057 1588 2102 impune
1598 2053 1733 2089 illudere
1742 2052 1801 2089 fibi
1811 2055 1985 2088 videntur?
2006 2055 2112 2102 de

267 2107 292 2143 si
302 2110 336 2143 in
346 2107 414 2142 illis
426 2103 588 2154 superaret
597 2106 663 2140 Dei
672 2105 791 2137 timor:
817 2102 921 2139 nullis
938 2101 1218 2150 disputationibus
1239 2105 1347 2138 conen
1355 2127 1366 2142 ,
1384 2105 1495 2150 primo
1506 2104 1613 2138 statim
1624 2114 1800 2139 momento
1810 2101 1941 2137 canillis
1952 2105 2112 2140 omnibus

270 2157 434 2191 cederent.

325 2220 346 2244 a
405 2210 549 2259 Copqces
562 2205 702 2245 estote-2
710 2205 839 2242 nostri:
857 2205 995 2242 nemim
1000 2203 1154 2254 fecimus
1163 2204 1336 2242 iniuriam
1348 2230 1358 2247 ,
1377 2205 1553 2242 neminem
1570 2205 1799 2258 corrupimus,
1818 2205 1995 2242 neminem
2003 2203 2112 2257 frau-

267 2262 444 2303 dataimus÷
1886 2295 1889 2298 .

320 2333 334 2370 3
397 2324 490 2366 Rem
500 2316 577 2355 hoc
597 2315 648 2355 ad
653 2315 977 2357 condemnationem
987 2313 1095 2365 vestri
1105 2315 1178 2354 dico
1190 2330 1198 2353 :
1206 2313 1385 2370 siquidem
1393 2319 1465 2356 iam
1475 2314 1557 2355 ant&
1568 2314 1649 2355 dixi
1666 2311 1768 2354 vobo
1777 2342 1786 2359 ‚
1801 2311 1899 2369 quod
1908 2319 1946 2353 ἐκ
1958 2312 2110 2355 serdibus

268 2373 466 2427 nostrisfitts
477 2373 528 2412 ad
532 2373 825 2413 commoriendum
838 2371 878 2418 ὠ·
889 2370 1159 2412 conuiuendum.
1882 2368 1886 2374 ”
2048 2390 2051 2392 —

326 2446 351 2481 4
407 2437 478 2471 tyrs
477 2430 550 2469 ulta
560 2429 650 2470 mihi
648 2429 786 2480 fiducia
802 2442 886 2484 erga
900 2442 965 2469 vos
976 2457 986 2473 ‚
998 2427 1107 2466 multa
1117 2426 1206 2469 mihi
1221 2427 1386 2483 gloriatio
1398 2428 1442 2467 de
1451 2425 1550 2469 vobo}
1560 2444 1573 2466 .·
1593 2426 1751 2480 impletus
1750 2425 1833 2479 fiam
1847 2425 2111 2480 consolatione.)

254 2487 362 2543 fhpra
374 2487 527 2532 modum,
533 2486 681 2527 exundo·
680 2485 816 2539 gaudio
827 2490 866 2525 in
874 2487 969 2524 omni
982 2482 1209 2525 tribulatione
1217 2483 1338 2541 nostra.

330 2556 348 2593 5
406 2548 543 2584 Etenim
552 2557 661 2597 quum
671 2540 881 2595 venissemus
890 2544 928 2580 in
938 2540 1330 2586 Macedoniam‚nullam
1337 2541 1590 2582 relaxationem
1600 2538 1724 2582 habuit
1731 2554 1807 2580 caro
1817 2539 1928 2595 nostra
1938 2557 1951 2578 .·
1956 2539 2067 2602 fidia
2075 2551 2110 2582 o-

266 2598 544 2652 mnibmfnt'mus
554 2593 780 2653 afflinforok
785 2610 920 2654 pugno,
934 2601 1028 2638 imus
1039 2603 1185 2637 timores.
1855 2596 1860 2599 ’
2037 2600 2041 2602 ’

324 2664 347 2694 6
408 2656 480 2696 Sed
491 2660 553 2710 qui
564 2650 758 2708 consolatur
767 2651 1118 2706 humiles‚consolatus
1132 2654 1180 2704 est
1187 2657 1412 2698 nosDeus,in
1431 2653 1588 2694 aduentu
1604 2656 1683 2696 Titi.

321 2728 347 2764 7
403 2718 572 2765 Reque.)
581 2709 698 2765 foliam
714 2716 754 2751 in
765 2711 924 2750 aduentu
936 2715 1007 2750 eius
1018 2739 1028 2754 ,
1041 2709 1161 2760 sedin
1179 2707 1436 2763 conftlatione)
1451 2725 1558 2763 quam
1579 2721 1749 2766 acceperat
1764 2709 1810 2749 de
1820 2707 1921 2749 vobo}
1935 2737 1947 2754 ‚
1968 2723 2111 2751 annun-

265 2773 361 2810 tians
373 2767 468 2812 nobe&
477 2772 638 2808 vestrum
653 2767 880 2824 defiderium,
900 2771 1038 2807 νεᾶνις
1056 2767 1227 2820 lacrymas
1238 2795 1249 2812 ,
1266 2770 1427 2807 ves‘t‘rum
1452 2768 1608 2809 studium
1610 2780 1674 2825 pro
1683 2781 1760 2807 me:
1775 2772 1825 2808 ita
1846 2768 2011 2820 vtmagch
2018 2780 2111 2821 gau-

268 2828 398 2866 derem.
933 2855 939 2860 .

312 2894 334 2915 -2
386 2882 412 2912 C
414 2891 526 2928 apaces
535 2877 653 2921 estote.)
672 2881 795 2914 lterum
808 2880 826 2913 ὲ
834 2858 986 2914 doctrina
998 2879 1036 2913 ad
1047 2876 1135 2912 suam
1148 2877 1245 2929 ipsius
1257 2875 1428 2925 personam
1439 2879 1522 2912 redit
1531 2902 1541 2915 ,
1553 2876 1604 2912 scd
1612 2877 1678 2913 lioc
1687 2877 1816 2917 tantum
1827 2876 1980 2918 consilio,
1992 2888 2028 2911 vt
2038 2878 2111 2912 Co-

269 2930 412 2964 rinthios
424 2927 724 2964 admonendomon
738 2927 828 2961 ludat
837 2939 982 2974 operam.
1002 2929 1186 2973 quinetiam
1198 2928 1383 2976 proximam
1394 2927 1663 2963 admonitionem
1682 2926 1804 2961 claudit
1816 2926 1927 2960 eadem
1937 2923 2109 2965 sententia,

268 2992 334 3025 qua
345 2980 416 3011 vice
428 2975 628 3024 praefationis
637 2974 710 3009 vsus
721 2974 834 3011 fuerat.
855 2976 949 3022 Qid
961 2978 1051 3009 enim
1062 2975 1116 3013 est,
1125 2976 1244 3023 Capite
1255 2988 1329 3014 nos,
1340 2973 1392 3011 vel
1404 2975 1550 3024 Capaces
1561 2974 1661 3008 estote
1680 2975 1797 3009 nostri?
1819 2975 1956 3022 perinde
1967 2974 2052 3010 valet
2061 2986 2111 3009 at-

268 3040 333 3073 quc
345 3025 645 3066 illiid‚Dilatamini
659 3037 666 3057 :
679 3023 742 3057 hoc
754 3022 919 3060 cst,nolite
930 3025 1141 3058 committere
1153 3035 1188 3057 vt
1223 3025 1292 3056 rani
1302 3020 1511 3060 affectarunt
1526 3021 1654 3056 finisti-ae
1665 3025 1844 3075 opiniones
1854 3035 1913 3057 vos
1927 3024 2112 3072 impediant

268 3077 453 3120 quominus
464 3076 498 3107 in
509 3074 640 3107 animos
652 3073 772 3106 vestros
784 3082 932 3119 penetret
943 3072 1011 3106 haec
1021 3072 1184 3109 doctrina,
1199 3036 1380 3117 sociamque
1391 3073 1424 3105 in
1437 3071 1533 3107 vobis
1545 3073 1691 3122 reperiat.
1710 3071 1800 3105 Nam
1812 3074 1879 3120 quii
1890 3083 2029 3120 paterno
2043 3073 2110 3110 stu·

268 3124 326 3156 dio
337 3118 369 3156 i'n
383 3121 521 3156 salutem
531 3121 668 3155 vestram
679 3119 885 3159 incumbam,
899 3121 1076 3166 indignum
1087 3117 1162 3155 eiset
1172 3133 1226 3154 me
1237 3117 1337 3156 surdis
1347 3118 1492 3154 fabulam
1509 3131 1634 3153 canere.
1673 3120 1714 3153 N
1717 3123 1808 3153 emim'
1809 3121 1941 3164 fecimus
1951 3126 2106 3158 iniuriam*

268 3172 416 3204 Testatur
427 3170 552 3204 nullam
564 3167 625 3203 csse
634 3166 763 3202 causam
775 3179 832 3202 cur
841 3166 983 3202 habeant
994 3168 1154 3202 alienatos
1163 3171 1306 3207 animos,
1316 3172 1395 3214 quia
1409 3167 1500 3202 nulla
1511 3170 1544 3202 in
1557 3179 1589 3201 re
1600 3180 1655 3204 eos
1666 3165 1852 3211 offenderit.
1870 3171 1949 3205 Tria
1960 3174 2037 3207 aute
2045 3180 2109 3221 po'ss

269 3221 320 3252 nit
330 3231 446 3264 genera
458 3215 713 3256 offensionutma
723 3215 844 3263 quibus
857 3213 885 3249 se
894 3228 1014 3263 purum
1025 3214 1138 3250 assei-it.
1159 3218 1309 3251 Primum
1320 3216 1364 3250 esi
1375 3215 1543 3253 manifesta
1556 3215 1640 3249 laefio
1652 3215 1702 3249 vel
1724 3219 1856 3252 iniuria.
1869 3216 2021 3259 secundm
2034 3227 2111 3262 corf·

270 3265 396 3312 ruptela
405 3279 475 3311 quae
487 3265 522 3299 fit
532 3278 588 3314 per
599 3263 709 3301 falsam
721 3266 919 3299 doetrinam.
931 3264 1284 3301 tettium‚defmudatio
1294 3277 1351 3299 aut
1360 3266 1592 3300 circunuentio
1605 3266 1639 3298 iri
1649 3262 1760 3299 bonis.
1787 3267 1867 3301 Haec
1877 3271 1938 3302 tria
1947 3265 2024 3304 fiint
2032 3261 2110 3316 quisse

268 3314 329 3348 bus
339 3313 560 3360 vtplurimum
572 3312 678 3348 solent
690 3312 846 3350 Pastore-s,
855 3311 961 3361 plebis
971 3314 1102 3347 animos
1112 3314 1130 3347 a
1141 3310 1171 3347 se
1180 3313 1330 3347 alienare.
1350 3326 1471 3361 nempe
1480 3312 1532 3347 vel
1547 3324 1653 3358 quum
1665 3314 1869 3360 petulantius
1880 3314 1910 3349 se
1917 3320 2037 3364 gerunt
2048 3341 2058 3355 ,
2072 3322 2108 3353 &

267 3364 452 3397 autoritatis
467 3360 527 3397 suae
538 3372 695 3411 pretextu
705 3363 932 3412 erumpuntin
943 3363 1148 3407 tyrannicam
1158 3359 1308 3405 &uitiato
1319 3373 1378 3398 aut
1387 3364 1432 3397 im
1436 3371 1533 3410 portu
1539 3361 1742 3399 nitatem:vel
1755 3375 1860 3410 quum
1871 3377 1926 3399 eos
1938 3363 2064 3400 abducti
2070 3377 2106 3401 nt
