2268 3705
130 181 157 218 ¹3
206 165 283 218 Qua
291 159 412 217 propte}
419 163 498 207 nos.)
519 161 699 208 Postquam
710 161 749 195 de
757 160 816 196 suo
828 162 1013 196 ministerio
1024 160 1187 209 loquutus
1196 160 1383 200 est‚tursum
1393 161 1433 196 ad
1442 159 1744 204 Thessalonicenses
1755 167 1785 205 se
1795 183 1922 210 conuet

80 225 169 258 titzvt
179 219 303 266 semper
315 222 466 250 mutuam
476 210 567 246 illam
578 211 790 244 harmoniam
802 212 898 245 cuius
907 211 984 245 ante
996 212 1152 246 meminit
1161 233 1172 249 ,
1180 211 1406 246 commendet.
1435 212 1527 247 Dicit
1540 226 1618 261 ergo
1631 214 1660 250 se
1670 220 1793 252 Granas
1806 224 1873 255 Deo
1883 236 1923 257 a-
1936 209 1947 248 ἶ

72 282 156 320 gere,
163 265 408 314 qubdsermonem
422 273 462 295 ex
471 272 521 294 ore
521 261 578 304 fico
588 257 728 293 auditum
737 261 879 308 amplexi
880 259 956 306 sint,
969 260 1286 305 tanquaemsemonem
1295 262 1365 295 *Dea
1376 270 1412 293 vt
1423 257 1496 294 ‘ven‘
1505 273 1579 295 erat.
1623 266 1654 297 Si
1658 266 1795 312 gnificat
1807 283 1920 308 autem
1938 255 1942 267 ἱ

79 321 132 355 his
143 316 459 355 vcrbis,reuerenter‚
476 312 510 343 δι
523 320 588 355 qua
598 308 690 342 decet
700 306 1011 348 obedientia‚fuiffe
1022 307 1141 343 abillis
1161 319 1347 356 exceptum.
1376 310 1459 342 Fieri
1471 312 1560 344 enim
1574 324 1645 346 non
1658 317 1764 360 potest
1777 316 1872 353 timul
1884 334 1923 356 ac

79 365 222 403 inualuit
231 363 298 399 haec
308 356 477 409 persuasio,
484 359 567 404 quin
582 355 784 403 obsequendi
795 355 914 403 religio
927 358 1060 392 animos
1068 357 1197 391 nostros
1209 356 1331 391 subeat.
1357 359 1446 404 Qis
1455 361 1546 393 enim
1560 372 1631 394 non
1642 360 1770 397 horreat
1787 367 1860 401 Deo
1871 381 1923 403 re-

80 415 197 451 luctati
207 417 221 446 ?
231 412 304 458 quis
314 421 384 443 non
395 408 494 441 etiam
507 407 568 440 Dei
579 416 816 453 contemptum
826 405 1010 439 detestetur?
1023 405 1130 453 Qod
1144 417 1224 453 ergo
1232 416 1300 440 tam
1313 409 1524 454 contemptui
1536 409 1623 455 apud
1633 408 1809 458 plerosque
1820 415 1923 450 habe-

77 475 134 498 tut
142 460 277 496 verbum
288 458 356 492 Dei
365 481 375 493 ,
387 465 421 489 vt
431 453 528 489 nullo
539 452 604 487 fere
616 456 650 489 in
661 456 770 501 pretio
781 452 833 490 sit,
848 453 941 500 quod
950 452 1049 488 multi
1059 452 1155 488 nullo
1167 458 1289 488 timore
1301 458 1577 502 tanguntur,inde
1587 461 1759 506 contingit
1774 464 1852 507 quia
1863 464 1923 500 fibi

76 523 153 547 cum
164 511 236 544 Deo
248 507 422 554 negotium
435 503 494 538 eil'e
504 515 574 537 non
585 502 896 549 reputant.Proinde
905 514 943 535 ex
953 501 1108 537 hocloco
1120 500 1276 537 discimus
1289 504 1396 550 qualis
1411 504 1598 552 Euangelio
1613 506 1764 542 habenda
1778 511 1816 544 lit
1829 510 1921 549 fides:

73 571 194 605 nempe
203 567 275 604 quae
288 554 328 589 ab
338 553 520 588 hominum
529 554 706 585 autoritate
717 563 788 585 non
802 550 1007 598 pendeansed
1016 562 1109 586 ccrtae
1122 553 1157 584 δε
1169 554 1313 598 cognitae
1327 552 1393 586 Dei
1407 555 1545 587 Veritan
1557 556 1673 590 innixa
1685 556 1780 605 supra
1793 563 1922 596 munda

75 607 106 645 se
114 603 401 649 attollat.denique
412 611 507 636 tantu
513 612 544 634 m
555 598 595 633 ab
607 601 772 647 opinione
782 599 1055 646 distet,quantum
1067 598 1185 634 caelum
1201 600 1218 633 a
1229 601 1569 649 terta.Secundo‚quae
1579 608 1811 646 reuerentiam,
1820 619 1922 644 timo-

75 657 197 693 1em,&
209 652 432 687 obedientiam
445 662 482 684 ex
495 645 524 682 se
538 650 765 695 generetzquia
774 647 931 683 homines
945 648 1080 682 Diuinae
1092 647 1268 681 maiestatis
1279 645 1370 683 sensu
1381 651 1648 697 tastimunquarn
1660 652 1719 688 fibi
1731 666 1807 690 curn
1820 670 1856 691 ea
1867 657 1922 694 lu-

73 704 146 740 dere
158 696 513 750 permittent.Viciffim
524 697 747 730 admonentur
756 695 1048 742 do&otes,nequid
1059 694 1119 731 nisi
1129 698 1317 743 purumDei
1329 695 1514 732 sermonem
1527 700 1671 746 proferre
1683 704 1918 742 audeantznam

72 753 95 788 fi
109 752 173 787 hoc
183 750 315 784 licitum
325 745 428 782 Paulo
443 758 513 780 non
524 744 731 784 fuit‚nemini
742 743 842 778 hodie
853 743 1046 779 erit.Probat
1055 756 1166 781 autem
1175 745 1216 778 ab
1228 743 1457 783 effectibfuiffe
1467 747 1531 780 Dei
1543 747 1729 785 sermonem
1742 766 1843 800 quem
1855 767 1920 790 tra-

74 800 293 846 dideratzquia
302 795 448 832 fructum
460 792 557 837 illum
567 791 698 826 caelestis
707 792 869 826 doerrinae
878 792 1060 840 protulerat
1072 805 1175 840 quern
1186 794 1358 841 Prophetae
1371 797 1611 830 commendant
1621 801 1656 831 in
1677 804 1869 837 renouanda
1880 816 1921 839 ω

0 836 20 880 ,ι
73 862 149 886 tum
160 849 320 884 vitaznam
332 844 513 879 hominum
523 841 677 876 dosttiiia
687 839 773 874 nihil
785 839 848 874 tale
858 839 970 887 posset.
992 840 1187 876 Relatiuum
1202 855 1329 876 nomen
1342 854 1409 877 tam
1420 844 1495 877 Deo
1506 846 1607 890 quam
1622 845 1766 883 sermoni
1777 853 1846 885 eius
1858 865 1919 900 ap-

3 904 24 924 -:
71 899 134 934 “ti
148 894 263 945 potest.
289 893 354 927 Sed
368 892 531 927 vtrumuis
542 888 655 936 eligas,
667 887 783 923 eodem
795 889 914 923 redibit
924 889 1041 923 sensus:
1058 902 1137 924 nam
1150 902 1256 936 quum
1271 904 1306 925 in
1318 889 1347 925 se
1357 888 1661 928 Thessalonicenses
1672 896 1833 934 Diuinarn
1846 914 1918 936 vim

4 952 6 954 ’
19 967 24 972 -
73 947 315 988 sentirent,quae
329 953 366 975 ex
377 939 439 974 fide
450 937 752 976 manabat‚statuere
762 948 915 985 poterant
925 950 997 972 non
1007 939 1189 972 euanidum
1202 937 1293 973 fuisse
1305 940 1458 975 humanae
1467 944 1560 975 vocis
1572 939 1719 977 sonitum
1732 957 1831 991 quem
1842 961 1917 996 pes.

74 990 298 1042 ceper‘ant‚sed
307 992 420 1035 vitiam
433 991 467 1023 &
478 985 645 1022 efficacem
655 986 842 1020 doctrinam
854 984 1084 1034 Dei.Qodad
1094 985 1192 1020 verba
1202 985 1322 1035 spectat
1331 1011 1340 1026 ,
1354 990 1467 1024 Sermo
1478 990 1723 1037 praedicationis
1735 994 1818 1036 Dei,
1830 997 1917 1032 111th

73 1042 164 1078 aliud
174 1041 217 1075 est
227 1039 328 1087 quam
342 1037 448 1073 sermo
458 1037 523 1070 Dei
533 1034 726 1083 ptaedicatus
738 1033 777 1068 ab
789 1033 980 1076 homine‚vt
990 1035 1126 1069 reddidi.
1152 1036 1270 1071 Voluit
1281 1040 1372 1071 enim
1383 1038 1503 1072 Paulus
1516 1041 1722 1074 nominatim
1736 1048 1918 1089 exprimere

75 1086 367 1136 contemptibilem
378 1085 466 1132 apud
477 1097 533 1118 eos
545 1096 616 1117 non
632 1079 724 1116 fuiffe
733 1081 1015 1120 doetrinannlicet
1024 1082 1064 1118 ab
1075 1095 1131 1117 ore
1142 1085 1290 1119 mortalis
1302 1086 1452 1121 hominis
1463 1087 1718 1134 prodiret‚qtiod
1733 1092 1802 1124 eius
1813 1093 1917 1128 autho

72 1153 144 1176 tem
154 1135 368 1186 agnoscerent
378 1131 633 1167 Deum.Laudat
645 1132 746 1178 igitur
754 1128 1068 1169 Thessalonicenses,
1080 1131 1173 1178 quod
1186 1145 1256 1167 non
1268 1132 1468 1170 substiterint
1479 1137 1514 1168 in
1527 1133 1672 1183 respedtu
1682 1139 1827 1174 Ministri
1837 1168 1848 1181 ,
1866 1140 1919 1176 sed

18 1179 23 1187 ,γ
73 1187 190 1225 oculos
200 1186 239 1220 ad
248 1186 359 1219 Deum
374 1179 576 1219 sustulerint,
589 1190 624 1212 vt
635 1181 703 1213 eius
713 1176 898 1213 sermonem
909 1182 1102 1227 reciperent.
1131 1180 1244 1225 Qre
1254 1182 1449 1229 particulam
1461 1187 1522 1222 vt,
1533 1196 1605 1229 quae
1616 1185 1656 1218 ad
1668 1183 1794 1222 sensum
1806 1190 1919 1238 expla-

72 1236 184 1275 nandii
193 1229 471 1273 valebat‚inserete
483 1241 554 1264 non
564 1227 815 1262 dubitauiMale
828 1225 982 1261 Erasmus
994 1230 1052 1274 qui
1062 1231 1161 1262 vertit
1170 1227 1357 1264 sermonem
1370 1232 1501 1266 auditus
1512 1232 1651 1267 Dcizacii
1661 1235 1736 1269 Desi
1747 1237 1919 1286 intellige„

75 1295 125 1322 ret
136 1280 256 1319 Paulus
267 1279 479 1329 patefactum.
504 1276 616 1325 postea
626 1278 769 1320 mutauit
777 1299 788 1314 ‚
799 1274 986 1310 sermonem
1001 1287 1071 1322 quo
1080 1276 1192 1310 Deum
1203 1277 1382 1313 discebatis.
1405 1293 1477 1315 non
1487 1283 1578 1314 enim
1589 1280 1629 1314 ab
1643 1295 1682 1316 eo
1694 1286 1918 1322 animaduessa-

77 1333 146 1371 fuit
153 1329 314 1367 Hebraica
325 1325 456 1377 phrasis.

118 1391 161 1428 14
207 1380 277 1414 Vos
287 1382 368 1411 emm
379 1376 572 1417 imitatores.)
622 1374 657 1408 si
675 1372 740 1408 hoc
749 1372 789 1406 ad
798 1374 987 1421 proximam
999 1370 1179 1407 clausulam
1190 1373 1383 1420 restringere
1393 1373 1494 1409 libeat
1502 1399 1512 1413 ‚
1527 1376 1634 1412 sensus
1645 1381 1706 1413 erit
1714 1405 1725 1418 ,
1741 1381 1834 1428 quc¹2d
1845 1387 1913 1419 vis-

71 1441 126 1466 tus
144 1429 212 1464 Dei
229 1426 282 1461 vel
293 1426 452 1460 sermonis
473 1425 542 1457 eius
553 1424 588 1455 in
598 1433 714 1456 eorum
735 1419 911 1456 tolerantia
931 1419 960 1455 se
971 1419 1116 1468 proferat
1138 1445 1148 1459 ,
1171 1422 1251 1455 dum
1263 1434 1387 1468 magno
1400 1423 1588 1460 &infracto
1606 1430 1722 1462 animo
1732 1429 1911 1478 persequu-

71 1481 182 1514 tiones
200 1475 370 1511 sustinent,
416 1473 490 1518 Ego
512 1481 624 1504 tamen
641 1470 682 1503 ad
699 1480 804 1504 totam
825 1468 1026 1518 superiorem
1047 1468 1245 1506 sententiam
1285 1472 1459 1505 extendere
1479 1472 1580 1507 malo.
1611 1473 1798 1512 'confirmat
1818 1484 1911 1516 enim

98 1526 175 1562 uod.
184 1525 265 1560 dixit
289 1546 299 1561 ,
318 1517 621 1556 Thessalonicenses
630 1516 712 1552 serio
732 1518 955 1564 Euangelium
973 1527 1133 1564 tanquam
1144 1519 1163 1552 a
1171 1519 1247 1552 Deo
1266 1517 1325 1552 fibi
1344 1518 1496 1554 oblatum
1508 1519 1601 1555 fuiffi:
1619 1524 1791 1571 amplexos
1800 1550 1809 1564 ‚
1834 1533 1913 1575 quia

71 1540 203 1611 sortiter
224 1570 402 1607 sustineant
423 1568 609 1603 contrarios
629 1567 753 1600 Satanae
772 1565 912 1600 insultus
931 1588 941 1602 ‚
971 1577 1032 1601 nec
1050 1565 1199 1601 recusant
1216 1568 1351 1613 quiduis
1375 1570 1443 1615 pati
1467 1570 1580 1616 potius
1598 1573 1699 1617 quarn
1722 1573 1762 1608 ab
1782 1578 1852 1609 eius
1872 1591 1910 1610 0-

68 1623 239 1660 bedientia
260 1618 438 1654 discedant.
487 1617 527 1649 Et
536 1612 621 1649 certe
630 1615 697 1648 hoc
715 1627 786 1649 non
805 1613 878 1649 leue
895 1614 940 1647 est
950 1612 1025 1647 fidei
1043 1627 1181 1649 examen
1197 1641 1208 1656 ‚
1225 1627 1331 1662 quum
1349 1616 1447 1650 Satan
1467 1620 1584 1652 omnia
1596 1620 1821 1658 machinando
1831 1646 1841 1661 ‚
1861 1629 1917 1660 ni-
1970 1614 1973 1615 ⁷

70 1671 122 1709 hil
131 1669 264 1720 proficit
277 1692 288 1707 ,
309 1679 344 1701 vt
354 1678 416 1700 nos
425 1667 442 1698 a
450 1665 515 1697 Dei
531 1665 654 1697 timore
673 1663 854 1697 dimoueat.
890 1665 1018 1697 Interea
1038 1662 1229 1710 periculosae
1251 1666 1433 1698 tentationi
1452 1666 1632 1712 prudenter
1658 1674 1805 1706 occurrit
1814 1694 1825 1713 3
1841 1685 1913 1719 quae

69 1719 150 1756 illos
163 1716 337 1767 percellere
353 1712 405 1748 vel
414 1711 542 1746 turbare
553 1721 691 1758 poterat.
719 1724 798 1746 nam
809 1710 849 1745 ab
861 1723 895 1746 ea
906 1721 1005 1757 gente
1015 1723 1130 1758 graues
1149 1710 1315 1746 molestias
1334 1709 1535 1748 sustinebant
1552 1740 1561 1752 ,
1578 1728 1651 1762 quae
1661 1715 1727 1752 sola
1737 1721 1772 1753 in
1786 1724 1917 1757 mundo

69 1770 136 1804 Dei
146 1768 286 1802 nomine
305 1760 518 1811 gloriabatur.
544 1761 674 1793 Poterat
689 1783 700 1799 ,
719 1762 858 1807 inquam
870 1784 877 1790 .
888 1758 956 1793 illis
978 1758 1043 1794 hoc
1060 1761 1173 1794 venire
1191 1761 1227 1793 in
1245 1770 1393 1794 mentem
1404 1784 1414 1798 ,
1427 1762 1461 1794 Si
1478 1762 1547 1796 haec
1557 1775 1632 1797 vera
1643 1765 1686 1799 est
1700 1766 1843 1815 religios
1858 1782 1918 1807 cur

70 1829 144 1852 earn
153 1827 222 1850 tam
233 1812 356 1848 infestis
363 1811 484 1845 animis
496 1819 695 1856 oppugnant
707 1809 809 1844 Iudaei
821 1831 831 1846 ‚
841 1806 982 1855 quisunt
993 1808 1077 1842 sacer
1085 1808 1150 1842 Dei
1164 1806 1330 1856 populus?
1345 1810 1389 1842 Vt
1398 1807 1465 1843 hoc
1476 1808 1717 1848 offendiculum
1729 1817 1917 1866 tollat‚pri—-

71 1865 166 1900 mum
177 1863 338 1897 admonet
346 1883 356 1898 ‚
380 1858 445 1893 hoc
456 1869 512 1891 eos
530 1868 713 1891 commune
724 1856 842 1891 habere
851 1868 927 1890 cum
938 1858 1056 1903 primis
1068 1855 1215 1890 Ecclefiis
1228 1869 1300 1903 quae
1311 1859 1346 1892 in
1355 1857 1461 1892 Iudaea
1470 1866 1562 1893 erant
1578 1873 1586 1893 :
1601 1862 1711 1908 postea
1721 1865 1847 1900 Iudaeos
1860 1868 1915 1902 di..-

65 1916 110 1949 cit
118 1911 302 1947 obstinatos
311 1906 370 1943 effe
380 1908 445 1941 Dei
458 1909 490 1941 &
502 1906 613 1939 omnis
622 1902 702 1939 sanae
712 1904 864 1947 doctrine
873 1903 1138 1938 hostes.Tametsi
1149 1906 1241 1939 enim
1251 1918 1357 1951 quum
1368 1906 1448 1940 dicit
1457 1907 1541 1955 Ipffis
1551 1908 1603 1954 ‘ff‘
1610 1911 1708 1958 paffi„
1716 1908 1802 1955 jisua.
1812 1914 1913 1950 mbu-

65 1959 194 1998 Isbamd
201 1960 240 1993 de
249 1959 322 1992 aliis
333 1956 435 2003 quam
444 1953 484 1988 de
498 1953 612 1988 Iudaeis
622 1955 744 2001 exponi
755 1952 961 2002 potest‚certe
971 1966 1042 1987 non
1051 1954 1092 1986 ad
1099 1951 1186 1987 solos
1197 1954 1322 1987 Iudaeos
1334 1952 1430 1988 debet
1440 1956 1600 2003 restringi:
1612 1961 1689 2004 quia
1701 1970 1811 1995 tamen
1825 1962 1908 2000 lon..

66 2013 142 2058 gius
152 2010 188 2043 in
199 2005 408 2042 describenda
419 2015 534 2037 eorum
544 2003 729 2049 peruicacia
740 2002 777 2037 δι’
787 2003 959 2049 impietate
967 2000 1099 2038 insistit,
1112 2012 1246 2048 apparet
1265 1999 1396 2038 eosdem
1408 2004 1517 2050 notari
1529 2004 1636 2039 statim
1648 2006 1688 2040 ab
1699 2009 1810 2043 initio.
1822 2012 1905 2048 Cre-

68 2056 172 2094 dibile
183 2057 226 2091 est
235 2054 366 2101 aliquos
376 2065 414 2087 ex
423 2064 458 2085 ea
468 2061 566 2098 gente
576 2050 616 2084 ad
628 2049 800 2085 Christum
816 2044 908 2084 fuisse
929 2048 1167 2083 Theffalonicae
1186 2047 1374 2084 conuersos.
1402 2052 1507 2097 Atqui
1527 2064 1563 2086 ex
1582 2053 1718 2089 historia
1736 2059 1904 2097 Actorum

65 2103 239 2155 patet‚illic
253 2116 324 2138 non
336 2104 447 2136 minus
455 2099 555 2146 quam
567 2101 603 2133 in
612 2097 718 2132 Iudaea
727 2096 977 2148 persequutores
988 2096 1159 2144 Euangelij
1169 2098 1293 2133 Iudaeos
1305 2095 1497 2146 fuisit-Ergo
1510 2100 1577 2135 hoc
1586 2103 1774 2150 promiscue
1784 2118 1850 2142 tam
1863 2110 1904 2146 de

66 2154 183 2190 ludaeis
193 2153 295 2199 qutam
306 2151 344 2184 de
353 2147 517 2184 Gentibus
528 2147 656 2182 dietum
667 2150 807 2196 accipio,
815 2149 893 2194 quia
903 2149 1034 2193 Vtrique
1044 2147 1063 2180 a
1071 2144 1135 2181 suis
1145 2145 1325 2182 tribulibus
1337 2160 1458 2195 magna
1467 2155 1649 2185 certamina
1659 2155 1693 2186 δε
1712 2165 1840 2191 atroces
1852 2161 1901 2193 im

69 2214 166 2252 petus
176 2199 388 2236 sustinebant.

103 2261 134 2296 ις
171 2251 237 2298 Q·
247 2250 416 2283 Dominum
426 2245 559 2289 Iefitm.)
599 2245 691 2288 Qia
702 2240 848 2290 populus
858 2241 914 2277 ille
925 2249 976 2277 tot
984 2243 1050 2278 Dei
1059 2242 1230 2279 beneficiis
1241 2254 1377 2278 ornatus
1394 2242 1497 2280 fuerat
1505 2269 1516 2284 ‚
1531 2257 1666 2295 propter
1676 2260 1823 2288 veterum
1836 2255 1901 2290 Pa-

66 2310 158 2335 rrum
168 2295 310 2346 gloriam
328 2319 338 2333 ,
357 2296 532 2329 autoritate
549 2291 696 2340 pollebat
714 2290 801 2338 apud
818 2290 943 2326 multos
954 2304 1081 2326 nomen
1098 2290 1218 2341 ipsum.
1276 2291 1388 2326 Necui
1400 2306 1479 2341 ergo
1499 2294 1617 2330 oculos
1629 2297 1685 2332 hic
1712 2299 1808 2336 fucus
1828 2315 1904 2350 per-

71 2349 207 2394 stringat
216 2369 226 2384 ‚
236 2342 281 2380 ita
292 2342 408 2392 spoliat
424 2343 549 2377 Iudaeos
559 2342 657 2375 omni
665 2340 796 2374 honore
807 2362 817 2376 ‚
831 2349 865 2373 vt
876 2338 1038 2375 nihilillis
1047 2338 1212 2387 relinquat
1224 2350 1338 2388 praeter
1347 2342 1466 2376 odium
1479 2346 1514 2377 &
1524 2355 1704 2382 extremam
1715 2348 1901 2386 infamiam.

69 2397 121 2432 En
129 2418 140 2433 ,
151 2395 263 2440 inquit
272 2416 282 2430 ‚
293 2394 429 2427 virtutes
441 2389 562 2437 quibus
574 2388 705 2424 laudem
715 2388 803 2435 apud
811 2386 921 2439 bonos
941 2391 974 2422 δέ
993 2390 1068 2437 pios
1079 2401 1246 2424 merentur
1256 2415 1266 2430 ‚
1275 2389 1456 2437 Prophetas
1467 2389 1542 2426 suos
1567 2396 1601 2427 δε
1622 2396 1754 2431 tandem
1776 2398 1903 2434 Filium

68 2445 136 2479 Dei
147 2442 342 2478 occiderunt
351 2463 361 2479 ‚
380 2452 434 2473 me
444 2440 513 2473 eius
523 2435 652 2472 seruum
663 2435 850 2485 persequuti
862 2437 935 2471 lunt
946 2462 956 2477 ‚
964 2436 1092 2472 bellum
1102 2449 1179 2472 curn
1190 2437 1266 2472 Deo
1276 2448 1396 2485 gerunt
1405 2463 1415 2478 ‚
1424 2443 1550 2476 cuncto
1571 2443 1700 2478 mundo
1710 2442 1785 2481 sunt
1794 2447 1895 2487 exosi,

65 2490 141 2528 sunt
151 2492 283 2526 inimici
294 2488 402 2523 salutis
418 2485 739 2531 Gentiumzdenique
750 2482 824 2518 sunt
833 2484 947 2520 deuoti
958 2497 1081 2521 aeterno
1095 2488 1206 2521 exitio.
1236 2487 1406 2528 Quaeritur
1417 2499 1476 2522 cur
1487 2489 1658 2525 Christum
1671 2495 1707 2526 δε
1718 2494 1902 2543 Prophetas

65 2539 107 2577 ab
117 2538 232 2575 iisdem
241 2535 368 2573 occisos
379 2534 470 2570 fuiffe
479 2535 576 2570 dicat.
627 2531 830 2582 Respondeo
840 2557 850 2572 ‚
859 2534 898 2568 ad
910 2545 1021 2568 totum
1031 2544 1152 2583 corpus
1161 2534 1228 2570 hoc
1236 2534 1437 2582 pertinere:fi
1441 2536 1580 2584 gnificat
1593 2541 1684 2574 enim
1696 2541 1817 2578 Paulus
1831 2558 1903 2582 non

69 2587 129 2626 effe
138 2600 268 2624 nouum
279 2596 334 2621 aut
344 2582 488 2620 insolens
506 2606 516 2621 ‚
535 2582 627 2630 quod
636 2583 710 2617 Deo
721 2592 927 2629 repugnant,
939 2578 991 2617 sed
1014 2585 1059 2617 ita
1077 2583 1216 2633 implere
1232 2584 1369 2618 Patrum
1388 2584 1596 2626 mensuram,
1615 2591 1902 2635 quemadmodum
1917 2595 2076 2638 Mt223.d,3·‡,

69 2636 221 2675 Christus
234 2635 398 2682 loquitur.
915 2633 917 2635 ’
1418 2676 1421 2678 -
1606 2657 1611 2662 ,

115 2688 153 2721 16
204 2685 271 2734 Q
281 2682 458 2729 obfistuntne
473 2678 623 2730 §entibus
632 2679 811 2725 loquamur.)
841 2678 925 2714 Non
942 2677 999 2714 abs
1020 2691 1052 2714 re
1063 2680 1120 2723 (vt
1130 2680 1258 2716 dietum
1273 2681 1338 2726 est)
1349 2692 1417 2716 tam
1430 2682 1558 2730 prolixe
1581 2686 1782 2724 immoratur
1799 2691 1836 2725 in
1847 2703 1904 2726 ex-

69 2734 222 2782 agitanda
232 2733 417 2767 ludaeorum
440 2728 576 2764 malitia.
626 2728 717 2762 Nam
737 2739 843 2773 quum
854 2726 977 2775 vbique
992 2726 1114 2763 furiose
1124 2728 1308 2778 Euangelio
1321 2728 1351 2765 se
1362 2735 1712 2782 opponerent,ingens
1722 2737 1799 2773 inde
1809 2737 1901 2774 scan-

70 2782 182 2817 dalum
193 2780 360 2817 oriebatur
380 2793 387 2813 z
409 2775 584 2826 praesertim
596 2788 701 2822 quum
717 2775 937 2824 Euangelium
956 2775 1136 2812 clamarent
1153 2777 1324 2825 profanari
1343 2780 1362 2813 a
1380 2779 1483 2814 Paulo
1503 2810 1513 2825 ‚
1531 2781 1613 2816 dum
1632 2782 1715 2819 illud
1734 2787 1900 2822 Gentibus

71 2830 236 2879 vulgabat.
285 2829 359 2862 Hac
386 2826 556 2861 calumnia
579 2823 771 2858 scindebant
790 2823 947 2865 Ecclesias¹
959 2849 970 2865 ,
988 2823 1078 2872 spem
1104 2823 1212 2861 salutis
1229 2826 1413 2875 eripiebant
1438 2828 1602 2864 Gentibus
1620 2854 1631 2869 ‚
1660 2835 1694 2867 ἃ,
1715 2835 1900 2882 Euangeljo

16 2906 19 2908 -
71 2882 160 2915 viam
170 2877 391 2913 obstruebant.
429 2875 507 2909 Hoc
519 2885 598 2920 ergo
617 2874 758 2907 crimine
777 2886 833 2907 eos
844 2880 957 2920 grauat
974 2873 1113 2914 Paulus,
1125 2874 1399 2920 quodinuideant
1416 2876 1582 2912 Gentibus
1600 2878 1758 2915 salutem:
1779 2881 1832 2917 sed
1843 2884 1900 2917 ad-

71 2928 138 2965 dit,
154 2927 220 2962 hoc
231 2925 300 2960 fieri
312 2935 345 2958 vt
355 2922 589 2970 compleantur
599 2933 714 2955 eorum
727 2932 857 2968 peccata
865 2945 875 2959 ,
887 2933 924 2957 vt
934 2921 1000 2956 illis
1010 2935 1148 2957 omnem
1159 2925 1292 2970 pietatis
1302 2926 1501 2972 opinionem
1510 2926 1644 2962 adimat.
1664 2929 1901 2976 Qmadmo-

67 2978 149 3013 dum
158 2975 214 3011 vbi
224 2975 312 3023 prius
321 2971 545 3012 dicebat,Non
557 2969 684 3018 placere
693 2971 768 3004 Deo
779 2983 787 3004 ε
798 2969 865 3004 hoc
878 2969 1182 3018 volebat‚indignos
1194 2968 1255 3006 effe
1263 2981 1410 3018 quorum
1420 2976 1504 3009 ratio
1514 2976 1600 3010 inter
1609 2977 1673 3011 Dei
1680 2977 1828 3013 cultores
1837 2979 1900 3013 ha-

66 3023 383 3069 beretut.Loquutio
393 3032 504 3054 tamen
517 3019 663 3053 notanda
675 3019 718 3053 est
729 3045 739 3059 ,
749 3018 840 3065 quod
854 3020 912 3065 qui
923 3017 1008 3053 male
1017 3019 1147 3066 agendo
1157 3031 1300 3068 pergunt
1310 3046 1321 3064 ,
1332 3020 1519 3057 mensutam
1532 3022 1600 3058 hoc
1611 3026 1714 3059 modo
1725 3018 1838 3073 iudicij
1850 3027 1900 3062 sui

68 3071 333 3119 implent‚donec
345 3070 383 3104 ad
393 3068 568 3108 cumulum
579 3070 788 3115 perueniant.
826 3068 906 3102 Haec
915 3066 1008 3102 causa
1017 3069 1061 3102 est
1068 3065 1218 3116 cut-saepe
1226 3066 1392 3104 differatur
1403 3073 1589 3119 impiorum
1600 3085 1710 3120 poena,
1721 3077 1800 3119 quia
1809 3088 1900 3110 non·-

67 3122 151 3155 dum
162 3131 294 3154 matutae
303 3116 377 3153 sunt
389 3120 437 3160 (vt
446 3119 490 3151 ita
498 3115 738 3157 dicam)eorum
749 3117 946 3162 impietates.
977 3117 1068 3150 Hinc
1079 3129 1247 3152 monenur
1253 3141 1266 3158 ,
1279 3116 1392 3153 sedqu
1411 3120 1597 3154 cauendum
1608 3119 1669 3156 esse
1678 3135 1721 3156 ne
1730 3121 1753 3156 fi
1763 3120 1899 3170 peccata

69 3167 209 3204 subinde
217 3169 357 3214 peccatis
367 3164 784 3211 addamus‚quemadmodu
791 3177 822 3198 m
835 3162 950 3212 paffim
960 3162 1030 3199 fieri
1043 3161 1124 3208 solet
1133 3191 1143 3203 ,
1153 3165 1309 3201 cumulus
1317 3167 1449 3202 tandem
1468 3166 1567 3214 vsque
1578 3170 1614 3202 in
1633 3168 1751 3204 caelum
1764 3169 1900 3207 consce-

69 3217 282 3251 daem-rueme
291 3212 552 3261 epimsignificat
564 3210 695 3259 prorsus
705 3210 763 3246 effe
773 3211 1049 3260 desperatos,quia
1058 3212 1130 3249 vasa
1138 3212 1201 3250 fint
1212 3216 1563 3264 iraeDomini.perinde
1573 3218 1663 3251 enim
1674 3217 1741 3253 hoc
1751 3218 1839 3254 valet
1846 3232 1906 3256 ae-

71 3265 96 3300 fi
105 3266 279 3301 diceretur,
289 3263 391 3309 Vrget
403 3275 458 3296 eos
467 3274 504 3296 ac
516 3259 718 3308 persequitur
735 3261 817 3296 iusta
827 3263 893 3296 Dei
903 3261 988 3296 vltio
997 3289 1007 3303 ‚
1018 3275 1126 3310 neque
1136 3262 1258 3299 desinet
1270 3263 1370 3310 vsque
1382 3265 1462 3298 dum
1474 3275 1609 3312 pereant
1620 3266 1729 3312 :quod
1737 3269 1774 3302 in
1785 3280 1906 3306 omnes

72 3312 231 3361 reprobos
242 3312 477 3359 competissqui
489 3312 524 3344 in
535 3321 676 3344 mortem
686 3311 741 3344 cui
749 3309 898 3344 destinati
906 3308 1178 3360 sunt‚praecipites
1187 3313 1382 3350 :nunni-loc
1393 3322 1501 3346 autem
1513 3311 1556 3347 fic
1566 3312 1605 3347 de
1618 3313 1773 3350 vniuerso
1786 3318 1907 3353 Gentis

67 3371 209 3411 corpore
219 3361 416 3409 pronuntiat
438 3357 618 3408 Apostolus
628 3383 638 3400 ‚
649 3370 684 3394 vt
695 3369 807 3407 tamen
817 3357 930 3395 electis
951 3357 1041 3407 spem
1051 3373 1123 3397 non
1134 3361 1299 3409 praecidat.
1354 3360 1446 3396 Nam
1457 3363 1535 3407 quia
1546 3363 1654 3396 maior
1664 3375 1736 3411 pars
1744 3363 1905 3401 resistebat

1580 3410 1618 3459 P·
1640 3423 1667 3461 13

2086 2674 2103 2690 Ι
