<?xml version="1.0" encoding="UTF-8"?>
<!DOCTYPE html PUBLIC "-//W3C//DTD XHTML 1.0 Transitional//EN"
    "http://www.w3.org/TR/xhtml1/DTD/xhtml1-transitional.dtd">
<html xmlns="http://www.w3.org/1999/xhtml" xml:lang="en" lang="en">
 <head>
  <title>
</title>
<meta http-equiv="Content-Type" content="text/html;charset=utf-8" />
  <meta name='ocr-system' content='tesseract 3.04.00' />
  <meta name='ocr-capabilities' content='ocr_page ocr_carea ocr_par ocr_line ocrx_word'/>
</head>
<body>
  <div class='ocr_page' id='page_1' title='image "./commentariiomnes00calv_0216.png"; bbox 0 0 2268 3705; ppageno 0'>
   <div class='ocr_carea' id='block_1_1' title="bbox 110 2281 279 2324">
    <p class='ocr_par' dir='ltr' id='par_1_1' title="bbox 110 2281 279 2324">
     <span class='ocr_line' id='line_1_1' title="bbox 110 2281 279 2324; baseline -0.006 -13"><span class='ocrx_word' id='word_1_1' title='bbox 110 2281 279 2324; x_wconf 51' lang='lat' dir='ltr'>Ephesumn.</span> 
     </span>
    </p>
   </div>
   <div class='ocr_carea' id='block_1_2' title="bbox 284 97 1617 150">
    <p class='ocr_par' dir='ltr' id='par_1_2' title="bbox 284 97 1617 150">
     <span class='ocr_line' id='line_1_2' title="bbox 284 97 1617 150; baseline -0.002 -1"><span class='ocrx_word' id='word_1_2' title='bbox 284 110 343 149; x_wconf 58' lang='grc' dir='ltr'>ιοιΑ</span> <span class='ocrx_word' id='word_1_3' title='bbox 802 97 1617 150; x_wconf 67' lang='lat' dir='ltr'><strong>INI-EPIS‘RPAVLI</strong></span> 
     </span>
    </p>
   </div>
   <div class='ocr_carea' id='block_1_3' title="bbox 280 167 2144 278">
    <p class='ocr_par' dir='ltr' id='par_1_3' title="bbox 280 167 2144 278">
     <span class='ocr_line' id='line_1_3' title="bbox 280 167 2144 225; baseline -0.005 -9"><span class='ocrx_word' id='word_1_4' title='bbox 280 178 468 217; x_wconf 81' lang='lat' dir='ltr'>accendunt</span> <span class='ocrx_word' id='word_1_5' title='bbox 484 175 635 211; x_wconf 76' lang='lat' dir='ltr'>ardorem</span> <span class='ocrx_word' id='word_1_6' title='bbox 645 173 910 225; x_wconf 81' lang='lat' dir='ltr'>precandi:speni</span> <span class='ocrx_word' id='word_1_7' title='bbox 920 181 1123 218; x_wconf 73' lang='lat' dir='ltr'>exercent,vt</span> <span class='ocrx_word' id='word_1_8' title='bbox 1132 171 1272 206; x_wconf 87' lang='lat' dir='ltr'>demum</span> <span class='ocrx_word' id='word_1_9' title='bbox 1277 167 1389 217; x_wconf 73' lang='lat' dir='ltr'>siquid</span> <span class='ocrx_word' id='word_1_10' title='bbox 1400 169 1444 204; x_wconf 88' lang='lat' dir='ltr'>est</span> <span class='ocrx_word' id='word_1_11' title='bbox 1454 172 1490 204; x_wconf 88' lang='lat' dir='ltr'>in</span> <span class='ocrx_word' id='word_1_12' title='bbox 1501 167 1578 219; x_wconf 80' lang='lat' dir='ltr'>ipsis</span> <span class='ocrx_word' id='word_1_13' title='bbox 1589 167 1857 212; x_wconf 77' lang='lat' dir='ltr'>acerbitatis,hoc</span> <span class='ocrx_word' id='word_1_14' title='bbox 1865 179 1979 206; x_wconf 83' lang='lat' dir='ltr'>totum</span> <span class='ocrx_word' id='word_1_15' title='bbox 1990 168 2144 220; x_wconf 60' lang='lat' dir='ltr'>spiritual</span> 
     </span>
     <span class='ocr_line' id='line_1_4' title="bbox 283 222 672 278; baseline -0.018 -12"><span class='ocrx_word' id='word_1_16' title='bbox 283 230 310 266; x_wconf 91' lang='lat' dir='ltr'>li</span> <span class='ocrx_word' id='word_1_17' title='bbox 318 228 442 278; x_wconf 85' lang='lat' dir='ltr'>gaudio</span> <span class='ocrx_word' id='word_1_18' title='bbox 453 222 672 261; x_wconf 87' lang='lat' dir='ltr'>absorbeatur.</span> 
     </span>
    </p>
   </div>
   <div class='ocr_carea' id='block_1_4' title="bbox 287 264 2150 810">
    <p class='ocr_par' dir='ltr' id='par_1_4' title="bbox 287 264 2146 458">
     <span class='ocr_line' id='line_1_5' title="bbox 335 264 2145 323; baseline -0.004 -12"><span class='ocrx_word' id='word_1_19' title='bbox 335 288 366 323; x_wconf 78' lang='lat'>33</span> <span class='ocrx_word' id='word_1_20' title='bbox 417 278 528 320; x_wconf 77' lang='lat' dir='ltr'>ltaque</span> <span class='ocrx_word' id='word_1_21' title='bbox 531 275 673 319; x_wconf 81' lang='lat' dir='ltr'>fratres.)</span> <span class='ocrx_word' id='word_1_22' title='bbox 723 274 756 308; x_wconf 84' lang='lat' dir='ltr'>A</span> <span class='ocrx_word' id='word_1_23' title='bbox 774 273 974 307; x_wconf 65' lang='lat' dir='ltr'>tractatione</span> <span class='ocrx_word' id='word_1_24' title='bbox 990 267 1152 317; x_wconf 82' lang='lat' dir='ltr'>generalis</span> <span class='ocrx_word' id='word_1_25' title='bbox 1163 267 1325 302; x_wconf 68' lang='lat' dir='ltr'>doetrinae</span> <span class='ocrx_word' id='word_1_26' title='bbox 1338 267 1427 300; x_wconf 73' lang='lat' dir='ltr'>-redit</span> <span class='ocrx_word' id='word_1_27' title='bbox 1440 266 1480 300; x_wconf 76' lang='lat' dir='ltr'>ad</span> <span class='ocrx_word' id='word_1_28' title='bbox 1491 264 1690 314; x_wconf 81' lang='lat' dir='ltr'>hypothesin</span> <span class='ocrx_word' id='word_1_29' title='bbox 1700 292 1710 306; x_wconf 94' lang='lat'><em>,</em></span> <span class='ocrx_word' id='word_1_30' title='bbox 1719 267 1806 301; x_wconf 86' lang='lat' dir='ltr'>vnde</span> <span class='ocrx_word' id='word_1_31' title='bbox 1819 264 1926 302; x_wconf 85' lang='lat' dir='ltr'>fuerat</span> <span class='ocrx_word' id='word_1_32' title='bbox 1937 266 2086 304; x_wconf 80' lang='lat' dir='ltr'>exorsus:</span> <span class='ocrx_word' id='word_1_33' title='bbox 2107 272 2145 305; x_wconf 56' lang='lat'>8⁴:</span> 
     </span>
     <span class='ocr_line' id='line_1_6' title="bbox 287 314 2143 371; baseline -0.004 -11"><span class='ocrx_word' id='word_1_34' title='bbox 287 322 486 365; x_wconf 79' lang='lat' dir='ltr'>concludit,</span> <span class='ocrx_word' id='word_1_35' title='bbox 504 321 727 371; x_wconf 77' lang='lat' dir='ltr'>aequalitatem</span> <span class='ocrx_word' id='word_1_36' title='bbox 742 319 934 355; x_wconf 83' lang='lat' dir='ltr'>seruandam</span> <span class='ocrx_word' id='word_1_37' title='bbox 948 319 1007 352; x_wconf 84' lang='lat' dir='ltr'>esse</span> <span class='ocrx_word' id='word_1_38' title='bbox 1025 321 1061 352; x_wconf 87' lang='lat' dir='ltr'>in</span> <span class='ocrx_word' id='word_1_39' title='bbox 1073 319 1182 351; x_wconf 83' lang='lat' dir='ltr'>Coena</span> <span class='ocrx_word' id='word_1_40' title='bbox 1189 317 1354 354; x_wconf 82' lang='lat' dir='ltr'>Domini,</span> <span class='ocrx_word' id='word_1_41' title='bbox 1373 325 1409 348; x_wconf 93' lang='lat' dir='ltr'>vt</span> <span class='ocrx_word' id='word_1_42' title='bbox 1420 326 1495 349; x_wconf 87' lang='lat' dir='ltr'>vera</span> <span class='ocrx_word' id='word_1_43' title='bbox 1510 314 1547 349; x_wconf 81' lang='lat' dir='ltr'>iit</span> <span class='ocrx_word' id='word_1_44' title='bbox 1559 317 1827 349; x_wconf 77' lang='lat' dir='ltr'>communicatio</span> <span class='ocrx_word' id='word_1_45' title='bbox 1839 339 1849 353; x_wconf 90' lang='lat'><em>‚</em></span> <span class='ocrx_word' id='word_1_46' title='bbox 1859 314 1955 350; x_wconf 78' lang='lat' dir='ltr'>sicuti</span> <span class='ocrx_word' id='word_1_47' title='bbox 1967 315 2026 351; x_wconf 79' lang='lat' dir='ltr'>effe</span> <span class='ocrx_word' id='word_1_48' title='bbox 2035 316 2143 353; x_wconf 79' lang='lat' dir='ltr'>debet:</span> 
     </span>
     <span class='ocr_line' id='line_1_7' title="bbox 292 360 2146 422; baseline -0.005 -11"><span class='ocrx_word' id='word_1_49' title='bbox 292 387 355 411; x_wconf 84' lang='lat' dir='ltr'>nec</span> <span class='ocrx_word' id='word_1_50' title='bbox 370 374 542 422; x_wconf 84' lang='lat' dir='ltr'>propriam</span> <span class='ocrx_word' id='word_1_51' title='bbox 561 369 702 419; x_wconf 88' lang='lat' dir='ltr'>quisque</span> <span class='ocrx_word' id='word_1_52' title='bbox 713 371 859 404; x_wconf 86' lang='lat' dir='ltr'>Coenam</span> <span class='ocrx_word' id='word_1_53' title='bbox 869 366 1021 402; x_wconf 82' lang='lat' dir='ltr'>celebret.</span> <span class='ocrx_word' id='word_1_54' title='bbox 1041 365 1172 400; x_wconf 81' lang='lat' dir='ltr'>Deinde</span> <span class='ocrx_word' id='word_1_55' title='bbox 1180 362 1247 399; x_wconf 78' lang='lat' dir='ltr'>hoc</span> <span class='ocrx_word' id='word_1_56' title='bbox 1258 364 1450 411; x_wconf 87' lang='lat' dir='ltr'>mysterium</span> <span class='ocrx_word' id='word_1_57' title='bbox 1461 376 1533 397; x_wconf 88' lang='lat' dir='ltr'>non</span> <span class='ocrx_word' id='word_1_58' title='bbox 1545 360 1605 397; x_wconf 84' lang='lat' dir='ltr'>esse</span> <span class='ocrx_word' id='word_1_59' title='bbox 1626 361 1892 411; x_wconf 88' lang='lat' dir='ltr'>permiscendum</span> <span class='ocrx_word' id='word_1_60' title='bbox 1903 363 2146 402; x_wconf 83' lang='lat' dir='ltr'>communibus</span> 
     </span>
     <span class='ocr_line' id='line_1_8' title="bbox 293 422 416 458; baseline -0.024 0"><span class='ocrx_word' id='word_1_61' title='bbox 293 437 313 458; x_wconf 76' lang='lat' dir='ltr'>e</span> <span class='ocrx_word' id='word_1_62' title='bbox 340 422 416 458; x_wconf 77' lang='lat' dir='ltr'>ulis.</span> 
     </span>
    </p>

    <p class='ocr_par' dir='ltr' id='par_1_5' title="bbox 297 436 2150 810">
     <span class='ocr_line' id='line_1_9' title="bbox 315 436 2147 517; baseline -0.004 -11"><span class='ocrx_word' id='word_1_63' title='bbox 315 436 336 473; x_wconf 71' lang='lat' dir='ltr'>p</span> <span class='ocrx_word' id='word_1_64' title='bbox 347 481 391 517; x_wconf 83' lang='lat'>34</span> <span class='ocrx_word' id='word_1_65' title='bbox 431 474 557 508; x_wconf 67' lang='lat' dir='ltr'>catera,</span> <span class='ocrx_word' id='word_1_66' title='bbox 570 480 663 514; x_wconf 82' lang='lat' dir='ltr'>quum</span> <span class='ocrx_word' id='word_1_67' title='bbox 672 468 810 508; x_wconf 76' lang='lat' dir='ltr'>venere.)</span> <span class='ocrx_word' id='word_1_68' title='bbox 869 460 1056 498; x_wconf 70' lang='lat' dir='ltr'>Verisimile</span> <span class='ocrx_word' id='word_1_69' title='bbox 1066 463 1109 497; x_wconf 90' lang='lat' dir='ltr'>est</span> <span class='ocrx_word' id='word_1_70' title='bbox 1120 486 1130 500; x_wconf 92' lang='lat'>,</span> <span class='ocrx_word' id='word_1_71' title='bbox 1141 461 1290 508; x_wconf 84' lang='lat' dir='ltr'>quaedam</span> <span class='ocrx_word' id='word_1_72' title='bbox 1303 466 1455 509; x_wconf 80' lang='lat' dir='ltr'>p&#39;raetetea</span> <span class='ocrx_word' id='word_1_73' title='bbox 1466 457 1557 495; x_wconf 82' lang='lat' dir='ltr'>fuisse</span> <span class='ocrx_word' id='word_1_74' title='bbox 1568 471 1640 506; x_wconf 72' lang='lat' dir='ltr'>quat</span> <span class='ocrx_word' id='word_1_75' title='bbox 1651 462 1687 494; x_wconf 89' lang='lat' dir='ltr'>in</span> <span class='ocrx_word' id='word_1_76' title='bbox 1698 459 1816 495; x_wconf 87' lang='lat' dir='ltr'>melius</span> <span class='ocrx_word' id='word_1_77' title='bbox 1826 461 1950 496; x_wconf 80' lang='lat' dir='ltr'>restitui</span> <span class='ocrx_word' id='word_1_78' title='bbox 1959 460 2040 497; x_wconf 88' lang='lat' dir='ltr'>vtile</span> <span class='ocrx_word' id='word_1_79' title='bbox 2048 461 2147 498; x_wconf 83' lang='lat' dir='ltr'>foret:</span> 
     </span>
     <span class='ocr_line' id='line_1_10' title="bbox 297 504 2150 567; baseline -0.005 -12"><span class='ocrx_word' id='word_1_80' title='bbox 297 520 417 555; x_wconf 69' lang='lat' dir='ltr'>verum</span> <span class='ocrx_word' id='word_1_81' title='bbox 428 522 508 567; x_wconf 73' lang='lat' dir='ltr'>‘quia</span> <span class='ocrx_word' id='word_1_82' title='bbox 517 515 698 552; x_wconf 83' lang='lat' dir='ltr'>leuiuscula</span> <span class='ocrx_word' id='word_1_83' title='bbox 708 524 933 551; x_wconf 85' lang='lat' dir='ltr'>erant‚eorum</span> <span class='ocrx_word' id='word_1_84' title='bbox 944 513 1190 547; x_wconf 59' lang='lat' dir='ltr'>correctionem</span> <span class='ocrx_word' id='word_1_85' title='bbox 1202 512 1238 544; x_wconf 92' lang='lat' dir='ltr'>in</span> <span class='ocrx_word' id='word_1_86' title='bbox 1248 510 1432 544; x_wconf 85' lang='lat' dir='ltr'>aduentum</span> <span class='ocrx_word' id='word_1_87' title='bbox 1442 504 1538 543; x_wconf 85' lang='lat' dir='ltr'>suum</span> <span class='ocrx_word' id='word_1_88' title='bbox 1547 507 1656 543; x_wconf 83' lang='lat' dir='ltr'>differt</span> <span class='ocrx_word' id='word_1_89' title='bbox 1665 508 1846 557; x_wconf 83' lang='lat' dir='ltr'>Apostolus</span> <span class='ocrx_word' id='word_1_90' title='bbox 1857 522 2067 557; x_wconf 87' lang='lat' dir='ltr'>:quanquam</span> <span class='ocrx_word' id='word_1_91' title='bbox 2078 509 2150 546; x_wconf 85' lang='lat' dir='ltr'>fieri</span> 
     </span>
     <span class='ocr_line' id='line_1_11' title="bbox 301 557 2148 616; baseline -0.008 -13"><span class='ocrx_word' id='word_1_92' title='bbox 301 570 409 616; x_wconf 85' lang='lat' dir='ltr'>potest</span> <span class='ocrx_word' id='word_1_93' title='bbox 420 580 454 602; x_wconf 90' lang='lat' dir='ltr'>vt</span> <span class='ocrx_word' id='word_1_94' title='bbox 464 566 552 605; x_wconf 82' lang='lat' dir='ltr'>nihil</span> <span class='ocrx_word' id='word_1_95' title='bbox 563 564 661 599; x_wconf 88' lang='lat' dir='ltr'>fuerit</span> <span class='ocrx_word' id='word_1_96' title='bbox 671 562 746 597; x_wconf 81' lang='lat' dir='ltr'>tale:</span> <span class='ocrx_word' id='word_1_97' title='bbox 757 560 808 596; x_wconf 90' lang='lat' dir='ltr'>sed</span> <span class='ocrx_word' id='word_1_98' title='bbox 819 564 898 608; x_wconf 87' lang='lat' dir='ltr'>quia</span> <span class='ocrx_word' id='word_1_99' title='bbox 907 564 1027 595; x_wconf 84' lang='lat' dir='ltr'>certius</span> <span class='ocrx_word' id='word_1_100' title='bbox 1040 573 1077 594; x_wconf 88' lang='lat' dir='ltr'>ex</span> <span class='ocrx_word' id='word_1_101' title='bbox 1089 557 1237 608; x_wconf 72' lang='lat' dir='ltr'>praesenti</span> <span class='ocrx_word' id='word_1_102' title='bbox 1246 557 1378 606; x_wconf 61' lang='lat' dir='ltr'>aspedhi</span> <span class='ocrx_word' id='word_1_103' title='bbox 1389 557 1601 604; x_wconf 77' lang='lat' dir='ltr'>cognoscitur</span> <span class='ocrx_word' id='word_1_104' title='bbox 1612 558 1694 604; x_wconf 87' lang='lat' dir='ltr'>quid</span> <span class='ocrx_word' id='word_1_105' title='bbox 1703 557 1866 604; x_wconf 88' lang='lat' dir='ltr'>expediat,</span> <span class='ocrx_word' id='word_1_106' title='bbox 1876 559 1995 594; x_wconf 85' lang='lat' dir='ltr'>Paulus</span> <span class='ocrx_word' id='word_1_107' title='bbox 2006 558 2092 594; x_wconf 79' lang='lat' dir='ltr'>hanc</span> <span class='ocrx_word' id='word_1_108' title='bbox 2103 559 2148 594; x_wconf 81' lang='lat' dir='ltr'>li-</span> 
     </span>
     <span class='ocr_line' id='line_1_12' title="bbox 301 604 2149 657; baseline -0.006 -5"><span class='ocrx_word' id='word_1_109' title='bbox 301 617 462 652; x_wconf 80' lang='lat' dir='ltr'>bertatem</span> <span class='ocrx_word' id='word_1_110' title='bbox 474 614 532 650; x_wconf 86' lang='lat' dir='ltr'>sibi</span> <span class='ocrx_word' id='word_1_111' title='bbox 541 615 662 648; x_wconf 84' lang='lat' dir='ltr'>retinet</span> <span class='ocrx_word' id='word_1_112' title='bbox 680 638 690 653; x_wconf 85' lang='lat'>,</span> <span class='ocrx_word' id='word_1_113' title='bbox 700 621 736 645; x_wconf 86' lang='lat' dir='ltr'>vt</span> <span class='ocrx_word' id='word_1_114' title='bbox 744 611 860 645; x_wconf 76' lang='lat' dir='ltr'>coram</span> <span class='ocrx_word' id='word_1_115' title='bbox 871 609 1023 657; x_wconf 82' lang='lat' dir='ltr'>disponat</span> <span class='ocrx_word' id='word_1_116' title='bbox 1032 619 1133 656; x_wconf 85' lang='lat' dir='ltr'>prout</span> <span class='ocrx_word' id='word_1_117' title='bbox 1143 619 1192 641; x_wconf 88' lang='lat' dir='ltr'>res</span> <span class='ocrx_word' id='word_1_118' title='bbox 1202 618 1278 641; x_wconf 91' lang='lat' dir='ltr'>nata</span> <span class='ocrx_word' id='word_1_119' title='bbox 1289 605 1481 654; x_wconf 79' lang='lat' dir='ltr'>postulabit,</span> <span class='ocrx_word' id='word_1_120' title='bbox 1491 606 1593 640; x_wconf 89' lang='lat' dir='ltr'>Hunc</span> <span class='ocrx_word' id='word_1_121' title='bbox 1603 608 1701 639; x_wconf 89' lang='lat' dir='ltr'>etiam</span> <span class='ocrx_word' id='word_1_122' title='bbox 1712 604 1867 652; x_wconf 87' lang='lat' dir='ltr'>clypeum</span> <span class='ocrx_word' id='word_1_123' title='bbox 1876 607 2010 653; x_wconf 86' lang='lat' dir='ltr'>Papistae</span> <span class='ocrx_word' id='word_1_124' title='bbox 2020 608 2059 640; x_wconf 90' lang='lat' dir='ltr'>ad</span> <span class='ocrx_word' id='word_1_125' title='bbox 2068 620 2149 654; x_wconf 85' lang='lat' dir='ltr'>pro--</span> 
     </span>
     <span class='ocr_line' id='line_1_13' title="bbox 303 652 2150 713; baseline -0.005 -13"><span class='ocrx_word' id='word_1_126' title='bbox 303 665 480 713; x_wconf 83' lang='lat' dir='ltr'>tegendam</span> <span class='ocrx_word' id='word_1_127' title='bbox 493 661 584 698; x_wconf 85' lang='lat' dir='ltr'>suam</span> <span class='ocrx_word' id='word_1_128' title='bbox 596 659 727 696; x_wconf 75' lang='lat' dir='ltr'>Missam</span> <span class='ocrx_word' id='word_1_129' title='bbox 738 658 837 694; x_wconf 86' lang='lat' dir='ltr'>nobis</span> <span class='ocrx_word' id='word_1_130' title='bbox 848 658 1031 693; x_wconf 67' lang='lat' dir='ltr'>obiestanr.</span> <span class='ocrx_word' id='word_1_131' title='bbox 1043 658 1123 691; x_wconf 85' lang='lat' dir='ltr'>Eam</span> <span class='ocrx_word' id='word_1_132' title='bbox 1134 657 1226 690; x_wconf 89' lang='lat' dir='ltr'>enim</span> <span class='ocrx_word' id='word_1_133' title='bbox 1237 652 1296 689; x_wconf 81' lang='lat' dir='ltr'>else</span> <span class='ocrx_word' id='word_1_134' title='bbox 1306 652 1555 702; x_wconf 83' lang='lat' dir='ltr'>dispositionem</span> <span class='ocrx_word' id='word_1_135' title='bbox 1568 657 1838 701; x_wconf 77' lang='lat' dir='ltr'>interpretantur,</span> <span class='ocrx_word' id='word_1_136' title='bbox 1850 655 1952 701; x_wconf 65' lang='lat' dir='ltr'>quam</span> <span class='ocrx_word' id='word_1_137' title='bbox 1962 654 2083 690; x_wconf 84' lang='lat' dir='ltr'>Paulus</span> <span class='ocrx_word' id='word_1_138' title='bbox 2090 655 2150 692; x_wconf 79' lang='lat' dir='ltr'>hie</span> 
     </span>
     <span class='ocr_line' id='line_1_14' title="bbox 304 701 2150 763; baseline -0.008 -14"><span class='ocrx_word' id='word_1_139' title='bbox 304 709 582 763; x_wconf 72' lang='lat' dir='ltr'>promittitzquast</span> <span class='ocrx_word' id='word_1_140' title='bbox 592 709 672 744; x_wconf 77' lang='lat' dir='ltr'>verb</span> <span class='ocrx_word' id='word_1_141' title='bbox 683 707 741 743; x_wconf 84' lang='lat' dir='ltr'>sibi</span> <span class='ocrx_word' id='word_1_142' title='bbox 751 704 934 756; x_wconf 80' lang='lat' dir='ltr'>permiserit</span> <span class='ocrx_word' id='word_1_143' title='bbox 944 717 1099 741; x_wconf 65' lang='lat' dir='ltr'>aeternam</span> <span class='ocrx_word' id='word_1_144' title='bbox 1111 704 1235 739; x_wconf 86' lang='lat' dir='ltr'>Christi</span> <span class='ocrx_word' id='word_1_145' title='bbox 1247 703 1511 740; x_wconf 80' lang='lat' dir='ltr'>ordinationem,</span> <span class='ocrx_word' id='word_1_146' title='bbox 1523 715 1624 750; x_wconf 85' lang='lat' dir='ltr'>quarn</span> <span class='ocrx_word' id='word_1_147' title='bbox 1636 702 1692 737; x_wconf 82' lang='lat' dir='ltr'>hic</span> <span class='ocrx_word' id='word_1_148' title='bbox 1701 701 1786 736; x_wconf 76' lang='lat' dir='ltr'>clare</span> <span class='ocrx_word' id='word_1_149' title='bbox 1795 701 1958 750; x_wconf 76' lang='lat' dir='ltr'>approbat</span> <span class='ocrx_word' id='word_1_150' title='bbox 1967 728 1977 743; x_wconf 86' lang='lat'><em>,</em></span> <span class='ocrx_word' id='word_1_151' title='bbox 1995 715 2150 739; x_wconf 72' lang='lat' dir='ltr'>euertere.</span> 
     </span>
     <span class='ocr_line' id='line_1_15' title="bbox 304 749 2150 810; baseline -0.006 -13"><span class='ocrx_word' id='word_1_152' title='bbox 304 762 387 810; x_wconf 80' lang='lat' dir='ltr'>quid</span> <span class='ocrx_word' id='word_1_153' title='bbox 400 763 493 796; x_wconf 89' lang='lat' dir='ltr'>enim</span> <span class='ocrx_word' id='word_1_154' title='bbox 501 758 600 794; x_wconf 84' lang='lat' dir='ltr'>habet</span> <span class='ocrx_word' id='word_1_155' title='bbox 609 757 714 794; x_wconf 86' lang='lat' dir='ltr'>simile</span> <span class='ocrx_word' id='word_1_156' title='bbox 724 755 820 792; x_wconf 81' lang='lat' dir='ltr'>Miffa</span> <span class='ocrx_word' id='word_1_157' title='bbox 831 767 911 790; x_wconf 87' lang='lat' dir='ltr'>curn</span> <span class='ocrx_word' id='word_1_158' title='bbox 926 754 1050 790; x_wconf 63' lang='lat' dir='ltr'>chtisti</span> <span class='ocrx_word' id='word_1_159' title='bbox 1061 754 1213 788; x_wconf 87' lang='lat' dir='ltr'>instituto</span> <span class='ocrx_word' id='word_1_160' title='bbox 1223 754 1235 785; x_wconf 87' lang='lat'>?</span> <span class='ocrx_word' id='word_1_161' title='bbox 1244 753 1306 786; x_wconf 88' lang='lat' dir='ltr'>Sed</span> <span class='ocrx_word' id='word_1_162' title='bbox 1315 749 1467 786; x_wconf 70' lang='lat' dir='ltr'>faccffmt</span> <span class='ocrx_word' id='word_1_163' title='bbox 1477 750 1557 785; x_wconf 87' lang='lat' dir='ltr'>tales</span> <span class='ocrx_word' id='word_1_164' title='bbox 1567 763 1663 799; x_wconf 84' lang='lat' dir='ltr'>nugae</span> <span class='ocrx_word' id='word_1_165' title='bbox 1677 764 1684 783; x_wconf 88' lang='lat'>:</span> <span class='ocrx_word' id='word_1_166' title='bbox 1695 762 1802 797; x_wconf 88' lang='lat' dir='ltr'>quum</span> <span class='ocrx_word' id='word_1_167' title='bbox 1813 762 1940 785; x_wconf 86' lang='lat' dir='ltr'>certum</span> <span class='ocrx_word' id='word_1_168' title='bbox 1950 750 1999 789; x_wconf 80' lang='lat' dir='ltr'>sit,</span> <span class='ocrx_word' id='word_1_169' title='bbox 2007 751 2150 789; x_wconf 87' lang='lat' dir='ltr'>Paulum</span> 
     </span>
    </p>
   </div>
   <div class='ocr_carea' id='block_1_5' title="bbox 306 798 2152 893">
    <p class='ocr_par' dir='ltr' id='par_1_6' title="bbox 306 798 2152 893">
     <span class='ocr_line' id='line_1_16' title="bbox 306 798 2152 851; baseline -0.005 -6"><span class='ocrx_word' id='word_1_170' title='bbox 306 823 380 845; x_wconf 86' lang='lat' dir='ltr'>non</span> <span class='ocrx_word' id='word_1_171' title='bbox 390 808 452 845; x_wconf 74' lang='lat' dir='ltr'>nili</span> <span class='ocrx_word' id='word_1_172' title='bbox 459 809 501 843; x_wconf 84' lang='lat' dir='ltr'>de</span> <span class='ocrx_word' id='word_1_173' title='bbox 510 819 648 842; x_wconf 86' lang='lat' dir='ltr'>externo</span> <span class='ocrx_word' id='word_1_174' title='bbox 658 808 780 842; x_wconf 86' lang='lat' dir='ltr'>decoro</span> <span class='ocrx_word' id='word_1_175' title='bbox 791 803 994 851; x_wconf 76' lang='lat' dir='ltr'>loquitquod</span> <span class='ocrx_word' id='word_1_176' title='bbox 1004 813 1039 838; x_wconf 88' lang='lat' dir='ltr'>vt</span> <span class='ocrx_word' id='word_1_177' title='bbox 1049 805 1085 838; x_wconf 86' lang='lat' dir='ltr'>in</span> <span class='ocrx_word' id='word_1_178' title='bbox 1097 800 1247 838; x_wconf 86' lang='lat' dir='ltr'>libertate</span> <span class='ocrx_word' id='word_1_179' title='bbox 1254 799 1405 837; x_wconf 84' lang='lat' dir='ltr'>Ecclesiae</span> <span class='ocrx_word' id='word_1_180' title='bbox 1415 798 1562 848; x_wconf 88' lang='lat' dir='ltr'>positum</span> <span class='ocrx_word' id='word_1_181' title='bbox 1573 800 1616 835; x_wconf 87' lang='lat' dir='ltr'>est</span> <span class='ocrx_word' id='word_1_182' title='bbox 1630 823 1641 839; x_wconf 88' lang='lat'><em>‚</em></span> <span class='ocrx_word' id='word_1_183' title='bbox 1653 802 1698 834; x_wconf 86' lang='lat' dir='ltr'>ita</span> <span class='ocrx_word' id='word_1_184' title='bbox 1707 811 1769 847; x_wconf 86' lang='lat' dir='ltr'>pro</span> <span class='ocrx_word' id='word_1_185' title='bbox 1779 809 1973 848; x_wconf 87' lang='lat' dir='ltr'>temporum</span> <span class='ocrx_word' id='word_1_186' title='bbox 1982 798 2152 840; x_wconf 79' lang='lat' dir='ltr'>locorum,</span> 
     </span>
     <span class='ocr_line' id='line_1_17' title="bbox 307 851 982 893; baseline -0.01 0"><span class='ocrx_word' id='word_1_187' title='bbox 307 858 492 893; x_wconf 79' lang='lat' dir='ltr'>hominum</span> <span class='ocrx_word' id='word_1_188' title='bbox 500 858 698 892; x_wconf 88' lang='lat' dir='ltr'>conditione</span> <span class='ocrx_word' id='word_1_189' title='bbox 708 853 865 890; x_wconf 86' lang='lat' dir='ltr'>constitui</span> <span class='ocrx_word' id='word_1_190' title='bbox 872 851 982 887; x_wconf 86' lang='lat' dir='ltr'>debet.</span> 
     </span>
    </p>
   </div>
   <div class='ocr_carea' id='block_1_6' title="bbox 304 947 1334 1143">
    <p class='ocr_par' dir='ltr' id='par_1_7' title="bbox 304 947 1334 1143">
     <span class='ocr_line' id='line_1_18' title="bbox 1024 947 1334 990; baseline -0.013 -2"><span class='ocrx_word' id='word_1_191' title='bbox 1024 951 1056 988; x_wconf 81' lang='lat' dir='ltr'>C</span> <span class='ocrx_word' id='word_1_192' title='bbox 1081 956 1112 989; x_wconf 84' lang='grc' dir='ltr'>Α</span> <span class='ocrx_word' id='word_1_193' title='bbox 1135 955 1172 990; x_wconf 85' lang='grc' dir='ltr'>Ρ.</span> <span class='ocrx_word' id='word_1_194' title='bbox 1226 953 1258 987; x_wconf 91' lang='lat' dir='ltr'>X</span> <span class='ocrx_word' id='word_1_195' title='bbox 1276 947 1334 987; x_wconf 67' lang='lat'>11⁴</span> 
     </span>
     <span class='ocr_line' id='line_1_19' title="bbox 304 1030 1260 1143; baseline -0.006 -63"><span class='ocrx_word' id='word_1_196' title='bbox 304 1037 474 1143; x_wconf 59' lang='lat' dir='ltr'>Pom)</span> <span class='ocrx_word' id='word_1_197' title='bbox 483 1030 777 1096; x_wconf 76' lang='lat' dir='ltr'>despirt&#39;taalibus,</span> <span class='ocrx_word' id='word_1_198' title='bbox 787 1034 1010 1090; x_wconf 58' lang='grc' dir='ltr'>ῥαίνει-,κοῖα</span> <span class='ocrx_word' id='word_1_199' title='bbox 1019 1047 1086 1074; x_wconf 83' lang='lat' dir='ltr'>vos</span> <span class='ocrx_word' id='word_1_200' title='bbox 1096 1036 1260 1089; x_wconf 80' lang='lat' dir='ltr'>ignorare.</span> 
     </span>
    </p>
   </div>
   <div class='ocr_carea' id='block_1_7' title="bbox 303 1083 2156 1376">
    <p class='ocr_par' dir='ltr' id='par_1_8' title="bbox 303 1083 2156 1376">
     <span class='ocr_line' id='line_1_20' title="bbox 449 1083 2057 1148; baseline -0.006 -12"><span class='ocrx_word' id='word_1_201' title='bbox 449 1111 470 1136; x_wconf 83' lang='lat'>2</span> <span class='ocrx_word' id='word_1_202' title='bbox 514 1098 623 1140; x_wconf 75' lang='lat' dir='ltr'>Scitis,</span> <span class='ocrx_word' id='word_1_203' title='bbox 634 1106 739 1148; x_wconf 84' lang='lat' dir='ltr'>quum</span> <span class='ocrx_word' id='word_1_204' title='bbox 752 1100 877 1133; x_wconf 81' lang='lat' dir='ltr'>Gentes</span> <span class='ocrx_word' id='word_1_205' title='bbox 889 1097 1004 1140; x_wconf 78' lang='lat' dir='ltr'>eratis,</span> <span class='ocrx_word' id='word_1_206' title='bbox 1019 1083 1370 1148; x_wconf 72' lang='lat' dir='ltr'>qualiterfimttlarhrae</span> <span class='ocrx_word' id='word_1_207' title='bbox 1379 1097 1587 1143; x_wconf 82' lang='lat' dir='ltr'>muta,pr0ut</span> <span class='ocrx_word' id='word_1_208' title='bbox 1595 1083 1823 1134; x_wconf 77' lang='lat' dir='ltr'>ducebamini,</span> <span class='ocrx_word' id='word_1_209' title='bbox 1822 1084 1863 1140; x_wconf 73' lang='lat' dir='ltr'><em>ft</em></span> <span class='ocrx_word' id='word_1_210' title='bbox 1889 1089 1964 1127; x_wconf 76' lang='lat' dir='ltr'>uun·</span> <span class='ocrx_word' id='word_1_211' title='bbox 1986 1090 2057 1127; x_wconf 71' lang='lat' dir='ltr'>ztir.</span> 
     </span>
     <span class='ocr_line' id='line_1_21' title="bbox 360 1141 2156 1207; baseline -0.004 -15"><span class='ocrx_word' id='word_1_212' title='bbox 360 1168 376 1204; x_wconf 86' lang='lat'><em>3</em></span> <span class='ocrx_word' id='word_1_213' title='bbox 437 1148 680 1207; x_wconf 49' lang='lat' dir='ltr'>§Quamobrem</span> <span class='ocrx_word' id='word_1_214' title='bbox 690 1159 809 1188; x_wconf 81' lang='lat' dir='ltr'>notum</span> <span class='ocrx_word' id='word_1_215' title='bbox 819 1146 1017 1200; x_wconf 76' lang='lat' dir='ltr'>vobisfhcio</span> <span class='ocrx_word' id='word_1_216' title='bbox 1027 1145 1123 1202; x_wconf 71' lang='lat' dir='ltr'>qubd</span> <span class='ocrx_word' id='word_1_217' title='bbox 1126 1160 1227 1186; x_wconf 86' lang='lat' dir='ltr'>nemo</span> <span class='ocrx_word' id='word_1_218' title='bbox 1240 1152 1279 1187; x_wconf 85' lang='lat' dir='ltr'>in</span> <span class='ocrx_word' id='word_1_219' title='bbox 1290 1149 1416 1200; x_wconf 81' lang='lat' dir='ltr'>Spiritu</span> <span class='ocrx_word' id='word_1_220' title='bbox 1428 1148 1497 1183; x_wconf 78' lang='lat' dir='ltr'>Dei</span> <span class='ocrx_word' id='word_1_221' title='bbox 1507 1143 1665 1199; x_wconf 77' lang='lat' dir='ltr'>loquens,</span> <span class='ocrx_word' id='word_1_222' title='bbox 1685 1142 1768 1183; x_wconf 73' lang='lat' dir='ltr'>dicit</span> <span class='ocrx_word' id='word_1_223' title='bbox 1776 1154 1863 1184; x_wconf 76' lang='lat' dir='ltr'>anat</span> <span class='ocrx_word' id='word_1_224' title='bbox 1886 1157 1963 1183; x_wconf 78' lang='lat' dir='ltr'>ema</span> <span class='ocrx_word' id='word_1_225' title='bbox 1975 1141 2097 1198; x_wconf 73' lang='lat' dir='ltr'>lefiam.</span> <span class='ocrx_word' id='word_1_226' title='bbox 2113 1143 2156 1193; x_wconf 74' lang='grc' dir='ltr'>ἀ·</span> 
     </span>
     <span class='ocr_line' id='line_1_22' title="bbox 303 1201 1454 1265; baseline -0.008 -16"><span class='ocrx_word' id='word_1_227' title='bbox 303 1223 405 1250; x_wconf 80' lang='lat' dir='ltr'>nemo</span> <span class='ocrx_word' id='word_1_228' title='bbox 411 1212 527 1265; x_wconf 74' lang='lat' dir='ltr'>poteft</span> <span class='ocrx_word' id='word_1_229' title='bbox 535 1207 644 1246; x_wconf 82' lang='lat' dir='ltr'>dicere</span> <span class='ocrx_word' id='word_1_230' title='bbox 654 1207 850 1245; x_wconf 85' lang='lat' dir='ltr'>Dominum</span> <span class='ocrx_word' id='word_1_231' title='bbox 860 1203 1049 1259; x_wconf 64' lang='lat' dir='ltr'>lesummtfi</span> <span class='ocrx_word' id='word_1_232' title='bbox 1049 1214 1115 1258; x_wconf 89' lang='lat' dir='ltr'>per</span> <span class='ocrx_word' id='word_1_233' title='bbox 1122 1205 1278 1258; x_wconf 85' lang='lat' dir='ltr'>Spiritum</span> <span class='ocrx_word' id='word_1_234' title='bbox 1279 1201 1454 1256; x_wconf 57' lang='lat' dir='ltr'>sanetum.</span> 
     </span>
     <span class='ocr_line' id='line_1_23' title="bbox 359 1257 1394 1319; baseline -0.007 -15"><span class='ocrx_word' id='word_1_235' title='bbox 359 1281 389 1316; x_wconf 86' lang='lat'>4</span> <span class='ocrx_word' id='word_1_236' title='bbox 445 1263 642 1319; x_wconf 65' lang='lat' dir='ltr'>Diuffiones</span> <span class='ocrx_word' id='word_1_237' title='bbox 652 1271 766 1299; x_wconf 85' lang='lat' dir='ltr'>autem</span> <span class='ocrx_word' id='word_1_238' title='bbox 776 1257 1106 1314; x_wconf 56' lang='lat' dir='ltr'>donorumsimnfi’d</span> <span class='ocrx_word' id='word_1_239' title='bbox 1114 1273 1209 1299; x_wconf 76' lang='lat' dir='ltr'>vnus</span> <span class='ocrx_word' id='word_1_240' title='bbox 1223 1261 1366 1314; x_wconf 77' lang='lat' dir='ltr'>Spiritus</span> <span class='ocrx_word' id='word_1_241' title='bbox 1385 1274 1394 1297; x_wconf 78' lang='lat' dir='ltr'>z</span> 
     </span>
     <span class='ocr_line' id='line_1_24' title="bbox 360 1308 1408 1376; baseline -0.004 -17"><span class='ocrx_word' id='word_1_242' title='bbox 360 1336 376 1375; x_wconf 84' lang='lat'>5</span> <span class='ocrx_word' id='word_1_243' title='bbox 439 1327 465 1358; x_wconf 78' lang='grc' dir='ltr'><em>Ε</em></span> <span class='ocrx_word' id='word_1_244' title='bbox 470 1330 487 1358; x_wconf 85' lang='lat' dir='ltr'>t</span> <span class='ocrx_word' id='word_1_245' title='bbox 493 1317 678 1376; x_wconf 76' lang='lat' dir='ltr'>diut&#39;fiones</span> <span class='ocrx_word' id='word_1_246' title='bbox 686 1308 1106 1370; x_wconf 66' lang='lat' dir='ltr'>ministeriorumsimtfid</span> <span class='ocrx_word' id='word_1_247' title='bbox 1111 1329 1208 1354; x_wconf 86' lang='lat' dir='ltr'>vnus</span> <span class='ocrx_word' id='word_1_248' title='bbox 1219 1321 1408 1356; x_wconf 69' lang='lat' dir='ltr'>Dominus:</span> 
     </span>
    </p>
   </div>
   <div class='ocr_carea' id='block_1_8' title="bbox 308 1367 2182 3424">
    <p class='ocr_par' dir='ltr' id='par_1_9' title="bbox 361 1367 1872 1429">
     <span class='ocr_line' id='line_1_25' title="bbox 361 1367 1872 1429; baseline -0.005 -11"><span class='ocrx_word' id='word_1_249' title='bbox 361 1386 384 1418; x_wconf 89' lang='lat'><strong>6</strong></span> <span class='ocrx_word' id='word_1_250' title='bbox 442 1382 489 1416; x_wconf 79' lang='lat' dir='ltr'>Et</span> <span class='ocrx_word' id='word_1_251' title='bbox 495 1370 1052 1429; x_wconf 65' lang='lat' dir='ltr'>diusfionesfhcultatumsimtfid</span> <span class='ocrx_word' id='word_1_252' title='bbox 1059 1378 1157 1411; x_wconf 80' lang='lat' dir='ltr'>Deus</span> <span class='ocrx_word' id='word_1_253' title='bbox 1168 1375 1341 1425; x_wconf 79' lang='lat' dir='ltr'>vnus,qui</span> <span class='ocrx_word' id='word_1_254' title='bbox 1351 1380 1514 1426; x_wconf 79' lang='lat' dir='ltr'>operatur</span> <span class='ocrx_word' id='word_1_255' title='bbox 1521 1370 1639 1409; x_wconf 83' lang='lat' dir='ltr'>omnia</span> <span class='ocrx_word' id='word_1_256' title='bbox 1649 1372 1690 1408; x_wconf 83' lang='lat' dir='ltr'>in</span> <span class='ocrx_word' id='word_1_257' title='bbox 1699 1367 1872 1411; x_wconf 79' lang='lat' dir='ltr'>omnihus.</span> 
     </span>
    </p>

    <p class='ocr_par' dir='ltr' id='par_1_10' title="bbox 359 1425 1524 1487">
     <span class='ocr_line' id='line_1_26' title="bbox 359 1425 1524 1487; baseline -0.008 -14"><span class='ocrx_word' id='word_1_258' title='bbox 359 1449 387 1487; x_wconf 94' lang='lat'>7</span> <span class='ocrx_word' id='word_1_259' title='bbox 445 1439 477 1473; x_wconf 91' lang='lat' dir='ltr'><em>V</em></span> <span class='ocrx_word' id='word_1_260' title='bbox 477 1434 637 1485; x_wconf 75' lang='lat' dir='ltr'>nimique</span> <span class='ocrx_word' id='word_1_261' title='bbox 647 1439 762 1468; x_wconf 78' lang='lat' dir='ltr'>autem</span> <span class='ocrx_word' id='word_1_262' title='bbox 771 1426 875 1468; x_wconf 73' lang='lat' dir='ltr'>datur</span> <span class='ocrx_word' id='word_1_263' title='bbox 880 1427 1106 1482; x_wconf 82' lang='lat' dir='ltr'>manifestatio</span> <span class='ocrx_word' id='word_1_264' title='bbox 1115 1430 1260 1482; x_wconf 79' lang='lat' dir='ltr'>Spiritus</span> <span class='ocrx_word' id='word_1_265' title='bbox 1269 1425 1319 1466; x_wconf 86' lang='lat' dir='ltr'>ad</span> <span class='ocrx_word' id='word_1_266' title='bbox 1324 1426 1524 1466; x_wconf 78' lang='lat' dir='ltr'>vtilitatem.</span> 
     </span>
    </p>

    <p class='ocr_par' dir='ltr' id='par_1_11' title="bbox 308 1481 2167 2461">
     <span class='ocr_line' id='line_1_27' title="bbox 353 1481 2165 1534; baseline -0.001 -14"><span class='ocrx_word' id='word_1_267' title='bbox 353 1502 369 1526; x_wconf 89' lang='lat'>1</span> <span class='ocrx_word' id='word_1_268' title='bbox 418 1484 509 1524; x_wconf 57' lang='lat' dir='ltr'>Porri&gt;</span> <span class='ocrx_word' id='word_1_269' title='bbox 519 1485 556 1520; x_wconf 84' lang='lat' dir='ltr'>de</span> <span class='ocrx_word' id='word_1_270' title='bbox 558 1483 796 1534; x_wconf 75' lang='lat' dir='ltr'>spiritualibus.)</span> <span class='ocrx_word' id='word_1_271' title='bbox 847 1483 976 1518; x_wconf 80' lang='lat' dir='ltr'>Transit</span> <span class='ocrx_word' id='word_1_272' title='bbox 987 1484 1027 1517; x_wconf 88' lang='lat' dir='ltr'>ad</span> <span class='ocrx_word' id='word_1_273' title='bbox 1036 1485 1155 1517; x_wconf 89' lang='lat' dir='ltr'>vitium</span> <span class='ocrx_word' id='word_1_274' title='bbox 1167 1481 1259 1517; x_wconf 87' lang='lat' dir='ltr'>aliud</span> <span class='ocrx_word' id='word_1_275' title='bbox 1273 1483 1510 1530; x_wconf 84' lang='lat' dir='ltr'>corrigendum</span> <span class='ocrx_word' id='word_1_276' title='bbox 1521 1495 1530 1513; x_wconf 92' lang='lat'><em>:</em></span> <span class='ocrx_word' id='word_1_277' title='bbox 1541 1493 1664 1529; x_wconf 85' lang='lat' dir='ltr'>nempe</span> <span class='ocrx_word' id='word_1_278' title='bbox 1674 1483 1838 1528; x_wconf 87' lang='lat' dir='ltr'>quoniam</span> <span class='ocrx_word' id='word_1_279' title='bbox 1849 1481 2070 1518; x_wconf 82' lang='lat' dir='ltr'>abutebantur</span> <span class='ocrx_word' id='word_1_280' title='bbox 2081 1482 2165 1520; x_wconf 52' lang='lat' dir='ltr'>Coss·</span> 
     </span>
     <span class='ocr_line' id='line_1_28' title="bbox 309 1530 2162 1579; baseline -0.004 -5"><span class='ocrx_word' id='word_1_281' title='bbox 309 1538 431 1575; x_wconf 84' lang='lat' dir='ltr'>tinthii</span> <span class='ocrx_word' id='word_1_282' title='bbox 440 1538 504 1572; x_wconf 88' lang='lat' dir='ltr'>Dei</span> <span class='ocrx_word' id='word_1_283' title='bbox 515 1536 612 1569; x_wconf 88' lang='lat' dir='ltr'>donis</span> <span class='ocrx_word' id='word_1_284' title='bbox 623 1533 662 1568; x_wconf 88' lang='lat' dir='ltr'>ad</span> <span class='ocrx_word' id='word_1_285' title='bbox 671 1534 929 1567; x_wconf 84' lang='lat' dir='ltr'>ostentationem</span> <span class='ocrx_word' id='word_1_286' title='bbox 942 1537 974 1567; x_wconf 87' lang='lat'>&amp;</span> <span class='ocrx_word' id='word_1_287' title='bbox 985 1543 1148 1579; x_wconf 86' lang='lat' dir='ltr'>pompam</span> <span class='ocrx_word' id='word_1_288' title='bbox 1157 1553 1167 1568; x_wconf 88' lang='lat'>‚</span> <span class='ocrx_word' id='word_1_289' title='bbox 1183 1531 1352 1566; x_wconf 87' lang='lat' dir='ltr'>charitatis</span> <span class='ocrx_word' id='word_1_290' title='bbox 1361 1530 1455 1565; x_wconf 76' lang='lat' dir='ltr'>nulla</span> <span class='ocrx_word' id='word_1_291' title='bbox 1465 1541 1531 1564; x_wconf 76' lang='lat' dir='ltr'>erat</span> <span class='ocrx_word' id='word_1_292' title='bbox 1548 1542 1604 1564; x_wconf 86' lang='lat' dir='ltr'>aut</span> <span class='ocrx_word' id='word_1_293' title='bbox 1616 1532 1831 1577; x_wconf 84' lang='lat' dir='ltr'>exiguacura.</span> <span class='ocrx_word' id='word_1_294' title='bbox 1846 1531 1944 1565; x_wconf 88' lang='lat' dir='ltr'>docet</span> <span class='ocrx_word' id='word_1_295' title='bbox 1956 1533 1992 1567; x_wconf 89' lang='lat' dir='ltr'>in</span> <span class='ocrx_word' id='word_1_296' title='bbox 2005 1544 2108 1579; x_wconf 87' lang='lat' dir='ltr'>quem</span> <span class='ocrx_word' id='word_1_297' title='bbox 2117 1532 2162 1568; x_wconf 80' lang='lat' dir='ltr'>fi—</span> 
     </span>
     <span class='ocr_line' id='line_1_29' title="bbox 309 1576 2161 1634; baseline -0.005 -10"><span class='ocrx_word' id='word_1_298' title='bbox 309 1600 389 1624; x_wconf 86' lang='lat' dir='ltr'>nem</span> <span class='ocrx_word' id='word_1_299' title='bbox 400 1582 623 1634; x_wconf 80' lang='lat' dir='ltr'>spiritualibus</span> <span class='ocrx_word' id='word_1_300' title='bbox 639 1583 752 1629; x_wconf 78' lang='lat' dir='ltr'>gtatiis</span> <span class='ocrx_word' id='word_1_301' title='bbox 764 1592 926 1615; x_wconf 87' lang='lat' dir='ltr'>ornentur</span> <span class='ocrx_word' id='word_1_302' title='bbox 936 1581 954 1615; x_wconf 75' lang='lat' dir='ltr'>a</span> <span class='ocrx_word' id='word_1_303' title='bbox 963 1582 1038 1614; x_wconf 88' lang='lat' dir='ltr'>Deo</span> <span class='ocrx_word' id='word_1_304' title='bbox 1049 1578 1158 1614; x_wconf 83' lang='lat' dir='ltr'>fideles</span> <span class='ocrx_word' id='word_1_305' title='bbox 1167 1592 1175 1612; x_wconf 72' lang='grc' dir='ltr'>ι</span> <span class='ocrx_word' id='word_1_306' title='bbox 1183 1579 1248 1613; x_wconf 92' lang='lat' dir='ltr'>hoc</span> <span class='ocrx_word' id='word_1_307' title='bbox 1260 1579 1355 1620; x_wconf 88' lang='lat' dir='ltr'>est,in</span> <span class='ocrx_word' id='word_1_308' title='bbox 1367 1578 1506 1622; x_wconf 84' lang='lat' dir='ltr'>fratrum</span> <span class='ocrx_word' id='word_1_309' title='bbox 1516 1576 1774 1622; x_wconf 69' lang='lat' dir='ltr'>edificationem.</span> <span class='ocrx_word' id='word_1_310' title='bbox 1786 1579 1848 1614; x_wconf 88' lang='lat' dir='ltr'>Sed</span> <span class='ocrx_word' id='word_1_311' title='bbox 1858 1579 1945 1613; x_wconf 85' lang='lat' dir='ltr'>hanc</span> <span class='ocrx_word' id='word_1_312' title='bbox 1955 1580 2161 1628; x_wconf 75' lang='lat' dir='ltr'>propositio-</span> 
     </span>
     <span class='ocr_line' id='line_1_30' title="bbox 308 1625 2162 1677; baseline -0.003 -7"><span class='ocrx_word' id='word_1_313' title='bbox 308 1649 389 1672; x_wconf 86' lang='lat' dir='ltr'>nem</span> <span class='ocrx_word' id='word_1_314' title='bbox 397 1632 563 1669; x_wconf 89' lang='lat' dir='ltr'>distribuit</span> <span class='ocrx_word' id='word_1_315' title='bbox 575 1634 610 1665; x_wconf 89' lang='lat' dir='ltr'>in</span> <span class='ocrx_word' id='word_1_316' title='bbox 620 1631 687 1665; x_wconf 92' lang='lat' dir='ltr'>duo</span> <span class='ocrx_word' id='word_1_317' title='bbox 700 1629 857 1664; x_wconf 85' lang='lat' dir='ltr'>membra:</span> <span class='ocrx_word' id='word_1_318' title='bbox 870 1627 1019 1677; x_wconf 70' lang='lat' dir='ltr'>primum</span> <span class='ocrx_word' id='word_1_319' title='bbox 1033 1630 1125 1663; x_wconf 89' lang='lat' dir='ltr'>enim</span> <span class='ocrx_word' id='word_1_320' title='bbox 1134 1628 1304 1666; x_wconf 83' lang='lat' dir='ltr'>admonet,</span> <span class='ocrx_word' id='word_1_321' title='bbox 1322 1628 1438 1662; x_wconf 85' lang='lat' dir='ltr'>Deum</span> <span class='ocrx_word' id='word_1_322' title='bbox 1449 1625 1509 1661; x_wconf 81' lang='lat' dir='ltr'>else</span> <span class='ocrx_word' id='word_1_323' title='bbox 1518 1638 1669 1661; x_wconf 87' lang='lat' dir='ltr'>autorem</span> <span class='ocrx_word' id='word_1_324' title='bbox 1679 1652 1690 1667; x_wconf 93' lang='lat'>‚</span> <span class='ocrx_word' id='word_1_325' title='bbox 1701 1627 1820 1661; x_wconf 87' lang='lat' dir='ltr'>deinde</span> <span class='ocrx_word' id='word_1_326' title='bbox 1832 1628 1899 1661; x_wconf 90' lang='lat' dir='ltr'>hoc</span> <span class='ocrx_word' id='word_1_327' title='bbox 1909 1626 2030 1675; x_wconf 77' lang='lat' dir='ltr'>polito,</span> <span class='ocrx_word' id='word_1_328' title='bbox 2042 1629 2082 1663; x_wconf 90' lang='lat' dir='ltr'>de</span> <span class='ocrx_word' id='word_1_329' title='bbox 2093 1629 2162 1665; x_wconf 84' lang='lat' dir='ltr'>fine</span> 
     </span>
     <span class='ocr_line' id='line_1_31' title="bbox 309 1673 2162 1733; baseline -0.004 -14"><span class='ocrx_word' id='word_1_330' title='bbox 309 1684 464 1733; x_wconf 86' lang='lat' dir='ltr'>disputat.</span> <span class='ocrx_word' id='word_1_331' title='bbox 475 1684 519 1716; x_wconf 82' lang='lat' dir='ltr'>Ea</span> <span class='ocrx_word' id='word_1_332' title='bbox 530 1679 652 1728; x_wconf 90' lang='lat' dir='ltr'>quibus</span> <span class='ocrx_word' id='word_1_333' title='bbox 663 1676 905 1727; x_wconf 80' lang='lat' dir='ltr'>superbiebant,</span> <span class='ocrx_word' id='word_1_334' title='bbox 917 1679 1095 1725; x_wconf 86' lang='lat' dir='ltr'>prouenite</span> <span class='ocrx_word' id='word_1_335' title='bbox 1105 1675 1304 1711; x_wconf 86' lang='lat' dir='ltr'>hominibus</span> <span class='ocrx_word' id='word_1_336' title='bbox 1314 1688 1350 1710; x_wconf 89' lang='lat' dir='ltr'>ex</span> <span class='ocrx_word' id='word_1_337' title='bbox 1361 1677 1426 1710; x_wconf 89' lang='lat' dir='ltr'>Dei</span> <span class='ocrx_word' id='word_1_338' title='bbox 1436 1676 1692 1723; x_wconf 85' lang='lat' dir='ltr'>gratia,propri0</span> <span class='ocrx_word' id='word_1_339' title='bbox 1703 1673 1852 1722; x_wconf 88' lang='lat' dir='ltr'>ipsorum</span> <span class='ocrx_word' id='word_1_340' title='bbox 1866 1678 2071 1724; x_wconf 68' lang='lat' dir='ltr'>experimeto</span> <span class='ocrx_word' id='word_1_341' title='bbox 2079 1690 2162 1726; x_wconf 88' lang='lat' dir='ltr'>pro-</span> 
     </span>
     <span class='ocr_line' id='line_1_32' title="bbox 309 1721 2163 1774; baseline -0.005 -5"><span class='ocrx_word' id='word_1_342' title='bbox 309 1733 377 1769; x_wconf 87' lang='lat' dir='ltr'>bat.</span> <span class='ocrx_word' id='word_1_343' title='bbox 385 1731 512 1767; x_wconf 86' lang='lat' dir='ltr'>reducit</span> <span class='ocrx_word' id='word_1_344' title='bbox 524 1730 616 1763; x_wconf 88' lang='lat' dir='ltr'>enim</span> <span class='ocrx_word' id='word_1_345' title='bbox 627 1726 694 1762; x_wconf 89' lang='lat' dir='ltr'>illis</span> <span class='ocrx_word' id='word_1_346' title='bbox 704 1730 739 1761; x_wconf 89' lang='lat' dir='ltr'>in</span> <span class='ocrx_word' id='word_1_347' title='bbox 751 1728 949 1762; x_wconf 82' lang='lat' dir='ltr'>memoriam</span> <span class='ocrx_word' id='word_1_348' title='bbox 960 1726 1062 1773; x_wconf 78' lang='lat' dir='ltr'>quam</span> <span class='ocrx_word' id='word_1_349' title='bbox 1073 1725 1180 1763; x_wconf 85' lang='lat' dir='ltr'>tudes,</span> <span class='ocrx_word' id='word_1_350' title='bbox 1196 1725 1329 1773; x_wconf 89' lang='lat' dir='ltr'>stupidi,</span> <span class='ocrx_word' id='word_1_351' title='bbox 1339 1728 1373 1759; x_wconf 66' lang='lat' dir='ltr'>Se</span> <span class='ocrx_word' id='word_1_352' title='bbox 1384 1721 1650 1772; x_wconf 87' lang='lat' dir='ltr'>omnispirituali</span> <span class='ocrx_word' id='word_1_353' title='bbox 1660 1722 1734 1757; x_wconf 88' lang='lat' dir='ltr'>luce</span> <span class='ocrx_word' id='word_1_354' title='bbox 1746 1722 1894 1759; x_wconf 84' lang='lat' dir='ltr'>destituti</span> <span class='ocrx_word' id='word_1_355' title='bbox 1906 1724 2042 1763; x_wconf 75' lang='lat' dir='ltr'>suerint,</span> <span class='ocrx_word' id='word_1_356' title='bbox 2053 1724 2163 1774; x_wconf 85' lang='lat' dir='ltr'>prius-</span> 
     </span>
     <span class='ocr_line' id='line_1_33' title="bbox 310 1770 2164 1830; baseline -0.004 -14"><span class='ocrx_word' id='word_1_357' title='bbox 310 1794 413 1830; x_wconf 84' lang='lat' dir='ltr'>quam</span> <span class='ocrx_word' id='word_1_358' title='bbox 427 1781 446 1815; x_wconf 74' lang='lat' dir='ltr'>a</span> <span class='ocrx_word' id='word_1_359' title='bbox 457 1781 533 1813; x_wconf 91' lang='lat' dir='ltr'>Deo</span> <span class='ocrx_word' id='word_1_360' title='bbox 544 1786 751 1812; x_wconf 84' lang='lat' dir='ltr'>vocarentur.</span> <span class='ocrx_word' id='word_1_361' title='bbox 765 1786 854 1824; x_wconf 77' lang='lat' dir='ltr'>patet</span> <span class='ocrx_word' id='word_1_362' title='bbox 864 1786 943 1822; x_wconf 82' lang='lat' dir='ltr'>ergo</span> <span class='ocrx_word' id='word_1_363' title='bbox 954 1787 1026 1809; x_wconf 89' lang='lat' dir='ltr'>non</span> <span class='ocrx_word' id='word_1_364' title='bbox 1038 1771 1130 1808; x_wconf 79' lang='lat' dir='ltr'>fuisse</span> <span class='ocrx_word' id='word_1_365' title='bbox 1139 1775 1281 1808; x_wconf 79' lang='lat' dir='ltr'>anatura</span> <span class='ocrx_word' id='word_1_366' title='bbox 1292 1772 1537 1814; x_wconf 65' lang='lat' dir='ltr'>instructos,sed</span> <span class='ocrx_word' id='word_1_367' title='bbox 1547 1773 1693 1819; x_wconf 83' lang='lat' dir='ltr'>gratuita</span> <span class='ocrx_word' id='word_1_368' title='bbox 1701 1772 1767 1805; x_wconf 80' lang='lat' dir='ltr'>Dei</span> <span class='ocrx_word' id='word_1_369' title='bbox 1776 1770 1994 1820; x_wconf 82' lang='lat' dir='ltr'>benignitate.</span> <span class='ocrx_word' id='word_1_370' title='bbox 2009 1775 2114 1820; x_wconf 74' lang='lat' dir='ltr'>Qd</span> <span class='ocrx_word' id='word_1_371' title='bbox 2123 1776 2164 1809; x_wconf 83' lang='lat' dir='ltr'>ad</span> 
     </span>
     <span class='ocr_line' id='line_1_34' title="bbox 312 1819 2164 1877; baseline -0.005 -12"><span class='ocrx_word' id='word_1_372' title='bbox 312 1829 415 1865; x_wconf 86' lang='lat' dir='ltr'>verba</span> <span class='ocrx_word' id='word_1_373' title='bbox 425 1826 559 1877; x_wconf 59' lang='lat' dir='ltr'>spectat,</span> <span class='ocrx_word' id='word_1_374' title='bbox 571 1837 678 1872; x_wconf 88' lang='lat' dir='ltr'>quum</span> <span class='ocrx_word' id='word_1_375' title='bbox 688 1824 783 1862; x_wconf 90' lang='lat' dir='ltr'>dicit,</span> <span class='ocrx_word' id='word_1_376' title='bbox 795 1823 882 1858; x_wconf 86' lang='lat' dir='ltr'>Nolo</span> <span class='ocrx_word' id='word_1_377' title='bbox 891 1835 948 1857; x_wconf 88' lang='lat' dir='ltr'>vos</span> <span class='ocrx_word' id='word_1_378' title='bbox 959 1826 1096 1871; x_wconf 72' lang='lat' dir='ltr'>ignorare</span> <span class='ocrx_word' id='word_1_379' title='bbox 1110 1845 1120 1860; x_wconf 91' lang='lat'>‚</span> <span class='ocrx_word' id='word_1_380' title='bbox 1132 1820 1397 1857; x_wconf 78' lang='lat' dir='ltr'>subaudiendum</span> <span class='ocrx_word' id='word_1_381' title='bbox 1407 1821 1461 1859; x_wconf 89' lang='lat' dir='ltr'>est,</span> <span class='ocrx_word' id='word_1_382' title='bbox 1472 1821 1553 1869; x_wconf 91' lang='lat' dir='ltr'>quid</span> <span class='ocrx_word' id='word_1_383' title='bbox 1566 1822 1695 1855; x_wconf 65' lang='lat' dir='ltr'>tectum</span> <span class='ocrx_word' id='word_1_384' title='bbox 1707 1819 1744 1854; x_wconf 83' lang='lat' dir='ltr'>fit</span> <span class='ocrx_word' id='word_1_385' title='bbox 1752 1847 1763 1861; x_wconf 94' lang='lat'><em>‚</em></span> <span class='ocrx_word' id='word_1_386' title='bbox 1776 1820 1874 1867; x_wconf 85' lang='lat' dir='ltr'>quale</span> <span class='ocrx_word' id='word_1_387' title='bbox 1883 1819 1921 1855; x_wconf 85' lang='lat' dir='ltr'>sit</span> <span class='ocrx_word' id='word_1_388' title='bbox 1930 1822 2074 1859; x_wconf 76' lang='lat' dir='ltr'>vestrum</span> <span class='ocrx_word' id='word_1_389' title='bbox 2086 1821 2164 1857; x_wconf 78' lang='lat' dir='ltr'>offi-</span> 
     </span>
     <span class='ocr_line' id='line_1_35' title="bbox 313 1867 2162 1921; baseline -0.003 -11"><span class='ocrx_word' id='word_1_390' title='bbox 313 1881 406 1914; x_wconf 77' lang='lat' dir='ltr'>cium</span> <span class='ocrx_word' id='word_1_391' title='bbox 417 1901 427 1915; x_wconf 90' lang='lat'><em>,</em></span> <span class='ocrx_word' id='word_1_392' title='bbox 439 1887 494 1910; x_wconf 88' lang='lat' dir='ltr'>aut</span> <span class='ocrx_word' id='word_1_393' title='bbox 506 1874 633 1921; x_wconf 87' lang='lat' dir='ltr'>aliquid</span> <span class='ocrx_word' id='word_1_394' title='bbox 643 1871 758 1907; x_wconf 83' lang='lat' dir='ltr'>simile:</span> <span class='ocrx_word' id='word_1_395' title='bbox 772 1876 806 1907; x_wconf 72' lang='lat' dir='ltr'>Sc</span> <span class='ocrx_word' id='word_1_396' title='bbox 816 1870 998 1921; x_wconf 78' lang='lat' dir='ltr'>spiritualia</span> <span class='ocrx_word' id='word_1_397' title='bbox 1008 1881 1105 1905; x_wconf 87' lang='lat' dir='ltr'>vocat</span> <span class='ocrx_word' id='word_1_398' title='bbox 1115 1870 1298 1918; x_wconf 81' lang='lat' dir='ltr'>spirituales</span> <span class='ocrx_word' id='word_1_399' title='bbox 1308 1872 1441 1917; x_wconf 86' lang='lat' dir='ltr'>gratias,</span> <span class='ocrx_word' id='word_1_400' title='bbox 1451 1870 1490 1904; x_wconf 89' lang='lat' dir='ltr'>de</span> <span class='ocrx_word' id='word_1_401' title='bbox 1500 1867 1623 1917; x_wconf 89' lang='lat' dir='ltr'>quibus</span> <span class='ocrx_word' id='word_1_402' title='bbox 1634 1869 1748 1917; x_wconf 88' lang='lat' dir='ltr'>postea</span> <span class='ocrx_word' id='word_1_403' title='bbox 1758 1869 1956 1904; x_wconf 85' lang='lat' dir='ltr'>videbimus.</span> <span class='ocrx_word' id='word_1_404' title='bbox 1967 1871 2006 1904; x_wconf 90' lang='lat' dir='ltr'>ln</span> <span class='ocrx_word' id='word_1_405' title='bbox 2019 1869 2162 1917; x_wconf 72' lang='lat' dir='ltr'>sequen—</span> 
     </span>
     <span class='ocr_line' id='line_1_36' title="bbox 319 1915 2164 1974; baseline -0.005 -11"><span class='ocrx_word' id='word_1_406' title='bbox 319 1927 411 1963; x_wconf 89' lang='lat' dir='ltr'>tibus</span> <span class='ocrx_word' id='word_1_407' title='bbox 423 1923 545 1974; x_wconf 83' lang='lat' dir='ltr'>duplex</span> <span class='ocrx_word' id='word_1_408' title='bbox 556 1923 599 1957; x_wconf 86' lang='lat' dir='ltr'>est</span> <span class='ocrx_word' id='word_1_409' title='bbox 609 1921 711 1957; x_wconf 63' lang='lat' dir='ltr'>lectio</span> <span class='ocrx_word' id='word_1_410' title='bbox 723 1934 731 1955; x_wconf 89' lang='lat'><strong>:</strong></span> <span class='ocrx_word' id='word_1_411' title='bbox 749 1933 828 1955; x_wconf 85' lang='lat' dir='ltr'>nam</span> <span class='ocrx_word' id='word_1_412' title='bbox 836 1919 942 1967; x_wconf 87' lang='lat' dir='ltr'>aliqui</span> <span class='ocrx_word' id='word_1_413' title='bbox 951 1919 1082 1954; x_wconf 89' lang='lat' dir='ltr'>codices</span> <span class='ocrx_word' id='word_1_414' title='bbox 1092 1918 1216 1954; x_wconf 88' lang='lat' dir='ltr'>habent</span> <span class='ocrx_word' id='word_1_415' title='bbox 1234 1919 1391 1954; x_wconf 85' lang='lat' dir='ltr'>duntaxat</span> <span class='ocrx_word' id='word_1_416' title='bbox 1400 1917 1444 1951; x_wconf 67' lang='grc' dir='ltr'>ἔτι</span> <span class='ocrx_word' id='word_1_417' title='bbox 1452 1942 1462 1956; x_wconf 86' lang='grc'><strong><em>,</em></strong></span> <span class='ocrx_word' id='word_1_418' title='bbox 1472 1917 1530 1952; x_wconf 88' lang='lat' dir='ltr'>alii</span> <span class='ocrx_word' id='word_1_419' title='bbox 1539 1918 1664 1952; x_wconf 86' lang='lat' dir='ltr'>addunt</span> <span class='ocrx_word' id='word_1_420' title='bbox 1673 1915 1727 1951; x_wconf 61' lang='grc' dir='ltr'>ὅτε.</span> <span class='ocrx_word' id='word_1_421' title='bbox 1746 1918 1841 1952; x_wconf 88' lang='lat' dir='ltr'>Prius</span> <span class='ocrx_word' id='word_1_422' title='bbox 1849 1916 2012 1965; x_wconf 84' lang='lat' dir='ltr'>significat</span> <span class='ocrx_word' id='word_1_423' title='bbox 2021 1944 2034 1959; x_wconf 84' lang='lat'>,</span> <span class='ocrx_word' id='word_1_424' title='bbox 2045 1919 2164 1966; x_wconf 71' lang='lat' dir='ltr'>de,</span> 
     </span>
     <span class='ocr_line' id='line_1_37' title="bbox 322 1965 2166 2024; baseline -0.005 -12"><span class='ocrx_word' id='word_1_425' title='bbox 322 1974 546 2024; x_wconf 84' lang='lat' dir='ltr'>expositiuum</span> <span class='ocrx_word' id='word_1_426' title='bbox 565 1984 574 2005; x_wconf 80' lang='lat' dir='ltr'>t</span> <span class='ocrx_word' id='word_1_427' title='bbox 594 1968 775 2006; x_wconf 89' lang='lat' dir='ltr'>secundum</span> <span class='ocrx_word' id='word_1_428' title='bbox 786 1967 948 2016; x_wconf 82' lang='lat' dir='ltr'>significat</span> <span class='ocrx_word' id='word_1_429' title='bbox 958 1968 1119 2014; x_wconf 80' lang='lat' dir='ltr'>Qando.</span> <span class='ocrx_word' id='word_1_430' title='bbox 1138 1979 1238 2015; x_wconf 88' lang='lat' dir='ltr'>atque</span> <span class='ocrx_word' id='word_1_431' title='bbox 1254 1967 1323 2002; x_wconf 81' lang='lat' dir='ltr'>haec</span> <span class='ocrx_word' id='word_1_432' title='bbox 1334 1966 1437 2002; x_wconf 62' lang='lat' dir='ltr'>ledi-io</span> <span class='ocrx_word' id='word_1_433' title='bbox 1448 1966 1552 2015; x_wconf 75' lang='lat' dir='ltr'>longe</span> <span class='ocrx_word' id='word_1_434' title='bbox 1574 1965 1693 2001; x_wconf 87' lang='lat' dir='ltr'>melius</span> <span class='ocrx_word' id='word_1_435' title='bbox 1703 1966 1850 2013; x_wconf 86' lang='lat' dir='ltr'>quadrat.</span> <span class='ocrx_word' id='word_1_436' title='bbox 1867 1967 2032 2002; x_wconf 72' lang='lat' dir='ltr'>Caeterum</span> <span class='ocrx_word' id='word_1_437' title='bbox 2050 1979 2166 2015; x_wconf 84' lang='lat' dir='ltr'>praeter</span> 
     </span>
     <span class='ocr_line' id='line_1_38' title="bbox 316 2013 2166 2065; baseline -0.005 -5"><span class='ocrx_word' id='word_1_438' title='bbox 316 2025 404 2060; x_wconf 83' lang='lat' dir='ltr'>hanc</span> <span class='ocrx_word' id='word_1_439' title='bbox 427 2023 641 2058; x_wconf 60' lang='lat' dir='ltr'>varietatem,</span> <span class='ocrx_word' id='word_1_440' title='bbox 651 2017 780 2065; x_wconf 89' lang='lat' dir='ltr'>alioqui</span> <span class='ocrx_word' id='word_1_441' title='bbox 790 2016 978 2065; x_wconf 88' lang='lat' dir='ltr'>perturbata</span> <span class='ocrx_word' id='word_1_442' title='bbox 986 2017 1031 2050; x_wconf 85' lang='lat' dir='ltr'>est</span> <span class='ocrx_word' id='word_1_443' title='bbox 1040 2016 1246 2051; x_wconf 64' lang='lat' dir='ltr'>constructio</span> <span class='ocrx_word' id='word_1_444' title='bbox 1257 2040 1267 2053; x_wconf 92' lang='lat'>‚</span> <span class='ocrx_word' id='word_1_445' title='bbox 1280 2016 1332 2051; x_wconf 89' lang='lat' dir='ltr'>sed</span> <span class='ocrx_word' id='word_1_446' title='bbox 1340 2027 1453 2051; x_wconf 88' lang='lat' dir='ltr'>tamen</span> <span class='ocrx_word' id='word_1_447' title='bbox 1463 2014 1569 2050; x_wconf 87' lang='lat' dir='ltr'>clarus</span> <span class='ocrx_word' id='word_1_448' title='bbox 1582 2015 1626 2049; x_wconf 92' lang='lat' dir='ltr'>est</span> <span class='ocrx_word' id='word_1_449' title='bbox 1636 2013 1754 2049; x_wconf 89' lang='lat' dir='ltr'>sensus.</span> <span class='ocrx_word' id='word_1_450' title='bbox 1765 2015 1818 2048; x_wconf 83' lang='lat' dir='ltr'>Ad</span> <span class='ocrx_word' id='word_1_451' title='bbox 1830 2013 1970 2050; x_wconf 84' lang='lat' dir='ltr'>verbum</span> <span class='ocrx_word' id='word_1_452' title='bbox 1981 2015 2023 2050; x_wconf 85' lang='lat' dir='ltr'>iic</span> <span class='ocrx_word' id='word_1_453' title='bbox 2034 2017 2166 2053; x_wconf 82' lang='lat' dir='ltr'>est‚Sci·</span> 
     </span>
     <span class='ocr_line' id='line_1_39' title="bbox 319 2061 2167 2120; baseline -0.005 -12"><span class='ocrx_word' id='word_1_454' title='bbox 319 2075 363 2108; x_wconf 86' lang='lat' dir='ltr'>tis</span> <span class='ocrx_word' id='word_1_455' title='bbox 377 2071 469 2120; x_wconf 69' lang='lat' dir='ltr'>quod</span> <span class='ocrx_word' id='word_1_456' title='bbox 480 2079 587 2117; x_wconf 84' lang='lat' dir='ltr'>quum</span> <span class='ocrx_word' id='word_1_457' title='bbox 597 2068 724 2102; x_wconf 88' lang='lat' dir='ltr'>Gentes</span> <span class='ocrx_word' id='word_1_458' title='bbox 735 2067 830 2100; x_wconf 84' lang='lat' dir='ltr'>eratis</span> <span class='ocrx_word' id='word_1_459' title='bbox 840 2065 879 2099; x_wconf 89' lang='lat' dir='ltr'>ad</span> <span class='ocrx_word' id='word_1_460' title='bbox 890 2063 1086 2099; x_wconf 77' lang='lat' dir='ltr'>simulachra</span> <span class='ocrx_word' id='word_1_461' title='bbox 1095 2075 1188 2099; x_wconf 90' lang='lat' dir='ltr'>muta</span> <span class='ocrx_word' id='word_1_462' title='bbox 1197 2075 1297 2112; x_wconf 88' lang='lat' dir='ltr'>prout</span> <span class='ocrx_word' id='word_1_463' title='bbox 1308 2064 1521 2099; x_wconf 87' lang='lat' dir='ltr'>ducebamini</span> <span class='ocrx_word' id='word_1_464' title='bbox 1531 2062 1713 2111; x_wconf 85' lang='lat' dir='ltr'>sequentes:</span> <span class='ocrx_word' id='word_1_465' title='bbox 1726 2061 1776 2097; x_wconf 89' lang='lat' dir='ltr'>sed</span> <span class='ocrx_word' id='word_1_466' title='bbox 1787 2063 1913 2097; x_wconf 87' lang='lat' dir='ltr'>reddidi</span> <span class='ocrx_word' id='word_1_467' title='bbox 1931 2062 2070 2098; x_wconf 88' lang='lat' dir='ltr'>fideliter</span> <span class='ocrx_word' id='word_1_468' title='bbox 2081 2067 2167 2099; x_wconf 89' lang='lat' dir='ltr'>Pau-</span> 
     </span>
     <span class='ocr_line' id='line_1_40' title="bbox 320 2111 2166 2162; baseline -0.005 -5"><span class='ocrx_word' id='word_1_469' title='bbox 320 2121 346 2157; x_wconf 81' lang='lat' dir='ltr'>li</span> <span class='ocrx_word' id='word_1_470' title='bbox 361 2131 520 2156; x_wconf 88' lang='lat' dir='ltr'>mentem.</span> <span class='ocrx_word' id='word_1_471' title='bbox 570 2115 765 2151; x_wconf 63' lang='lat' dir='ltr'>simulachra</span> <span class='ocrx_word' id='word_1_472' title='bbox 776 2124 861 2149; x_wconf 79' lang='lat' dir='ltr'>muta</span> <span class='ocrx_word' id='word_1_473' title='bbox 880 2113 991 2162; x_wconf 88' lang='lat' dir='ltr'>posuit</span> <span class='ocrx_word' id='word_1_474' title='bbox 1000 2125 1062 2161; x_wconf 90' lang='lat' dir='ltr'>pro</span> <span class='ocrx_word' id='word_1_475' title='bbox 1081 2111 1171 2148; x_wconf 89' lang='lat' dir='ltr'>sensu</span> <span class='ocrx_word' id='word_1_476' title='bbox 1183 2112 1347 2159; x_wconf 75' lang='lat' dir='ltr'>motuque</span> <span class='ocrx_word' id='word_1_477' title='bbox 1368 2112 1567 2147; x_wconf 83' lang='lat' dir='ltr'>carentibus.</span> <span class='ocrx_word' id='word_1_478' title='bbox 1593 2114 1638 2146; x_wconf 87' lang='lat' dir='ltr'>Ex</span> <span class='ocrx_word' id='word_1_479' title='bbox 1647 2111 1713 2146; x_wconf 87' lang='lat' dir='ltr'>hoc</span> <span class='ocrx_word' id='word_1_480' title='bbox 1725 2111 1802 2145; x_wconf 88' lang='lat' dir='ltr'>loco</span> <span class='ocrx_word' id='word_1_481' title='bbox 1812 2111 1975 2147; x_wconf 86' lang='lat' dir='ltr'>discamus</span> <span class='ocrx_word' id='word_1_482' title='bbox 1994 2124 2117 2159; x_wconf 86' lang='lat' dir='ltr'>quanta</span> <span class='ocrx_word' id='word_1_483' title='bbox 2127 2113 2166 2149; x_wconf 85' lang='lat' dir='ltr'>fit</span> 
     </span>
     <span class='ocr_line' id='line_1_41' title="bbox 324 2159 2167 2210; baseline -0.006 -4"><span class='ocrx_word' id='word_1_484' title='bbox 324 2170 481 2206; x_wconf 81' lang='lat' dir='ltr'>humanae</span> <span class='ocrx_word' id='word_1_485' title='bbox 492 2167 614 2202; x_wconf 88' lang='lat' dir='ltr'>mentis</span> <span class='ocrx_word' id='word_1_486' title='bbox 623 2166 749 2200; x_wconf 84' lang='lat' dir='ltr'>caecitas</span> <span class='ocrx_word' id='word_1_487' title='bbox 759 2187 769 2201; x_wconf 87' lang='lat'>‚</span> <span class='ocrx_word' id='word_1_488' title='bbox 779 2175 886 2210; x_wconf 89' lang='lat' dir='ltr'>quum</span> <span class='ocrx_word' id='word_1_489' title='bbox 902 2163 1044 2210; x_wconf 84' lang='lat' dir='ltr'>Spiritus</span> <span class='ocrx_word' id='word_1_490' title='bbox 1055 2160 1157 2198; x_wconf 66' lang='lat' dir='ltr'>sancti</span> <span class='ocrx_word' id='word_1_491' title='bbox 1168 2160 1388 2196; x_wconf 86' lang='lat' dir='ltr'>illustratione</span> <span class='ocrx_word' id='word_1_492' title='bbox 1401 2162 1587 2196; x_wconf 86' lang='lat' dir='ltr'>destituitur</span> <span class='ocrx_word' id='word_1_493' title='bbox 1598 2187 1609 2201; x_wconf 84' lang='lat'>‚</span> <span class='ocrx_word' id='word_1_494' title='bbox 1618 2161 1710 2207; x_wconf 76' lang='lat' dir='ltr'>quod</span> <span class='ocrx_word' id='word_1_495' title='bbox 1721 2159 1919 2208; x_wconf 86' lang='lat' dir='ltr'>obstupescit</span> <span class='ocrx_word' id='word_1_496' title='bbox 1928 2161 1968 2195; x_wconf 90' lang='lat' dir='ltr'>ad</span> <span class='ocrx_word' id='word_1_497' title='bbox 1980 2172 2073 2196; x_wconf 86' lang='lat' dir='ltr'>muta</span> <span class='ocrx_word' id='word_1_498' title='bbox 2090 2162 2167 2196; x_wconf 90' lang='lat' dir='ltr'>ido-</span> 
     </span>
     <span class='ocr_line' id='line_1_42' title="bbox 321 2207 2167 2262; baseline -0.005 -7"><span class='ocrx_word' id='word_1_499' title='bbox 321 2218 354 2254; x_wconf 83' lang='lat' dir='ltr'>la</span> <span class='ocrx_word' id='word_1_500' title='bbox 365 2247 375 2258; x_wconf 88' lang='lat'><em>,</em></span> <span class='ocrx_word' id='word_1_501' title='bbox 383 2229 448 2254; x_wconf 85' lang='lat' dir='ltr'>nec</span> <span class='ocrx_word' id='word_1_502' title='bbox 470 2214 569 2250; x_wconf 88' lang='lat' dir='ltr'>altius</span> <span class='ocrx_word' id='word_1_503' title='bbox 582 2213 688 2262; x_wconf 89' lang='lat' dir='ltr'>potest</span> <span class='ocrx_word' id='word_1_504' title='bbox 698 2210 856 2259; x_wconf 71' lang='lat' dir='ltr'>assurgere</span> <span class='ocrx_word' id='word_1_505' title='bbox 867 2213 902 2245; x_wconf 92' lang='lat' dir='ltr'>in</span> <span class='ocrx_word' id='word_1_506' title='bbox 912 2213 988 2246; x_wconf 88' lang='lat' dir='ltr'>Deo</span> <span class='ocrx_word' id='word_1_507' title='bbox 998 2211 1193 2257; x_wconf 88' lang='lat' dir='ltr'>quaerendo:</span> <span class='ocrx_word' id='word_1_508' title='bbox 1207 2209 1280 2244; x_wconf 73' lang='lat' dir='ltr'>imo</span> <span class='ocrx_word' id='word_1_509' title='bbox 1289 2211 1388 2246; x_wconf 84' lang='lat' dir='ltr'>instar</span> <span class='ocrx_word' id='word_1_510' title='bbox 1399 2211 1536 2257; x_wconf 88' lang='lat' dir='ltr'>pecudis</span> <span class='ocrx_word' id='word_1_511' title='bbox 1552 2212 1660 2256; x_wconf 82' lang='lat' dir='ltr'>agitur</span> <span class='ocrx_word' id='word_1_512' title='bbox 1670 2210 1688 2242; x_wconf 78' lang='lat' dir='ltr'>a</span> <span class='ocrx_word' id='word_1_513' title='bbox 1698 2210 1826 2243; x_wconf 85' lang='lat' dir='ltr'>Satana.</span> <span class='ocrx_word' id='word_1_514' title='bbox 1848 2211 1970 2244; x_wconf 82' lang='lat' dir='ltr'>Gentes</span> <span class='ocrx_word' id='word_1_515' title='bbox 1981 2207 2035 2244; x_wconf 81' lang='lat' dir='ltr'>hic</span> <span class='ocrx_word' id='word_1_516' title='bbox 2046 2211 2167 2245; x_wconf 86' lang='lat' dir='ltr'>eodem</span> 
     </span>
     <span class='ocr_line' id='line_1_43' title="bbox 323 2255 2165 2309; baseline -0.005 -7"><span class='ocrx_word' id='word_1_517' title='bbox 323 2264 414 2303; x_wconf 86' lang='lat' dir='ltr'>sensu</span> <span class='ocrx_word' id='word_1_518' title='bbox 428 2266 586 2301; x_wconf 86' lang='lat' dir='ltr'>nominat</span> <span class='ocrx_word' id='word_1_519' title='bbox 595 2287 610 2303; x_wconf 30' lang='lat' dir='ltr'>,v</span> <span class='ocrx_word' id='word_1_520' title='bbox 625 2274 695 2309; x_wconf 91' lang='lat' dir='ltr'>quo</span> <span class='ocrx_word' id='word_1_521' title='bbox 706 2261 747 2295; x_wconf 89' lang='lat' dir='ltr'>ad</span> <span class='ocrx_word' id='word_1_522' title='bbox 758 2258 934 2307; x_wconf 77' lang='lat' dir='ltr'>Ephesios,</span> <span class='ocrx_word' id='word_1_523' title='bbox 954 2260 1061 2294; x_wconf 84' lang='lat' dir='ltr'>Eratis</span> <span class='ocrx_word' id='word_1_524' title='bbox 1069 2258 1268 2306; x_wconf 88' lang='lat' dir='ltr'>aliquando,</span> <span class='ocrx_word' id='word_1_525' title='bbox 1295 2261 1407 2304; x_wconf 84' lang='lat' dir='ltr'>inquit</span> <span class='ocrx_word' id='word_1_526' title='bbox 1423 2285 1434 2299; x_wconf 93' lang='lat'>,</span> <span class='ocrx_word' id='word_1_527' title='bbox 1446 2260 1569 2293; x_wconf 87' lang='lat' dir='ltr'>Gentes</span> <span class='ocrx_word' id='word_1_528' title='bbox 1583 2256 1703 2305; x_wconf 78' lang='lat' dir='ltr'>absque</span> <span class='ocrx_word' id='word_1_529' title='bbox 1722 2258 1798 2291; x_wconf 87' lang='lat' dir='ltr'>Deo</span> <span class='ocrx_word' id='word_1_530' title='bbox 1808 2280 1818 2295; x_wconf 90' lang='lat'>‚</span> <span class='ocrx_word' id='word_1_531' title='bbox 1829 2256 1959 2291; x_wconf 75' lang='lat' dir='ltr'>alienia</span> <span class='ocrx_word' id='word_1_532' title='bbox 1969 2256 2022 2305; x_wconf 88' lang='lat' dir='ltr'>spe</span> <span class='ocrx_word' id='word_1_533' title='bbox 2041 2255 2165 2297; x_wconf 85' lang='lat' dir='ltr'>salutis,</span> 
     </span>
     <span class='ocr_line' id='line_1_44' title="bbox 325 2304 2166 2357; baseline -0.005 -6"><span class='ocrx_word' id='word_1_534' title='bbox 325 2321 391 2352; x_wconf 71' lang='grc' dir='ltr'>ὅτε.</span> <span class='ocrx_word' id='word_1_535' title='bbox 414 2313 511 2350; x_wconf 74' lang='lat' dir='ltr'>Forte</span> <span class='ocrx_word' id='word_1_536' title='bbox 525 2313 627 2346; x_wconf 86' lang='lat' dir='ltr'>etiam</span> <span class='ocrx_word' id='word_1_537' title='bbox 647 2309 688 2344; x_wconf 87' lang='lat' dir='ltr'>ab</span> <span class='ocrx_word' id='word_1_538' title='bbox 710 2307 872 2357; x_wconf 86' lang='lat' dir='ltr'>oppositis</span> <span class='ocrx_word' id='word_1_539' title='bbox 886 2309 1103 2342; x_wconf 81' lang='lat' dir='ltr'>ratiocinatur</span> <span class='ocrx_word' id='word_1_540' title='bbox 1112 2331 1123 2348; x_wconf 90' lang='lat'><strong>,</strong></span> <span class='ocrx_word' id='word_1_541' title='bbox 1144 2309 1177 2341; x_wconf 91' lang='lat' dir='ltr'>Si</span> <span class='ocrx_word' id='word_1_542' title='bbox 1188 2319 1280 2342; x_wconf 88' lang='lat' dir='ltr'>nunc</span> <span class='ocrx_word' id='word_1_543' title='bbox 1289 2309 1365 2341; x_wconf 89' lang='lat' dir='ltr'>Deo</span> <span class='ocrx_word' id='word_1_544' title='bbox 1375 2305 1405 2341; x_wconf 89' lang='lat' dir='ltr'>se</span> <span class='ocrx_word' id='word_1_545' title='bbox 1426 2309 1539 2342; x_wconf 88' lang='lat' dir='ltr'>minus</span> <span class='ocrx_word' id='word_1_546' title='bbox 1549 2305 1674 2341; x_wconf 85' lang='lat' dir='ltr'>dociles</span> <span class='ocrx_word' id='word_1_547' title='bbox 1695 2304 1861 2353; x_wconf 79' lang='lat' dir='ltr'>praebeant</span> <span class='ocrx_word' id='word_1_548' title='bbox 1876 2331 1887 2345; x_wconf 92' lang='lat'>,</span> <span class='ocrx_word' id='word_1_549' title='bbox 1911 2306 2089 2353; x_wconf 84' lang='lat' dir='ltr'>postquam</span> <span class='ocrx_word' id='word_1_550' title='bbox 2109 2320 2166 2342; x_wconf 81' lang='lat' dir='ltr'>eos</span> 
     </span>
     <span class='ocr_line' id='line_1_45' title="bbox 322 2351 2167 2408; baseline -0.005 -8"><span class='ocrx_word' id='word_1_551' title='bbox 322 2364 427 2400; x_wconf 79' lang='lat' dir='ltr'>verbo</span> <span class='ocrx_word' id='word_1_552' title='bbox 445 2362 503 2398; x_wconf 84' lang='lat' dir='ltr'>suo</span> <span class='ocrx_word' id='word_1_553' title='bbox 514 2363 548 2396; x_wconf 86' lang='lat'>&amp;</span> <span class='ocrx_word' id='word_1_554' title='bbox 558 2360 683 2408; x_wconf 87' lang='lat' dir='ltr'>Spiritu</span> <span class='ocrx_word' id='word_1_555' title='bbox 703 2358 867 2405; x_wconf 86' lang='lat' dir='ltr'>tegendos</span> <span class='ocrx_word' id='word_1_556' title='bbox 876 2353 1014 2405; x_wconf 86' lang='lat' dir='ltr'>suscepit</span> <span class='ocrx_word' id='word_1_557' title='bbox 1024 2379 1034 2394; x_wconf 93' lang='lat'><em>‚</em></span> <span class='ocrx_word' id='word_1_558' title='bbox 1045 2356 1147 2403; x_wconf 76' lang='lat' dir='ltr'>quam</span> <span class='ocrx_word' id='word_1_559' title='bbox 1157 2354 1242 2390; x_wconf 91' lang='lat' dir='ltr'>olim</span> <span class='ocrx_word' id='word_1_560' title='bbox 1251 2356 1292 2390; x_wconf 89' lang='lat' dir='ltr'>ad</span> <span class='ocrx_word' id='word_1_561' title='bbox 1301 2354 1485 2402; x_wconf 87' lang='lat' dir='ltr'>sequendos</span> <span class='ocrx_word' id='word_1_562' title='bbox 1500 2357 1624 2390; x_wconf 86' lang='lat' dir='ltr'>Satanae</span> <span class='ocrx_word' id='word_1_563' title='bbox 1635 2351 1797 2401; x_wconf 84' lang='lat' dir='ltr'>impulsus</span> <span class='ocrx_word' id='word_1_564' title='bbox 1808 2352 1975 2402; x_wconf 86' lang='lat' dir='ltr'>procliues</span> <span class='ocrx_word' id='word_1_565' title='bbox 1986 2354 2119 2390; x_wconf 86' lang='lat' dir='ltr'>fuerunt</span> <span class='ocrx_word' id='word_1_566' title='bbox 2131 2360 2167 2390; x_wconf 83' lang='lat'>&amp;</span> 
     </span>
     <span class='ocr_line' id='line_1_46' title="bbox 326 2414 497 2461; baseline -0.029 -11"><span class='ocrx_word' id='word_1_567' title='bbox 326 2414 497 2461; x_wconf 80' lang='lat' dir='ltr'>morigeri.</span> 
     </span>
    </p>

    <p class='ocr_par' dir='ltr' id='par_1_12' title="bbox 325 2450 2176 3173">
     <span class='ocr_line' id='line_1_47' title="bbox 373 2450 2170 2514; baseline -0.003 -20"><span class='ocrx_word' id='word_1_568' title='bbox 373 2473 387 2506; x_wconf 86' lang='lat'><em>3</em></span> <span class='ocrx_word' id='word_1_569' title='bbox 438 2455 648 2514; x_wconf 75' lang='lat' dir='ltr'>Qamobrem</span> <span class='ocrx_word' id='word_1_570' title='bbox 656 2466 757 2489; x_wconf 81' lang='lat' dir='ltr'>notum</span> <span class='ocrx_word' id='word_1_571' title='bbox 764 2453 964 2498; x_wconf 81' lang='lat' dir='ltr'>vobisfacio.)</span> <span class='ocrx_word' id='word_1_572' title='bbox 1003 2453 1181 2500; x_wconf 80' lang='lat' dir='ltr'>Postquam</span> <span class='ocrx_word' id='word_1_573' title='bbox 1190 2455 1328 2501; x_wconf 83' lang='lat' dir='ltr'>proprio</span> <span class='ocrx_word' id='word_1_574' title='bbox 1337 2451 1487 2501; x_wconf 88' lang='lat' dir='ltr'>ipsorum</span> <span class='ocrx_word' id='word_1_575' title='bbox 1496 2453 1725 2500; x_wconf 86' lang='lat' dir='ltr'>experimento</span> <span class='ocrx_word' id='word_1_576' title='bbox 1741 2462 1796 2485; x_wconf 89' lang='lat' dir='ltr'>eos</span> <span class='ocrx_word' id='word_1_577' title='bbox 1805 2450 2079 2491; x_wconf 86' lang='lat' dir='ltr'>commonefecit,</span> <span class='ocrx_word' id='word_1_578' title='bbox 2089 2466 2170 2501; x_wconf 88' lang='lat' dir='ltr'>pro·</span> 
     </span>
     <span class='ocr_line' id='line_1_48' title="bbox 325 2499 2170 2560; baseline -0.004 -16"><span class='ocrx_word' id='word_1_579' title='bbox 325 2512 425 2560; x_wconf 82' lang='lat' dir='ltr'>ponit</span> <span class='ocrx_word' id='word_1_580' title='bbox 437 2507 624 2558; x_wconf 86' lang='lat' dir='ltr'>generalem</span> <span class='ocrx_word' id='word_1_581' title='bbox 635 2506 824 2539; x_wconf 65' lang='lat' dir='ltr'>doctrinam</span> <span class='ocrx_word' id='word_1_582' title='bbox 834 2515 935 2550; x_wconf 85' lang='lat' dir='ltr'>quam</span> <span class='ocrx_word' id='word_1_583' title='bbox 946 2501 1022 2536; x_wconf 84' lang='lat' dir='ltr'>inde</span> <span class='ocrx_word' id='word_1_584' title='bbox 1033 2501 1143 2536; x_wconf 88' lang='lat' dir='ltr'>infert.</span> <span class='ocrx_word' id='word_1_585' title='bbox 1153 2502 1245 2548; x_wconf 88' lang='lat' dir='ltr'>quod</span> <span class='ocrx_word' id='word_1_586' title='bbox 1255 2505 1346 2536; x_wconf 88' lang='lat' dir='ltr'>enim</span> <span class='ocrx_word' id='word_1_587' title='bbox 1357 2500 1519 2537; x_wconf 88' lang='lat' dir='ltr'>senserant</span> <span class='ocrx_word' id='word_1_588' title='bbox 1529 2503 1564 2535; x_wconf 90' lang='lat' dir='ltr'>in</span> <span class='ocrx_word' id='word_1_589' title='bbox 1575 2499 1606 2535; x_wconf 87' lang='lat' dir='ltr'>se</span> <span class='ocrx_word' id='word_1_590' title='bbox 1616 2499 1840 2539; x_wconf 79' lang='lat' dir='ltr'>Corinthii,id</span> <span class='ocrx_word' id='word_1_591' title='bbox 1852 2500 1895 2534; x_wconf 86' lang='lat' dir='ltr'>est</span> <span class='ocrx_word' id='word_1_592' title='bbox 1906 2499 2064 2535; x_wconf 84' lang='lat' dir='ltr'>vniuerfis</span> <span class='ocrx_word' id='word_1_593' title='bbox 2076 2514 2170 2536; x_wconf 88' lang='lat' dir='ltr'>rnor-</span> 
     </span>
     <span class='ocr_line' id='line_1_49' title="bbox 327 2546 2172 2600; baseline -0.005 -7"><span class='ocrx_word' id='word_1_594' title='bbox 327 2557 450 2594; x_wconf 87' lang='lat' dir='ltr'>talibus</span> <span class='ocrx_word' id='word_1_595' title='bbox 461 2567 656 2591; x_wconf 83' lang='lat' dir='ltr'>commune:</span> <span class='ocrx_word' id='word_1_596' title='bbox 666 2554 776 2600; x_wconf 82' lang='lat' dir='ltr'>vagari</span> <span class='ocrx_word' id='word_1_597' title='bbox 786 2555 822 2586; x_wconf 87' lang='lat' dir='ltr'>in</span> <span class='ocrx_word' id='word_1_598' title='bbox 833 2562 952 2587; x_wconf 85' lang='lat' dir='ltr'>errore,</span> <span class='ocrx_word' id='word_1_599' title='bbox 962 2561 1141 2596; x_wconf 89' lang='lat' dir='ltr'>antequam</span> <span class='ocrx_word' id='word_1_600' title='bbox 1152 2551 1191 2584; x_wconf 89' lang='lat' dir='ltr'>ad</span> <span class='ocrx_word' id='word_1_601' title='bbox 1201 2551 1469 2585; x_wconf 62' lang='lat' dir='ltr'>veritatEreduCti</span> <span class='ocrx_word' id='word_1_602' title='bbox 1479 2548 1542 2584; x_wconf 81' lang='lat' dir='ltr'>sint</span> <span class='ocrx_word' id='word_1_603' title='bbox 1551 2550 1616 2583; x_wconf 91' lang='lat' dir='ltr'>Dei</span> <span class='ocrx_word' id='word_1_604' title='bbox 1626 2546 1931 2583; x_wconf 80' lang='lat' dir='ltr'>beneficio.neceffe</span> <span class='ocrx_word' id='word_1_605' title='bbox 1942 2549 1985 2582; x_wconf 92' lang='lat' dir='ltr'>est</span> <span class='ocrx_word' id='word_1_606' title='bbox 1996 2551 2097 2596; x_wconf 87' lang='lat' dir='ltr'>igitur</span> <span class='ocrx_word' id='word_1_607' title='bbox 2107 2561 2172 2585; x_wconf 77' lang='lat' dir='ltr'>nos·</span> 
     </span>
     <span class='ocr_line' id='line_1_50' title="bbox 329 2596 2173 2653; baseline -0.005 -11"><span class='ocrx_word' id='word_1_608' title='bbox 329 2610 399 2653; x_wconf 84' lang='lat' dir='ltr'>regi</span> <span class='ocrx_word' id='word_1_609' title='bbox 409 2607 426 2640; x_wconf 75' lang='grc' dir='ltr'>ὲ</span> <span class='ocrx_word' id='word_1_610' title='bbox 438 2607 503 2640; x_wconf 89' lang='lat' dir='ltr'>Dei</span> <span class='ocrx_word' id='word_1_611' title='bbox 513 2606 710 2653; x_wconf 85' lang='lat' dir='ltr'>Spiritu‚aut</span> <span class='ocrx_word' id='word_1_612' title='bbox 719 2599 882 2648; x_wconf 75' lang='lat' dir='ltr'>perpetuo</span> <span class='ocrx_word' id='word_1_613' title='bbox 893 2597 1084 2632; x_wconf 86' lang='lat' dir='ltr'>errabimus.</span> <span class='ocrx_word' id='word_1_614' title='bbox 1093 2599 1187 2632; x_wconf 85' lang='lat' dir='ltr'>Hinc</span> <span class='ocrx_word' id='word_1_615' title='bbox 1198 2601 1296 2632; x_wconf 88' lang='lat' dir='ltr'>etiam</span> <span class='ocrx_word' id='word_1_616' title='bbox 1308 2598 1677 2646; x_wconf 88' lang='lat' dir='ltr'>sequitur,quaecunque</span> <span class='ocrx_word' id='word_1_617' title='bbox 1687 2599 1854 2644; x_wconf 88' lang='lat' dir='ltr'>pertinent</span> <span class='ocrx_word' id='word_1_618' title='bbox 1864 2596 1903 2629; x_wconf 89' lang='lat' dir='ltr'>ad</span> <span class='ocrx_word' id='word_1_619' title='bbox 1912 2608 2022 2631; x_wconf 77' lang='lat' dir='ltr'>veram</span> <span class='ocrx_word' id='word_1_620' title='bbox 2033 2598 2098 2632; x_wconf 89' lang='lat' dir='ltr'>Dei</span> <span class='ocrx_word' id='word_1_621' title='bbox 2108 2611 2173 2633; x_wconf 91' lang='lat' dir='ltr'>no-</span> 
     </span>
     <span class='ocr_line' id='line_1_51' title="bbox 328 2644 2170 2701; baseline -0.005 -11"><span class='ocrx_word' id='word_1_622' title='bbox 328 2657 440 2690; x_wconf 83' lang='lat' dir='ltr'>titiam</span> <span class='ocrx_word' id='word_1_623' title='bbox 450 2680 459 2695; x_wconf 90' lang='lat'>,</span> <span class='ocrx_word' id='word_1_624' title='bbox 476 2655 617 2701; x_wconf 85' lang='lat' dir='ltr'>Spiritus</span> <span class='ocrx_word' id='word_1_625' title='bbox 627 2649 730 2685; x_wconf 69' lang='lat' dir='ltr'>saneti</span> <span class='ocrx_word' id='word_1_626' title='bbox 744 2649 803 2683; x_wconf 78' lang='lat' dir='ltr'>elle</span> <span class='ocrx_word' id='word_1_627' title='bbox 812 2649 911 2683; x_wconf 86' lang='lat' dir='ltr'>dona.</span> <span class='ocrx_word' id='word_1_628' title='bbox 928 2649 967 2681; x_wconf 82' lang='lat' dir='ltr'>Et</span> <span class='ocrx_word' id='word_1_629' title='bbox 977 2645 1073 2681; x_wconf 86' lang='lat' dir='ltr'>simul</span> <span class='ocrx_word' id='word_1_630' title='bbox 1095 2658 1332 2693; x_wconf 80' lang='lat' dir='ltr'>argumentum</span> <span class='ocrx_word' id='word_1_631' title='bbox 1342 2649 1433 2682; x_wconf 90' lang='lat' dir='ltr'>ducit</span> <span class='ocrx_word' id='word_1_632' title='bbox 1443 2648 1460 2681; x_wconf 78' lang='lat' dir='ltr'>a</span> <span class='ocrx_word' id='word_1_633' title='bbox 1469 2648 1642 2681; x_wconf 87' lang='lat' dir='ltr'>contrariis</span> <span class='ocrx_word' id='word_1_634' title='bbox 1654 2644 1755 2680; x_wconf 86' lang='lat' dir='ltr'>causis</span> <span class='ocrx_word' id='word_1_635' title='bbox 1765 2646 1805 2679; x_wconf 82' lang='lat' dir='ltr'>ad</span> <span class='ocrx_word' id='word_1_636' title='bbox 1819 2646 2003 2679; x_wconf 82' lang='lat' dir='ltr'>contrarios</span> <span class='ocrx_word' id='word_1_637' title='bbox 2021 2644 2170 2681; x_wconf 62' lang='lat' dir='ltr'>effeetus.</span> 
     </span>
     <span class='ocr_line' id='line_1_52' title="bbox 331 2692 2168 2750; baseline -0.004 -13"><span class='ocrx_word' id='word_1_638' title='bbox 331 2715 436 2739; x_wconf 86' lang='lat' dir='ltr'>nemo</span> <span class='ocrx_word' id='word_1_639' title='bbox 447 2701 553 2750; x_wconf 84' lang='lat' dir='ltr'>potest</span> <span class='ocrx_word' id='word_1_640' title='bbox 563 2698 757 2735; x_wconf 84' lang='lat' dir='ltr'>maledicere</span> <span class='ocrx_word' id='word_1_641' title='bbox 768 2697 903 2732; x_wconf 88' lang='lat' dir='ltr'>Christo</span> <span class='ocrx_word' id='word_1_642' title='bbox 918 2718 928 2732; x_wconf 85' lang='lat'><em>‚</em></span> <span class='ocrx_word' id='word_1_643' title='bbox 937 2694 1081 2742; x_wconf 90' lang='lat' dir='ltr'>loquens</span> <span class='ocrx_word' id='word_1_644' title='bbox 1092 2707 1129 2728; x_wconf 84' lang='lat' dir='ltr'>ex</span> <span class='ocrx_word' id='word_1_645' title='bbox 1138 2697 1263 2742; x_wconf 84' lang='lat' dir='ltr'>Spiritu</span> <span class='ocrx_word' id='word_1_646' title='bbox 1273 2697 1359 2729; x_wconf 89' lang='lat' dir='ltr'>Dei:</span> <span class='ocrx_word' id='word_1_647' title='bbox 1377 2698 1422 2730; x_wconf 86' lang='lat' dir='ltr'>ita</span> <span class='ocrx_word' id='word_1_648' title='bbox 1431 2694 1560 2730; x_wconf 88' lang='lat' dir='ltr'>rursum</span> <span class='ocrx_word' id='word_1_649' title='bbox 1571 2707 1672 2729; x_wconf 86' lang='lat' dir='ltr'>nemo</span> <span class='ocrx_word' id='word_1_650' title='bbox 1683 2692 1854 2728; x_wconf 87' lang='lat' dir='ltr'>Christum</span> <span class='ocrx_word' id='word_1_651' title='bbox 1865 2693 2037 2739; x_wconf 69' lang='lat' dir='ltr'>praedicare</span> <span class='ocrx_word' id='word_1_652' title='bbox 2048 2695 2168 2742; x_wconf 81' lang='lat' dir='ltr'>potest,</span> 
     </span>
     <span class='ocr_line' id='line_1_53' title="bbox 331 2740 2174 2797; baseline -0.008 -10"><span class='ocrx_word' id='word_1_653' title='bbox 331 2750 393 2787; x_wconf 83' lang='lat' dir='ltr'>nisi</span> <span class='ocrx_word' id='word_1_654' title='bbox 404 2763 441 2785; x_wconf 90' lang='lat' dir='ltr'>ex</span> <span class='ocrx_word' id='word_1_655' title='bbox 453 2751 518 2784; x_wconf 89' lang='lat' dir='ltr'>Dei</span> <span class='ocrx_word' id='word_1_656' title='bbox 530 2750 665 2797; x_wconf 85' lang='lat' dir='ltr'>Spiritu.</span> <span class='ocrx_word' id='word_1_657' title='bbox 705 2749 817 2780; x_wconf 68' lang='lat' dir='ltr'>Dicere</span> <span class='ocrx_word' id='word_1_658' title='bbox 826 2745 992 2778; x_wconf 80' lang='lat' dir='ltr'>anathema</span> <span class='ocrx_word' id='word_1_659' title='bbox 1003 2745 1110 2788; x_wconf 71' lang='lat' dir='ltr'>Iesiam,</span> <span class='ocrx_word' id='word_1_660' title='bbox 1121 2743 1164 2776; x_wconf 88' lang='lat' dir='ltr'>est</span> <span class='ocrx_word' id='word_1_661' title='bbox 1174 2742 1411 2791; x_wconf 81' lang='lat' dir='ltr'>blasphemiam</span> <span class='ocrx_word' id='word_1_662' title='bbox 1419 2741 1570 2778; x_wconf 88' lang='lat' dir='ltr'>aduersus</span> <span class='ocrx_word' id='word_1_663' title='bbox 1583 2755 1658 2778; x_wconf 88' lang='lat' dir='ltr'>eum</span> <span class='ocrx_word' id='word_1_664' title='bbox 1670 2740 1825 2790; x_wconf 85' lang='lat' dir='ltr'>proferre.</span> <span class='ocrx_word' id='word_1_665' title='bbox 1872 2742 1988 2774; x_wconf 79' lang='lat' dir='ltr'>Dicere</span> <span class='ocrx_word' id='word_1_666' title='bbox 1999 2744 2174 2778; x_wconf 74' lang='lat' dir='ltr'>‘Dominum</span> 
     </span>
     <span class='ocr_line' id='line_1_54' title="bbox 330 2786 2170 2844; baseline -0.004 -11"><span class='ocrx_word' id='word_1_667' title='bbox 330 2801 443 2844; x_wconf 68' lang='lat' dir='ltr'>leſsam,</span> <span class='ocrx_word' id='word_1_668' title='bbox 454 2799 498 2832; x_wconf 83' lang='lat' dir='ltr'>est</span> <span class='ocrx_word' id='word_1_669' title='bbox 509 2794 696 2832; x_wconf 73' lang='lat' dir='ltr'>honorifice</span> <span class='ocrx_word' id='word_1_670' title='bbox 708 2798 743 2829; x_wconf 72' lang='grc' dir='ltr'>δε</span> <span class='ocrx_word' id='word_1_671' title='bbox 753 2803 938 2829; x_wconf 88' lang='lat' dir='ltr'>reuerenter</span> <span class='ocrx_word' id='word_1_672' title='bbox 947 2792 985 2826; x_wconf 88' lang='lat' dir='ltr'>dc</span> <span class='ocrx_word' id='word_1_673' title='bbox 997 2790 1067 2839; x_wconf 89' lang='lat' dir='ltr'>ipso</span> <span class='ocrx_word' id='word_1_674' title='bbox 1079 2789 1175 2837; x_wconf 88' lang='lat' dir='ltr'>loqui</span> <span class='ocrx_word' id='word_1_675' title='bbox 1189 2794 1223 2825; x_wconf 66' lang='grc' dir='ltr'>ὃ(</span> <span class='ocrx_word' id='word_1_676' title='bbox 1233 2794 1302 2826; x_wconf 88' lang='lat' dir='ltr'>eius</span> <span class='ocrx_word' id='word_1_677' title='bbox 1313 2793 1513 2826; x_wconf 88' lang='lat' dir='ltr'>maiestatem</span> <span class='ocrx_word' id='word_1_678' title='bbox 1526 2791 1709 2839; x_wconf 81' lang='lat' dir='ltr'>praedicare.</span> <span class='ocrx_word' id='word_1_679' title='bbox 1719 2791 1889 2836; x_wconf 85' lang='lat' dir='ltr'>Qaeritur</span> <span class='ocrx_word' id='word_1_680' title='bbox 1898 2786 1953 2823; x_wconf 80' lang='lat' dir='ltr'>hic</span> <span class='ocrx_word' id='word_1_681' title='bbox 1965 2802 2090 2836; x_wconf 82' lang='lat' dir='ltr'>:quum</span> <span class='ocrx_word' id='word_1_682' title='bbox 2103 2793 2170 2826; x_wconf 89' lang='lat' dir='ltr'>im-</span> 
     </span>
     <span class='ocr_line' id='line_1_55' title="bbox 331 2835 2172 2898; baseline -0.006 -16"><span class='ocrx_word' id='word_1_683' title='bbox 331 2850 380 2898; x_wconf 84' lang='lat' dir='ltr'>pii</span> <span class='ocrx_word' id='word_1_684' title='bbox 393 2844 723 2895; x_wconf 76' lang='lat' dir='ltr'>praeclateinterdum</span> <span class='ocrx_word' id='word_1_685' title='bbox 734 2844 773 2877; x_wconf 90' lang='lat' dir='ltr'>de</span> <span class='ocrx_word' id='word_1_686' title='bbox 782 2842 917 2877; x_wconf 87' lang='lat' dir='ltr'>Christo</span> <span class='ocrx_word' id='word_1_687' title='bbox 929 2845 962 2875; x_wconf 85' lang='lat'>&amp;</span> <span class='ocrx_word' id='word_1_688' title='bbox 980 2840 1147 2888; x_wconf 81' lang='lat' dir='ltr'>splendide</span> <span class='ocrx_word' id='word_1_689' title='bbox 1158 2837 1322 2877; x_wconf 81' lang='lat' dir='ltr'>differant,</span> <span class='ocrx_word' id='word_1_690' title='bbox 1332 2853 1374 2874; x_wconf 87' lang='lat' dir='ltr'>an</span> <span class='ocrx_word' id='word_1_691' title='bbox 1384 2840 1526 2874; x_wconf 82' lang='lat' dir='ltr'>habeant</span> <span class='ocrx_word' id='word_1_692' title='bbox 1534 2841 1598 2873; x_wconf 93' lang='lat' dir='ltr'>Dei</span> <span class='ocrx_word' id='word_1_693' title='bbox 1607 2841 1778 2887; x_wconf 88' lang='lat' dir='ltr'>Spiritum.</span> <span class='ocrx_word' id='word_1_694' title='bbox 1790 2835 1991 2884; x_wconf 84' lang='lat' dir='ltr'>Respondeo</span> <span class='ocrx_word' id='word_1_695' title='bbox 2002 2860 2013 2875; x_wconf 87' lang='lat'>‚</span> <span class='ocrx_word' id='word_1_696' title='bbox 2024 2851 2080 2873; x_wconf 89' lang='lat' dir='ltr'>eos</span> <span class='ocrx_word' id='word_1_697' title='bbox 2091 2851 2172 2887; x_wconf 87' lang='lat' dir='ltr'>pro-</span> 
     </span>
     <span class='ocr_line' id='line_1_56' title="bbox 333 2884 2175 2938; baseline -0.005 -7"><span class='ocrx_word' id='word_1_698' title='bbox 333 2894 496 2932; x_wconf 87' lang='lat' dir='ltr'>culdubio</span> <span class='ocrx_word' id='word_1_699' title='bbox 506 2892 636 2929; x_wconf 77' lang='lat' dir='ltr'>habere,</span> <span class='ocrx_word' id='word_1_700' title='bbox 647 2892 737 2938; x_wconf 88' lang='lat' dir='ltr'>quod</span> <span class='ocrx_word' id='word_1_701' title='bbox 748 2891 789 2925; x_wconf 87' lang='lat' dir='ltr'>ad</span> <span class='ocrx_word' id='word_1_702' title='bbox 801 2888 956 2925; x_wconf 65' lang='lat' dir='ltr'>effedlmm</span> <span class='ocrx_word' id='word_1_703' title='bbox 966 2888 1064 2923; x_wconf 89' lang='lat' dir='ltr'>illum</span> <span class='ocrx_word' id='word_1_704' title='bbox 1075 2886 1262 2936; x_wconf 63' lang='lat' dir='ltr'>spestat:sed</span> <span class='ocrx_word' id='word_1_705' title='bbox 1272 2887 1362 2922; x_wconf 87' lang='lat' dir='ltr'>aliud</span> <span class='ocrx_word' id='word_1_706' title='bbox 1373 2891 1417 2925; x_wconf 88' lang='lat' dir='ltr'>est</span> <span class='ocrx_word' id='word_1_707' title='bbox 1425 2889 1556 2923; x_wconf 88' lang='lat' dir='ltr'>donum</span> <span class='ocrx_word' id='word_1_708' title='bbox 1569 2884 1934 2934; x_wconf 78' lang='lat' dir='ltr'>regenerationis,aliud</span> <span class='ocrx_word' id='word_1_709' title='bbox 1943 2885 2072 2921; x_wconf 88' lang='lat' dir='ltr'>donum</span> <span class='ocrx_word' id='word_1_710' title='bbox 2084 2887 2175 2931; x_wconf 64' lang='lat' dir='ltr'>nude</span> 
     </span>
     <span class='ocr_line' id='line_1_57' title="bbox 335 2932 2174 2991; baseline -0.005 -11"><span class='ocrx_word' id='word_1_711' title='bbox 335 2942 646 2991; x_wconf 80' lang='lat' dir='ltr'>intelligentiae‚qua</span> <span class='ocrx_word' id='word_1_712' title='bbox 654 2940 748 2973; x_wconf 89' lang='lat' dir='ltr'>ludas</span> <span class='ocrx_word' id='word_1_713' title='bbox 760 2951 897 2986; x_wconf 86' lang='lat' dir='ltr'>quoque</span> <span class='ocrx_word' id='word_1_714' title='bbox 907 2938 1058 2986; x_wconf 84' lang='lat' dir='ltr'>praeditus</span> <span class='ocrx_word' id='word_1_715' title='bbox 1067 2935 1130 2971; x_wconf 84' lang='lat' dir='ltr'>fuit</span> <span class='ocrx_word' id='word_1_716' title='bbox 1139 2948 1246 2982; x_wconf 88' lang='lat' dir='ltr'>quum</span> <span class='ocrx_word' id='word_1_717' title='bbox 1258 2936 1478 2983; x_wconf 81' lang='lat' dir='ltr'>Euangelium</span> <span class='ocrx_word' id='word_1_718' title='bbox 1489 2936 1687 2983; x_wconf 73' lang='lat' dir='ltr'>pra-dicaret.</span> <span class='ocrx_word' id='word_1_719' title='bbox 1705 2935 1796 2968; x_wconf 85' lang='lat' dir='ltr'>Hinc</span> <span class='ocrx_word' id='word_1_720' title='bbox 1810 2945 1946 2980; x_wconf 87' lang='lat' dir='ltr'>quoque</span> <span class='ocrx_word' id='word_1_721' title='bbox 1957 2932 2034 2981; x_wconf 85' lang='lat' dir='ltr'>pers</span> <span class='ocrx_word' id='word_1_722' title='bbox 2054 2937 2174 2971; x_wconf 77' lang='lat' dir='ltr'>icimus</span> 
     </span>
     <span class='ocr_line' id='line_1_58' title="bbox 335 2948 2175 3042; baseline -0.004 -15"><span class='ocrx_word' id='word_1_723' title='bbox 335 3002 463 3042; x_wconf 86' lang='lat' dir='ltr'>quanta</span> <span class='ocrx_word' id='word_1_724' title='bbox 472 2990 509 3026; x_wconf 85' lang='lat' dir='ltr'>sit</span> <span class='ocrx_word' id='word_1_725' title='bbox 520 2990 630 3025; x_wconf 82' lang='lat' dir='ltr'>nostra</span> <span class='ocrx_word' id='word_1_726' title='bbox 645 2986 854 3022; x_wconf 85' lang='lat' dir='ltr'>imbecillitas</span> <span class='ocrx_word' id='word_1_727' title='bbox 867 3013 877 3027; x_wconf 90' lang='lat'>,</span> <span class='ocrx_word' id='word_1_728' title='bbox 890 2990 999 3033; x_wconf 87' lang='lat' dir='ltr'>quine</span> <span class='ocrx_word' id='word_1_729' title='bbox 1010 2985 1161 3032; x_wconf 76' lang='lat' dir='ltr'>linguam</span> <span class='ocrx_word' id='word_1_730' title='bbox 1172 2986 1309 3031; x_wconf 84' lang='lat' dir='ltr'>quidem</span> <span class='ocrx_word' id='word_1_731' title='bbox 1320 2997 1456 3020; x_wconf 89' lang='lat' dir='ltr'>mouere</span> <span class='ocrx_word' id='word_1_732' title='bbox 1476 2981 1635 3032; x_wconf 70' lang='lat' dir='ltr'>possimus</span> <span class='ocrx_word' id='word_1_733' title='bbox 1645 2983 1683 3016; x_wconf 86' lang='lat' dir='ltr'>ad</span> <span class='ocrx_word' id='word_1_734' title='bbox 1692 2981 1921 3016; x_wconf 81' lang='lat' dir='ltr'>celebrandam</span> <span class='ocrx_word' id='word_1_735' title='bbox 1936 2982 2003 3017; x_wconf 90' lang='lat' dir='ltr'>Dei</span> <span class='ocrx_word' id='word_1_736' title='bbox 2027 2948 2175 3023; x_wconf 69' lang='lat' dir='ltr'>faudem,</span> 
     </span>
     <span class='ocr_line' id='line_1_59' title="bbox 339 3028 2176 3087; baseline -0.005 -11"><span class='ocrx_word' id='word_1_737' title='bbox 339 3040 401 3077; x_wconf 77' lang='lat' dir='ltr'>nisi</span> <span class='ocrx_word' id='word_1_738' title='bbox 416 3039 456 3075; x_wconf 86' lang='lat' dir='ltr'>ab</span> <span class='ocrx_word' id='word_1_739' title='bbox 465 3042 535 3075; x_wconf 81' lang='lat' dir='ltr'>eius</span> <span class='ocrx_word' id='word_1_740' title='bbox 546 3038 669 3087; x_wconf 88' lang='lat' dir='ltr'>Spiritu</span> <span class='ocrx_word' id='word_1_741' title='bbox 680 3034 891 3083; x_wconf 83' lang='lat' dir='ltr'>gubernetur.</span> <span class='ocrx_word' id='word_1_742' title='bbox 908 3035 1013 3081; x_wconf 79' lang='lat' dir='ltr'>Qud</span> <span class='ocrx_word' id='word_1_743' title='bbox 1025 3035 1125 3068; x_wconf 82' lang='lat' dir='ltr'>etiam</span> <span class='ocrx_word' id='word_1_744' title='bbox 1135 3035 1303 3081; x_wconf 84' lang='lat' dir='ltr'>Scriptura</span> <span class='ocrx_word' id='word_1_745' title='bbox 1313 3031 1427 3081; x_wconf 76' lang='lat' dir='ltr'>passim</span> <span class='ocrx_word' id='word_1_746' title='bbox 1437 3034 1595 3067; x_wconf 87' lang='lat' dir='ltr'>admonet</span> <span class='ocrx_word' id='word_1_747' title='bbox 1610 3057 1621 3071; x_wconf 92' lang='lat'>,</span> <span class='ocrx_word' id='word_1_748' title='bbox 1638 3035 1672 3065; x_wconf 77' lang='lat'>3&lt;</span> <span class='ocrx_word' id='word_1_749' title='bbox 1684 3030 1785 3065; x_wconf 63' lang='lat' dir='ltr'>saneti</span> <span class='ocrx_word' id='word_1_750' title='bbox 1795 3030 1919 3077; x_wconf 83' lang='lat' dir='ltr'>vbique</span> <span class='ocrx_word' id='word_1_751' title='bbox 1937 3028 2100 3067; x_wconf 84' lang='lat' dir='ltr'>farentur:</span> <span class='ocrx_word' id='word_1_752' title='bbox 2114 3032 2176 3068; x_wconf 77' lang='lat' dir='ltr'>nisi</span> 
     </span>
     <span class='ocr_line' id='line_1_60' title="bbox 337 3077 2176 3135; baseline -0.005 -10"><span class='ocrx_word' id='word_1_753' title='bbox 337 3091 512 3124; x_wconf 89' lang='lat' dir='ltr'>Dominus</span> <span class='ocrx_word' id='word_1_754' title='bbox 521 3100 558 3122; x_wconf 89' lang='lat' dir='ltr'>os</span> <span class='ocrx_word' id='word_1_755' title='bbox 568 3087 702 3135; x_wconf 81' lang='lat' dir='ltr'>aperiat,</span> <span class='ocrx_word' id='word_1_756' title='bbox 716 3083 745 3119; x_wconf 91' lang='lat' dir='ltr'>se</span> <span class='ocrx_word' id='word_1_757' title='bbox 756 3083 898 3118; x_wconf 69' lang='lat' dir='ltr'>minime</span> <span class='ocrx_word' id='word_1_758' title='bbox 910 3084 1050 3117; x_wconf 89' lang='lat' dir='ltr'>idoneos</span> <span class='ocrx_word' id='word_1_759' title='bbox 1062 3079 1121 3116; x_wconf 82' lang='lat' dir='ltr'>effe</span> <span class='ocrx_word' id='word_1_760' title='bbox 1132 3083 1201 3116; x_wconf 89' lang='lat' dir='ltr'>eius</span> <span class='ocrx_word' id='word_1_761' title='bbox 1211 3093 1389 3130; x_wconf 70' lang='lat' dir='ltr'>praecones:</span> <span class='ocrx_word' id='word_1_762' title='bbox 1402 3084 1487 3117; x_wconf 86' lang='lat' dir='ltr'>inter</span> <span class='ocrx_word' id='word_1_763' title='bbox 1496 3080 1578 3115; x_wconf 89' lang='lat' dir='ltr'>alios</span> <span class='ocrx_word' id='word_1_764' title='bbox 1589 3080 1668 3115; x_wconf 86' lang='lat' dir='ltr'>dicit</span> <span class='ocrx_word' id='word_1_765' title='bbox 1676 3077 1753 3114; x_wconf 87' lang='lat' dir='ltr'>lesa.</span> <span class='ocrx_word' id='word_1_766' title='bbox 1765 3083 1870 3127; x_wconf 83' lang='lat' dir='ltr'>cap.6.</span> <span class='ocrx_word' id='word_1_767' title='bbox 1881 3077 1942 3125; x_wconf 78' lang='lat' dir='ltr'>b.5,</span> <span class='ocrx_word' id='word_1_768' title='bbox 1954 3081 2024 3127; x_wconf 82' lang='lat' dir='ltr'>Ego</span> <span class='ocrx_word' id='word_1_769' title='bbox 2034 3079 2176 3129; x_wconf 84' lang='lat' dir='ltr'>pollutis</span> 
     </span>
     <span class='ocr_line' id='line_1_61' title="bbox 342 3136 612 3173; baseline -0.019 0"><span class='ocrx_word' id='word_1_770' title='bbox 342 3136 415 3173; x_wconf 86' lang='lat' dir='ltr'>sum</span> <span class='ocrx_word' id='word_1_771' title='bbox 425 3136 533 3173; x_wconf 81' lang='lat' dir='ltr'>labiis,</span> <span class='ocrx_word' id='word_1_772' title='bbox 546 3139 612 3170; x_wconf 69' lang='grc' dir='ltr'>διε.</span> 
     </span>
    </p>

    <p class='ocr_par' dir='ltr' id='par_1_13' title="bbox 342 3175 2182 3424">
     <span class='ocr_line' id='line_1_62' title="bbox 392 3175 2177 3232; baseline -0.003 -14"><span class='ocrx_word' id='word_1_773' title='bbox 392 3198 417 3232; x_wconf 86' lang='lat'><strong>4</strong></span> <span class='ocrx_word' id='word_1_774' title='bbox 465 3184 642 3230; x_wconf 76' lang='lat' dir='ltr'>‘Diusfiones</span> <span class='ocrx_word' id='word_1_775' title='bbox 650 3191 751 3215; x_wconf 85' lang='lat' dir='ltr'>autem</span> <span class='ocrx_word' id='word_1_776' title='bbox 761 3178 904 3214; x_wconf 82' lang='lat' dir='ltr'>donorum</span> <span class='ocrx_word' id='word_1_777' title='bbox 905 3180 1003 3223; x_wconf 80' lang='lat' dir='ltr'>sunt.)</span> <span class='ocrx_word' id='word_1_778' title='bbox 1051 3180 1249 3225; x_wconf 84' lang='lat' dir='ltr'>Symmetria</span> <span class='ocrx_word' id='word_1_779' title='bbox 1258 3176 1408 3213; x_wconf 81' lang='lat' dir='ltr'>Ecclefiae</span> <span class='ocrx_word' id='word_1_780' title='bbox 1417 3200 1428 3215; x_wconf 79' lang='lat'>‚</span> <span class='ocrx_word' id='word_1_781' title='bbox 1451 3176 1632 3225; x_wconf 84' lang='lat' dir='ltr'>multiplici</span> <span class='ocrx_word' id='word_1_782' title='bbox 1643 3180 1690 3220; x_wconf 88' lang='lat' dir='ltr'>(vt</span> <span class='ocrx_word' id='word_1_783' title='bbox 1704 3178 1748 3209; x_wconf 89' lang='lat' dir='ltr'>ita</span> <span class='ocrx_word' id='word_1_784' title='bbox 1760 3175 1889 3223; x_wconf 84' lang='lat' dir='ltr'>loquar)</span> <span class='ocrx_word' id='word_1_785' title='bbox 1901 3179 2026 3211; x_wconf 83' lang='lat' dir='ltr'>vnitate</span> <span class='ocrx_word' id='word_1_786' title='bbox 2037 3178 2177 3212; x_wconf 81' lang='lat' dir='ltr'>constat:</span> 
     </span>
     <span class='ocr_line' id='line_1_63' title="bbox 343 3223 2179 3276; baseline -0.005 -7"><span class='ocrx_word' id='word_1_787' title='bbox 343 3232 410 3269; x_wconf 80' lang='lat' dir='ltr'>hoc</span> <span class='ocrx_word' id='word_1_788' title='bbox 421 3233 465 3268; x_wconf 85' lang='lat' dir='ltr'>est</span> <span class='ocrx_word' id='word_1_789' title='bbox 478 3259 488 3273; x_wconf 86' lang='lat'><em>‚</em></span> <span class='ocrx_word' id='word_1_790' title='bbox 499 3233 581 3267; x_wconf 87' lang='lat' dir='ltr'>dum</span> <span class='ocrx_word' id='word_1_791' title='bbox 591 3233 729 3266; x_wconf 86' lang='lat' dir='ltr'>varietas</span> <span class='ocrx_word' id='word_1_792' title='bbox 738 3230 907 3263; x_wconf 86' lang='lat' dir='ltr'>donorum</span> <span class='ocrx_word' id='word_1_793' title='bbox 919 3228 958 3262; x_wconf 85' lang='lat' dir='ltr'>ad</span> <span class='ocrx_word' id='word_1_794' title='bbox 971 3240 1077 3262; x_wconf 86' lang='lat' dir='ltr'>vnum</span> <span class='ocrx_word' id='word_1_795' title='bbox 1089 3227 1228 3276; x_wconf 88' lang='lat' dir='ltr'>scopum</span> <span class='ocrx_word' id='word_1_796' title='bbox 1238 3228 1344 3261; x_wconf 88' lang='lat' dir='ltr'>tendit</span> <span class='ocrx_word' id='word_1_797' title='bbox 1357 3226 1469 3260; x_wconf 85' lang='lat' dir='ltr'>:sicuti</span> <span class='ocrx_word' id='word_1_798' title='bbox 1483 3228 1518 3260; x_wconf 89' lang='lat' dir='ltr'>in</span> <span class='ocrx_word' id='word_1_799' title='bbox 1529 3223 1726 3273; x_wconf 86' lang='lat' dir='ltr'>symphonia</span> <span class='ocrx_word' id='word_1_800' title='bbox 1735 3227 1817 3259; x_wconf 86' lang='lat' dir='ltr'>varii</span> <span class='ocrx_word' id='word_1_801' title='bbox 1829 3224 1904 3259; x_wconf 90' lang='lat' dir='ltr'>sunt</span> <span class='ocrx_word' id='word_1_802' title='bbox 1913 3237 2029 3259; x_wconf 86' lang='lat' dir='ltr'>cantus</span> <span class='ocrx_word' id='word_1_803' title='bbox 2039 3252 2048 3266; x_wconf 94' lang='lat'><em>,</em></span> <span class='ocrx_word' id='word_1_804' title='bbox 2058 3224 2109 3259; x_wconf 88' lang='lat' dir='ltr'>sed</span> <span class='ocrx_word' id='word_1_805' title='bbox 2119 3223 2179 3260; x_wconf 83' lang='lat' dir='ltr'>tali</span> 
     </span>
     <span class='ocr_line' id='line_1_64' title="bbox 344 3271 2178 3329; baseline -0.005 -13"><span class='ocrx_word' id='word_1_806' title='bbox 344 3283 565 3329; x_wconf 85' lang='lat' dir='ltr'>proportione</span> <span class='ocrx_word' id='word_1_807' title='bbox 575 3282 661 3315; x_wconf 89' lang='lat' dir='ltr'>inter</span> <span class='ocrx_word' id='word_1_808' title='bbox 673 3277 703 3313; x_wconf 93' lang='lat' dir='ltr'>se</span> <span class='ocrx_word' id='word_1_809' title='bbox 713 3279 900 3326; x_wconf 84' lang='lat' dir='ltr'>temperati,</span> <span class='ocrx_word' id='word_1_810' title='bbox 911 3287 946 3311; x_wconf 83' lang='lat' dir='ltr'>vt</span> <span class='ocrx_word' id='word_1_811' title='bbox 956 3288 1061 3310; x_wconf 89' lang='lat' dir='ltr'>vnum</span> <span class='ocrx_word' id='word_1_812' title='bbox 1073 3275 1434 3319; x_wconf 67' lang='lat' dir='ltr'>efficiantconcentum</span> <span class='ocrx_word' id='word_1_813' title='bbox 1446 3288 1454 3308; x_wconf 70' lang='grc' dir='ltr'><strong>ι</strong></span> <span class='ocrx_word' id='word_1_814' title='bbox 1466 3287 1545 3321; x_wconf 88' lang='lat' dir='ltr'>ergo</span> <span class='ocrx_word' id='word_1_815' title='bbox 1557 3278 1592 3308; x_wconf 71' lang='grc' dir='ltr'>δε</span> <span class='ocrx_word' id='word_1_816' title='bbox 1603 3273 1754 3312; x_wconf 64' lang='lat' dir='ltr'>distincta</span> <span class='ocrx_word' id='word_1_817' title='bbox 1764 3271 1822 3308; x_wconf 82' lang='lat' dir='ltr'>effe</span> <span class='ocrx_word' id='word_1_818' title='bbox 1832 3285 1901 3308; x_wconf 86' lang='lat' dir='ltr'>tarn</span> <span class='ocrx_word' id='word_1_819' title='bbox 1911 3274 2000 3308; x_wconf 87' lang='lat' dir='ltr'>dona</span> <span class='ocrx_word' id='word_1_820' title='bbox 2010 3274 2111 3321; x_wconf 74' lang='lat' dir='ltr'>quam</span> <span class='ocrx_word' id='word_1_821' title='bbox 2125 3272 2178 3307; x_wconf 86' lang='lat' dir='ltr'>of·</span> 
     </span>
     <span class='ocr_line' id='line_1_65' title="bbox 344 3321 2182 3368; baseline -0.004 -5"><span class='ocrx_word' id='word_1_822' title='bbox 344 3328 420 3363; x_wconf 83' lang='lat' dir='ltr'>ficia</span> <span class='ocrx_word' id='word_1_823' title='bbox 427 3331 599 3364; x_wconf 84' lang='lat' dir='ltr'>conuenit:</span> <span class='ocrx_word' id='word_1_824' title='bbox 612 3333 646 3363; x_wconf 85' lang='lat'>&amp;</span> <span class='ocrx_word' id='word_1_825' title='bbox 656 3329 773 3362; x_wconf 87' lang='lat' dir='ltr'>omnia</span> <span class='ocrx_word' id='word_1_826' title='bbox 782 3337 894 3361; x_wconf 88' lang='lat' dir='ltr'>tamen</span> <span class='ocrx_word' id='word_1_827' title='bbox 903 3327 939 3360; x_wconf 90' lang='lat' dir='ltr'>in</span> <span class='ocrx_word' id='word_1_828' title='bbox 948 3337 1055 3359; x_wconf 86' lang='lat' dir='ltr'>vnum</span> <span class='ocrx_word' id='word_1_829' title='bbox 1066 3325 1187 3359; x_wconf 86' lang='lat' dir='ltr'>reduci.</span> <span class='ocrx_word' id='word_1_830' title='bbox 1195 3325 1273 3358; x_wconf 92' lang='lat' dir='ltr'>Ideo</span> <span class='ocrx_word' id='word_1_831' title='bbox 1283 3323 1402 3358; x_wconf 82' lang='lat' dir='ltr'>Paulus</span> <span class='ocrx_word' id='word_1_832' title='bbox 1411 3323 1451 3357; x_wconf 85' lang='lat' dir='ltr'>ad</span> <span class='ocrx_word' id='word_1_833' title='bbox 1460 3323 1715 3368; x_wconf 82' lang='lat' dir='ltr'>Rom.12.capite</span> <span class='ocrx_word' id='word_1_834' title='bbox 1726 3323 1913 3356; x_wconf 86' lang='lat' dir='ltr'>varietatem</span> <span class='ocrx_word' id='word_1_835' title='bbox 1926 3321 2018 3356; x_wconf 84' lang='lat' dir='ltr'>illam</span> <span class='ocrx_word' id='word_1_836' title='bbox 2028 3324 2182 3356; x_wconf 68' lang='lat' dir='ltr'>comme·</span> 
     </span>
     <span class='ocr_line' id='line_1_66' title="bbox 342 3367 2178 3424; baseline -0.004 -13"><span class='ocrx_word' id='word_1_837' title='bbox 342 3377 408 3412; x_wconf 88' lang='lat' dir='ltr'>dat:</span> <span class='ocrx_word' id='word_1_838' title='bbox 419 3390 462 3412; x_wconf 86' lang='lat' dir='ltr'>ne</span> <span class='ocrx_word' id='word_1_839' title='bbox 473 3375 695 3424; x_wconf 86' lang='lat' dir='ltr'>vuusquisque</span> <span class='ocrx_word' id='word_1_840' title='bbox 707 3375 736 3414; x_wconf 86' lang='lat' dir='ltr'>sc</span> <span class='ocrx_word' id='word_1_841' title='bbox 746 3387 870 3411; x_wconf 83' lang='lat' dir='ltr'>temere</span> <span class='ocrx_word' id='word_1_842' title='bbox 885 3376 921 3410; x_wconf 85' lang='lat' dir='ltr'>in</span> <span class='ocrx_word' id='word_1_843' title='bbox 930 3372 1062 3409; x_wconf 77' lang='lat' dir='ltr'>alterius</span> <span class='ocrx_word' id='word_1_844' title='bbox 1073 3375 1181 3408; x_wconf 78' lang='lat' dir='ltr'>vicem</span> <span class='ocrx_word' id='word_1_845' title='bbox 1191 3372 1374 3420; x_wconf 80' lang='lat' dir='ltr'>ingerendo</span> <span class='ocrx_word' id='word_1_846' title='bbox 1386 3396 1397 3412; x_wconf 92' lang='lat'><em>,</em></span> <span class='ocrx_word' id='word_1_847' title='bbox 1407 3372 1656 3406; x_wconf 63' lang='lat' dir='ltr'>distinetionem</span> <span class='ocrx_word' id='word_1_848' title='bbox 1669 3370 1686 3403; x_wconf 69' lang='grc' dir='ltr'>ὲ</span> <span class='ocrx_word' id='word_1_849' title='bbox 1695 3370 1851 3404; x_wconf 82' lang='lat' dir='ltr'>Domino</span> <span class='ocrx_word' id='word_1_850' title='bbox 1860 3369 2001 3417; x_wconf 75' lang='lat' dir='ltr'>politam</span> <span class='ocrx_word' id='word_1_851' title='bbox 2010 3367 2178 3407; x_wconf 68' lang='lat' dir='ltr'>confiidatt</span> 
     </span>
    </p>
   </div>
   <div class='ocr_carea' id='block_1_9' title="bbox 2089 3417 2181 3456">
    <p class='ocr_par' dir='ltr' id='par_1_14' title="bbox 2089 3417 2181 3456">
     <span class='ocr_line' id='line_1_67' title="bbox 2089 3417 2181 3456; baseline 0.054 -5"><span class='ocrx_word' id='word_1_852' title='bbox 2089 3417 2181 3456; x_wconf 86' lang='lat' dir='ltr'>iubet</span> 
     </span>
    </p>
   </div>
  </div>
 </body>
</html>
