2268 3705
112 3084 273 3114 denisce}

112 3134 275 3161 ;.Tbc,1.l⁷.6.

114 3180 194 3209 ,Ma-15
206 3181 272 3201 mlv.

314 99 362 144 64
891 88 983 136 ΙΝ
1034 85 1622 141 EPIST-PAVLI

329 161 499 202 Postremi,
511 161 552 197 fic
563 160 668 197 sedere
676 162 822 199 docet‚vt
833 158 868 195 sit
879 172 1056 209 perpetuus
1067 174 1126 208 pro
1137 158 1247 194 salutis
1257 160 1371 195 nosirae
1381 157 1568 193 defensione
1577 160 1756 193 adnotatus
1766 160 1799 192 &
1811 155 2010 193 intercessor.
2020 161 2107 195 vnde
2116 150 2163 196 se-

329 213 490 262 quitur,Si
497 213 572 258 quis
582 223 644 247 nos
653 212 807 245 damnare
819 210 989 247 veliacum
999 224 1071 244 non
1084 210 1185 243 modo
1197 211 1322 242 irritam
1331 207 1434 242 facere
1444 208 1569 242 Christi
1580 218 1735 244 mortem,
1746 206 1797 241 sed
1806 205 1932 243 bellurn
1942 219 2020 242 cum
2032 210 2165 244 incom-

330 261 468 311 parabili
478 263 548 295 eius
558 263 761 307 virtute,qua
771 272 848 295 eum
858 261 993 293 ornauit
1004 260 1109 297 Pater,
1121 255 1290 291 summum
1302 258 1331 289 ei
1342 259 1521 304 imperium
1531 255 1677 290 deferens
1687 267 1765 288 cum
1774 266 1864 290 tanta
1873 258 1994 291 virtute
2004 279 2014 293 ‚
2024 255 2165 306 suscipe-

330 326 374 344 re,
386 312 464 344 Haec
479 320 570 354 tanta
579 308 816 354 securitas,quae
827 306 1280 353 diabolo,morti‚peccato,&
1293 303 1476 339 inferorum
1487 307 1592 351 portis
1603 302 1756 350 insultare
1767 303 1858 341 ausit,
1871 304 1966 338 debet
1978 307 2040 352 piis
2051 310 2165 341 omni-

329 360 392 394 bus
403 357 593 407 petitoribus
604 357 739 391 insidere
750 370 758 390 :
769 358 847 401 quia
856 354 948 389 nulla
959 356 1001 388 est
1013 355 1121 388 nostra
1132 352 1222 390 fides,
1237 352 1297 387 nisi
1307 353 1397 386 certo
1406 353 1504 387 nobis
1516 351 1763 400 persuadeamus
1772 352 1943 386 Christum
1953 354 2102 389 nostrum
2114 354 2161 389 es-

332 409 374 446 se,
386 412 420 442 ὃς
430 409 558 442 Patrem
569 400 715 442 isobisin
726 403 798 452 ipso
809 405 1007 451 propitium.
1019 402 1120 436 Nihil
1130 414 1209 448 ergo
1219 400 1424 449 pestilentius
1435 425 1444 439 ,
1456 414 1516 435 nec
1529 403 1632 447 magis
1642 398 1770 448 exitiale
1782 398 1863 447 fingi
1875 402 1979 448 potest
1989 402 2167 437 Scholassia

333 470 375 492 co
387 457 543 504 dogmate
555 456 593 489 de
605 453 840 489 incertitudine
853 451 973 485 salutis.
1023 451 1091 496 Qz'
1112 451 1280 483 intercedit.
1317 451 1393 483 Hoc
1411 449 1526 483 diserte
1537 451 1610 482 addi
1623 447 1745 483 necesle
1755 447 1817 482 fuit
1827 473 1836 486 ‚
1853 462 1894 482 ne
1903 451 2030 484 Diuina
2040 451 2165 486 Christi

333 506 480 540 maiestas
493 516 554 539 nos
565 501 796 551 expauefaciat.
832 501 1038 545 Qanquam
1049 511 1127 546 ergo
1139 499 1156 533 ὲ
1168 496 1302 532 sublimi
1311 497 1395 532 solio
1406 497 1543 546 pedibus
1554 496 1617 531 suis
1629 498 1745 531 omnia
1762 495 1906 531 subiecta
1916 509 2017 535 tenet,
2027 512 2104 533 eum
2115 512 2166 534 ta-

333 568 411 590 men
423 555 612 588 mediatoris
625 548 762 598 persona
774 547 893 582 Paulus
904 549 1012 582 induit
1023 561 1030 581 :
1049 550 1144 581 cuius
1154 546 1370 594 conspectum
1380 546 1511 581 horrere
1531 542 1705 580 absurdum
1719 543 1792 579 effet
1801 569 1812 583 ,
1832 547 1965 592 quando
1975 560 2045 581 non
2055 545 2164 583 solum

332 606 474 638 comiter
483 602 522 635 ad
533 600 634 634 senos
646 595 834 635 inuitat,sed
845 609 958 631 coram
966 597 1060 630 Patre
1069 597 1259 644 deprecator
1269 607 1330 642 pro
1343 594 1440 628 nobis
1450 606 1593 642 apparet.
1612 594 1714 628 Porro
1728 593 1812 628 hauc
1823 592 2084 629 intercessionem
2095 609 2165 630 car·
2187 595 2189 598 ’

331 651 399 687 nali
410 650 501 686 sensu
517 663 557 683 ne
569 651 755 682 meriamur.
767 647 940 680 nonenim
949 645 1146 692 cogitandus
1158 645 1200 678 est
1210 643 1356 691 supplex,
1368 643 1458 676 flexis
1469 643 1620 690 genibus,
1631 642 1785 677 manibus
1797 641 1940 690 expansis
1950 665 1960 679 ,
1972 645 2097 678 Patrem
2108 646 2165 678 de-

328 703 453 749 precari
466 713 473 732 :
485 697 536 732 sed
547 699 626 744 quia
634 706 766 744 apparet
777 693 845 743 ipse
854 692 976 728 affidue
987 706 1062 728 oum
1076 704 1184 726 morte
1195 697 1228 727 δι’.
1241 690 1476 726 resurreetione
1486 691 1539 726 sua
1550 717 1560 730 ,
1578 705 1652 739 vquat
1663 694 1734 725 vice
1744 689 1816 726 sunt
1829 701 1953 724 aeternae
1963 691 2165 727 interceffio-

325 752 426 786 nis,&
438 750 522 782 viuae
533 747 696 779 orationis
708 742 888 778 efficaciam
899 741 1034 779 habent,
1049 753 1082 776 vt
1090 743 1220 775 Patrem
1230 739 1328 775 nobis
1339 740 1541 779 concilient,
1559 754 1656 787 atque
1668 738 1868 773 exorabilem
1878 740 2011 774 reddant
2020 763 2031 777 ,
2043 742 2163 779 merite>

325 800 448 832 dicitur
457 794 665 830 intercedere.
679 791 686 803 '

380 874 402 903 3
405 873 422 903 5
481 856 574 911 Qis
584 868 647 894 nos
655 850 825 894 dirimetc}
841 851 912 892 dile
917 853 1033 891 {itione
1042 848 1188 903 Christi?
1195 847 1378 890 tribulatio
1390 856 1400 886 ?
1414 861 1462 886 an
1473 845 1633 901 angustia
1645 855 1655 884 ?
1668 861 1714 884 an
1719 843 1939 902 perftquutio
1947 849 1965 885 ?
1978 846 2166 900 anfames?

324 930 373 954 an
384 914 530 954 nuditas
541 915 558 950 ἓ
567 927 614 950 an
618 911 810 966 periculum
819 913 836 947 ?
848 924 895 947 an
902 908 1044 963 gladius
1057 916 1067 946 Ξ·

377 979 424 1016 36
475 965 953 1023 §Quemadmodumfiriptum
967 965 1022 1019 est,
1027 959 1288 1019 deproptcr
1297 973 1331 1002 te
1342 964 1512 1002 morimur
1520 960 1676 1015 quotidie
1685 989 1695 1005 ‚
1714 962 1865 1014 reputati
1864 958 1985 1014 fiamus
1994 972 2165 1014 tanquam

323 1044 407 1068 oues
416 1029 621 1068 mae‘t‘atimi
629 1023 814 1077 destinata.
1335 1044 1337 1050 s

380 1100 428 1136 37
486 1083 550 1123 Sed
563 1087 601 1123 in
612 1086 652 1133 qs
662 1079 817 1120 omnihus
817 1077 1093 1134 superuincimm
1097 1088 1163 1132 per
1173 1090 1250 1114 eum
1260 1077 1324 1129 qui
1331 1074 1464 1114 dilexit
1473 1074 1544 1112 nos'.

372 1152 404 1187 35
460 1140 542 1187 Qbs
551 1151 605 1171 nos
617 1137 760 1175 dzrimet.)
772 1137 875 1169 Nunc
886 1133 981 1168 latius
991 1133 1047 1167 illa
1056 1132 1208 1167 securitas
1219 1132 1259 1164 ad
1268 1129 1424 1163 inferiora
1434 1130 1628 1163 extenditur.
1639 1130 1712 1174 Q
1722 1131 1813 1162 enim
1824 1127 1988 1179 persuasus
1999 1130 2044 1164 est
2051 1129 2090 1164 de
2098 1131 2164 1164 Di-

324 1193 406 1225 uina
418 1201 492 1236 erga
503 1186 532 1221 se
542 1184 882 1230 beneuolentia‚poris
894 1183 937 1216 est
948 1184 983 1215 in
994 1178 1189 1228 grauissimis
1200 1177 1439 1213 afflictionibus
1451 1176 1631 1211 subsistere:
1646 1189 1718 1224 quae
1737 1177 1892 1213 homines
1903 1180 1978 1212 ideo
1989 1188 2165 1227 tantopere

325 1241 470 1273 cruciare
481 1235 597 1274 solent,
610 1233 661 1267 vel
674 1233 764 1280 quod
774 1234 838 1265 Dei
851 1231 1062 1279 prouidentia
1073 1231 1269 1274 contingere
1281 1240 1331 1260 eas
1341 1229 1387 1261 n6
1397 1228 1548 1273 cogitant
1556 1249 1566 1263 ,
1577 1224 1628 1259 vel
1638 1225 1729 1271 quod
1739 1224 1828 1272 signa
1838 1225 1897 1261 esse
1908 1230 1962 1261 11ae
1973 1228 2039 1260 Dei
2059 1230 2166 1262 intes-

325 1297 496 1335 pretantur
507 1311 516 1324 ‚
528 1283 578 1318 vel
592 1283 684 1329 quod
696 1281 894 1315 arbitrantur
905 1279 935 1312 se
945 1280 962 1313 a
970 1280 1045 1312 Deo
1054 1278 1225 1312 destitutos
1234 1299 1244 1313 ,
1257 1275 1308 1308 vel
1319 1275 1411 1321 quod
1420 1273 1554 1309 nullum
1565 1276 1691 1308 exitum
1702 1278 1875 1321 expediant
1883 1300 1894 1313 ,
1913 1274 1968 1309 vel
1987 1273 2164 1311 meliorem

324 1339 428 1369 vitam
439 1346 510 1367 non
524 1330 735 1367 meditantur,
748 1340 803 1363 aut
812 1328 901 1362 aliud
914 1326 1029 1361 simile.
1051 1328 1195 1360 Animus
1205 1324 1284 1358 vero
1295 1323 1488 1358 huiusmodi
1501 1322 1832 1370 erroribuspurgatus
1848 1323 1944 1358 facile
1967 1322 2117 1358 residebit
2128 1329 2173 1359 Sc·

324 1379 551 1429 conquiescet.
559 1380 663 1414 Porro
677 1376 783 1412 sensus
793 1378 848 1411 hic
858 1375 1036 1410 verborum
1048 1375 1102 1411 est,
1114 1373 1277 1420 quicquid
1287 1375 1428 1410 eueniat,
1438 1372 1588 1406 standum
1599 1370 1698 1406 nobis
1707 1372 1742 1405 in
1754 1371 1816 1406 hac
1827 1370 1890 1406 fide
1899 1370 1971 1410 effe,
1980 1373 2092 1407 Deum
2104 1377 2165 1420 qui

322 1445 385 1467 nos
398 1429 497 1466 semel
506 1441 619 1463 amore
628 1425 686 1461 suo
699 1425 893 1473 complexus
904 1425 1136 1470 est,nunquam
1145 1422 1286 1456 abiicere
1299 1422 1401 1455 nostri
1412 1432 1535 1454 curam.
1545 1419 1667 1466 Neque
1677 1421 1767 1468 enim
1778 1419 1969 1468 simpliciter
1978 1421 2166 1464 dicimur-il
2198 1421 2202 1427 '
2247 1410 2259 1422 ⁰

324 1479 384 1515 esse
397 1479 490 1527 quod
499 1480 610 1512 Deum
621 1477 661 1509 ab
671 1487 783 1509 amore
796 1474 896 1507 nostri
908 1471 1059 1506 diuellat:
1085 1470 1136 1505 sed
1150 1473 1306 1505 notitiam
1319 1473 1372 1503 viu
1379 1469 1397 1503 i‘i
1404 1482 1502 1515 mque
1513 1466 1638 1502 sensiiin
1658 1471 1782 1503 amoris
1792 1482 1893 1516 quern
1904 1469 2004 1504 nobis
2015 1470 2175 1512 testatur,
2223 1483 2237 1511 j

323 1528 396 1563 vult
408 1531 453 1562 ita
464 1530 499 1561 in
511 1525 665 1561 cordibus
678 1524 795 1558 nostris
805 1525 925 1569 vigere,
933 1523 1014 1554 Vtin
1025 1518 1248 1555 afflictionum
1258 1518 1401 1552 tenebris
1411 1518 1535 1565 semper
1546 1517 1663 1551 luccat.
1674 1519 1780 1551 Sicuti
1787 1524 1879 1566 enim
1889 1517 2012 1560 nebul‘q
2019 1516 2166 1564 qiianuis
2179 1532 2196 1564 j
2243 1528 2245 1531 '

325 1577 495 1624 liquidum
508 1573 585 1608 solis
597 1570 812 1620 conspectum
824 1569 1083 1606 obscurentmon
1095 1579 1206 1602 tamen
1218 1570 1286 1602 eius
1298 1566 1427 1613 fulgore
1438 1569 1472 1599 in
1485 1577 1597 1599 totum
1615 1579 1677 1599 nos
1692 1568 1845 1613 priuant:
1861 1565 1904 1600 sic
1913 1567 2008 1600 Dens
2021 1568 2056 1600 iu
2067 1566 2165 1601 rebus

323 1623 464 1660 aduersis
475 1636 531 1671 per
541 1622 721 1670 caliginem
731 1621 853 1654 emittit
864 1621 974 1666 gratiae
985 1616 1039 1660 sue
1049 1617 1166 1656 radios,
1175 1630 1216 1650 ne
1227 1629 1292 1663 qua
1301 1618 1417 1649 retatio
1427 1612 1652 1661 desperatione
1662 1627 1724 1647 nos
1736 1614 1864 1648 obruat:
1880 1615 1954 1649 imo
1965 1613 2044 1648 fides
2054 1616 2166 1649 nostra

324 1671 603 1723 promissionibus
616 1672 681 1705 Dei
692 1681 854 1715 tanquam
863 1667 920 1701 alis
931 1665 1025 1706 fulta,
1037 1663 1161 1702 sursum
1172 1668 1208 1699 in
1219 1663 1315 1699 caelos
1326 1676 1383 1713 per
1399 1664 1508 1697 media
1517 1661 1860 1709 obstaculaapenetrare
1878 1662 1985 1697 debet.
2030 1658 2166 1700 :Verum

324 1723 461 1770 quidem
473 1721 528 1757 est,
538 1732 587 1754 res
597 1717 743 1753 aduersas
755 1720 807 1751 irae
818 1718 882 1750 Dei
893 1714 983 1763 figna
992 1714 1051 1749 effe
1061 1739 1070 1752 ,
1081 1713 1102 1748 si
1113 1726 1169 1762 per
1180 1713 1210 1748 se
1222 1714 1438 1747 aestimentur:
1459 1709 1511 1745 sed
1520 1711 1576 1745 vbi
1587 1710 1745 1758 ptaejcessit
1758 1713 1856 1747 venia
1877 1715 1911 1757 <Sc
1920 1706 2166 1751 reconciliatio,

321 1770 531 1807 statuendum
546 1769 599 1808 est,
612 1767 884 1812 Deum,quanuis
895 1776 957 1798 nos
969 1764 1290 1810 castiget,nunquam
1301 1773 1414 1795 tamen
1426 1758 1654 1794 misericordiae
1663 1757 1825 1794 obliuisci.
1844 1760 2016 1794 Admonet
2025 1761 2166 1807 quidem

324 1820 406 1866 quid
418 1818 516 1852 simus
529 1818 650 1854 meriti,
660 1814 711 1849 sed
723 1828 794 1849 non
804 1816 916 1848 minus
929 1813 1060 1846 testatur
1070 1810 1207 1845 salutem
1219 1811 1327 1845 nosti-5
1337 1809 1397 1858 sibi
1407 1807 1467 1843 esse
1476 1821 1575 1846 curae,
1586 1809 1668 1842 dum
1679 1820 1742 1843 nos
1750 1809 1789 1842 ad
1799 1809 1998 1857 poenitentii
2008 1807 2164 1844 solicitata

326 1868 525 1902 Dtlefflonem
535 1865 614 1900 vero
625 1869 651 1899 C
653 1862 735 1905 hristi
745 1865 910 1899 nominat,
920 1857 998 1908 quia
1005 1862 1098 1894 Pater
1106 1863 1140 1894 in
1152 1873 1191 1894 eo
1204 1858 1258 1893 sua
1267 1858 1483 1906 quodainodo
1494 1856 1615 1891 viscera
1625 1856 1723 1891 nobis
1732 1859 1871 1906 aperuit.
1893 1859 1974 1903 Q
1986 1869 2065 1905 ergo
2077 1868 2166 1892 extra

326 1917 461 1952 Chriscfi
472 1915 641 1961 quaeredus
651 1914 697 1948 116
708 1911 745 1946 sit
756 1924 850 1946 amor
858 1912 935 1948 Dei,
948 1910 1067 1943 merito
1078 1909 1143 1943 huc
1155 1921 1217 1942 nos
1226 1919 1361 1942 reuocat
1375 1906 1541 1941 Paulustvt
1552 1908 1587 1940 in
1597 1906 1696 1940 radiis
1706 1907 1816 1954 gratiae
1826 1904 2042 1943 Christi,fides
2053 1908 2165 1941 nostra.

327 1965 474 2000 serenam
484 1965 586 1997 Patris
596 1961 714 1997 faciem
726 1959 918 2008 conspiciat.
972 1960 1071 1992 Sfima
1081 1959 1123 1991 est
1132 1981 1142 1995 ‚
1152 1956 1254 1991 nullis
1265 1957 1361 1990 rebus
1380 1953 1519 1990 aduersis
1538 1953 1733 1989 fidem-hanc
1743 1953 1931 1989 labefatstari
1942 1954 2074 1989 debere:
2088 1956 2164 1990 Deo

327 2015 477 2061 propitio
489 2011 576 2046 nihil
588 2010 687 2045 nobis
697 2008 756 2044 esse
765 2005 1054 2052 aduersum.de
1062 2004 1188 2054 passiue
1200 2005 1323 2040 Christi
1333 2007 1447 2039 amore
1457 2003 1592 2051 quidam
1602 2002 1989 2051 accipiunssquoanobis
2000 2002 2164 2051 diligitur,

327 2061 389 2096 acsi
400 2060 518 2095 Paulus
529 2072 591 2094 nos
603 2059 773 2093 instrueret
782 2057 823 2090 ad
834 2058 997 2090 inunitam
1007 2054 1238 2089 fortitudinem
1250 2067 1258 2087 :
1268 2060 1503 2088 commentum
1524 2052 1590 2086 hoc
1608 2051 1706 2086 nullo
1720 2054 1860 2099 negotio
1870 2050 2029 2086 refellitur
2040 2064 2077 2086 ex
2088 2063 2163 2087 toto

327 2121 486 2145 contextu
497 2108 600 2145 Pauli,
612 2111 736 2141 &mox
747 2108 846 2139 etiam
861 2102 1052 2151 scrupulum
1064 2116 1203 2137 omnem
1217 2101 1476 2139 eximetPaulus,
1486 2113 1636 2135 amorem
1647 2100 1738 2135 hunc
1748 2098 1867 2135 claritis
1881 2098 2053 2134 definiens.
2082 2101 2165 2136 'Tri-

326 2158 457 2192 halari-7?
468 2161 627 2190 anxietas?
637 2155 883 2204 anpevfiquutio?
897 2154 1065 2186 Pronome
1076 2149 1296 2186 masculinum
1308 2151 1398 2198 quod
1410 2162 1515 2197 nuper
1526 2147 1784 2197 posuit,tacitam
1794 2147 1979 2196 emphasim
1989 2139 2066 2183 inse
2076 2152 2162 2184 coti-

327 2218 393 2241 net.
406 2198 615 2252 Nam'quum
629 2207 664 2238 in
676 2215 794 2238 neutro
804 2214 922 2250 genere
934 2201 1041 2235 dicere
1052 2197 1167 2249 posset,
1178 2200 1274 2248 Qd
1283 2213 1344 2234 nos
1361 2198 1536 2247 separabit:
1548 2197 1666 2231 maluit
1686 2195 1861 2245 personam
1883 2199 1986 2231 muris
2005 2201 2162 2234 creaturis

325 2254 514 2295 attribuere,
525 2265 559 2287 vt
571 2254 711 2287 totidem
720 2251 856 2290 athletas
866 2263 942 2284 com
948 2252 1093 2284 mitteret.
1103 2246 1278 2295 nobiscum
1288 2250 1322 2282 in
1335 2258 1512 2284 certamen,
1528 2257 1612 2293 quot
1622 2248 1848 2280 tentationum
1858 2245 1978 2293 species
1990 2244 2088 2280 fidem
2098 2260 2164 2281 no·-

327 2305 422 2338 stram
434 2305 642 2337 concutiunt.
657 2301 759 2334 Porro
772 2303 832 2333 tria
844 2300 910 2333 haec
922 2297 962 2332 sic
975 2300 1059 2332 inter
1069 2296 1098 2331 se
1107 2295 1377 2344 disserui-inquot}
1387 2295 1559 2330 tribulatio
1572 2294 1745 2341 quodlibet
1758 2293 1915 2328 molestia:
1925 2294 1977 2328 vel
1986 2297 2163 2330 inc6modi

325 2366 431 2399 genus
442 2350 708 2398 comprehendit:
719 2349 867 2395 angustia
877 2347 955 2381 vero
967 2349 1106 2380 interior
1113 2347 1157 2380 est
1169 2343 1374 2393 passio„dum
1385 2342 1507 2392 scilicet
1517 2341 1798 2378 difficultatesnos
1809 2343 1849 2376 ad
1858 2344 2011 2390 inopiam
2030 2342 2163 2391 consili}

325 2402 490 2448 redigunt.
510 2399 601 2433 Talis
612 2398 673 2432 fuir
686 2398 823 2432 Abrahae
843 2400 875 2430 Se
888 2396 952 2429 Lot
962 2398 1105 2429 anxietas
1115 2393 1216 2435 ,dum
1230 2390 1456 2428 alter-'‘virorem
1466 2392 1650 2430 suam,altcr
1663 2390 1744 2425 filias
1755 2392 1948 2438 prostituere
1958 2394 2093 2426 coaetus
2105 2391 2162 2427 ess:

325 2452 404 2496 quia
414 2446 602 2496 deprehensi
615 2451 648 2481 δε
659 2445 816 2494 perplexi,
829 2448 954 2478 exitum
967 2457 1037 2478 non
1049 2442 1264 2491 reperiebant.
1275 2441 1488 2488 persequutio
1499 2439 1632 2489 proprie
1642 2442 1858 2485 tyrannicam
1869 2439 2067 2474 violentiam
2078 2440 2162 2478 desi-

325 2509 416 2545 gnat,
426 2510 492 2542 qua
505 2495 561 2543 filii
572 2498 634 2530 Dei
647 2507 759 2543 praeter
770 2496 927 2528 meritum
939 2491 979 2526 ab
993 2494 1107 2539 impiis
1118 2502 1286 2526 vexantur.
1314 2490 1379 2525 Etsi
1390 2501 1501 2524 autem
1511 2488 1630 2523 Paulus
1641 2491 1720 2522 item
1732 2493 1762 2521 22
1774 2489 1855 2522 Cor.
1867 2487 1969 2534 4.b8‚
1989 2486 2076 2523 fili'os
2092 2490 2162 2524 Dei

323 2546 520 2589 ςενοχωρῗσθιιι
532 2555 639 2591 negat,
651 2543 702 2577 vel
713 2547 747 2578 in
759 2542 922 2590 angustias
934 2541 1050 2587 redigi,
1061 2553 1131 2574 non
1141 2539 1252 2574 tamen
1264 2539 1372 2574 secum
1390 2536 1526 2572 dissidet:
1536 2540 1614 2584 quia
1624 2536 1896 2584 nonfimpliciter
1905 2536 2163 2573 immunesfacit

323 2595 364 2629 ab
374 2597 469 2628 anxia
479 2592 698 2630 solicitudine,
711 2591 762 2626 sed
774 2590 933 2637 intelligit
943 2588 1073 2623 liberari
1085 2586 1200 2622 :sicuti
1207 2591 1305 2622 etiam
1317 2587 1468 2636 exempla
1476 2586 1613 2621 Abrahae
1625 2590 1660 2620 δε
1670 2584 1915 2620 Lotdeclarant.
1978 2596 1981 2597 ⁷
2056 2594 2065 2597 ··

371 2647 409 2688 36
457 2643 579 2690 Qma
585 2640 874 2688 dmocsumscniptum
884 2636 956 2682 est.)
966 2638 1049 2677 Non
1060 2638 1178 2684 'parum
1190 2639 1356 2670 momenti
1366 2634 1456 2676 affert
1465 2636 1532 2670 hoc
1542 2635 1733 2669 testimonifi
1742 2635 1782 2667 ad
1793 2633 1932 2668 causam:
1945 2635 2059 2670 innuit-
2065 2637 2163 2670 enim

321 2703 454 2726 tantuin
463 2690 566 2725 abesse
576 2701 609 2724 vt
623 2692 739 2724 mortis
748 2700 872 2722 terrore
884 2687 1028 2732 excidere
1039 2685 1227 2723 debeamus,
1239 2696 1273 2718 vt
1286 2684 1322 2718 fit
1332 2687 1396 2719 hoc
1409 2685 1497 2731 pene
1503 2683 1598 2717 fatale
1611 2681 1709 2717 seruis
1722 2683 1800 2720 Dei,
1812 2694 1956 2717 mortem
1966 2683 2086 2725 habere
2095 2696 2162 2732 prae

321 2739 427 2774 oculis
439 2739 529 2773 velut
541 2736 805 2786 praescntaneam.
815 2734 991 2770 Probabile
1000 2735 1044 2767 est
1054 2736 1088 2768 in
1100 2733 1162 2767 illo
1171 2732 1301 2767 Psalmo
1312 2733 1449 2779 describi
1462 2730 1611 2766 miseram
1623 2730 1742 2779 populi
1762 2729 2008 2780 oppressionem
2020 2730 2078 2766 sub
2089 2737 2164 2767 An—

321 2790 426 2822 tiochi
437 2789 618 2833 tyrannide:
631 2789 707 2832 quia
715 2784 829 2823 diserte
842 2785 1054 2831 exprimitur,
1066 2793 1133 2821 tam
1143 2780 1316 2816 crudeliter
1326 2784 1361 2815 in
1372 2782 1436 2814 Dei
1449 2780 1592 2816 ‘cultores
1603 2791 1684 2821 nom
1691 2778 1754 2813 'iilia
1764 2781 1803 2813 de
1823 2778 1918 2814 causa
1936 2778 2049 2815 saeuitii
2058 2779 2163 2818 fuisse,

321 2840 422 2883 quiam
437 2849 516 2870 verae
527 2838 656 2883 pietatis
667 2836 756 2869 odio.
776 2834 916 2867 Additur
930 2834 1027 2865 eriam
1039 2829 1189 2878 praeclara
1199 2829 1395 2867 contestatio
1404 2830 1517 2875 „quod
1529 2841 1571 2863 ne
1581 2828 1622 2863 sic
1632 2828 1767 2875 quidem
1778 2829 1796 2862 ὲ
1806 2828 1873 2862 Dei
1884 2827 2005 2863 foedere
2014 2826 2163 2864 desciue-

321 2888 398 2919 rint:
411 2886 501 2932 quod
515 2887 548 2918 in
561 2886 676 2931 primis
689 2886 705 2917 ὲ
718 2881 822 2917 Paulo
834 2880 893 2915 effe
903 2880 1110 2915 obseruatum
1122 2876 1272 2912 arbitrorss
1289 2878 1363 2912 Nec
1373 2876 1568 2923 obestqubd
1580 2876 1649 2911 illic
1659 2887 1844 2922 queruntur
1854 2875 1957 2912 san<ffi
1973 2879 2012 2911 de
2024 2876 2164 2912 calami·

322 2945 385 2968 tate
397 2947 468 2980 qitae
479 2946 534 2967 eos
545 2944 656 2979 pre-’ter
666 2929 905 2966 consuetudine
915 2940 994 2963 tunc
1006 2926 1183 2975 premebat.
1204 2928 1292 2962 Nam
1305 2939 1411 2973 quum
1423 2927 1655 2959 innocentiam
1666 2922 1756 2958 suam
1767 2926 1858 2971 prius
1868 2926 1984 2963 testati,
1998 2925 2162 2960 totmalis

321 2981 350 3015 se
361 2984 489 3030 ,grauari
499 2981 680 3015 ostendant:
693 2982 936 3014 conuenienter
948 2977 1023 3011 inde
1033 2984 1267 3023 argumentum
1279 2975 1502 3011 trahiturmon
1513 2974 1573 3007 elle
1583 2982 1714 3007 nouum
1725 2972 1816 3018 quod
1826 2971 1927 3008 sandri
1938 2983 2051 3020 praeter
2063 2976 2163 3007 meri-

321 3042 355 3064 (ιι
363 3033 417 3067 imi
425 3032 593 3078 inpiorum
603 3027 731 3063 saeuinae
741 3030 758 3062 a
768 3030 923 3062 Domino
933 3028 1183 3073 permittuntur.
1199 3023 1286 3058 Illud
1295 3034 1407 3057 autem
1418 3036 1488 3056 non
1499 3020 1568 3055 fieri
1581 3020 1638 3055 nisi
1651 3018 1796 3068 ipsorum
1807 3019 1901 3055 bono
1911 3022 2162 3068 constanquido

322 3078 385 3112 hoc
396 3081 460 3112 Dei
475 3080 596 3112 iustitia
608 3076 666 3110 ess'e
676 3077 822 3110 alienum
836 3076 931 3109 docet
941 3076 1156 3122 Scriptura‚vt
1165 3073 1275 3120 perdat
1287 3072 1406 3106 iustum
1418 3083 1496 3105 cum
1507 3072 1627 3117 impio:
1639 3071 1721 3115 quin
1733 3071 1844 3116 potius
1854 3068 1921 3103 hoc
1930 3072 2114 3103 conuenire
2125 3081 2161 3105 vt

321 3128 476 3173 rependat
487 3129 525 3160 iis
539 3128 598 3173 qui
608 3124 760 3172 affligunt
770 3149 779 3163 2
792 3122 1011 3158 afflictionem
1026 3136 1033 3156 :
1060 3124 1100 3157 iis
1111 3133 1222 3156 autem
1233 3123 1290 3167 qui
1299 3118 1511 3167 affliguntur,
1528 3118 1776 3154 relaxationem.
1792 3118 1922 3151 Deinde
1935 3129 1997 3164 pro
2005 3119 2162 3154 Domino

322 3177 389 3222 ptri
400 3175 429 3207 sc
440 3173 614 3209 affirmant:
628 3175 777 3208 Christus
787 3185 897 3206 autem
907 3171 1021 3206 beatos
1031 3172 1227 3219 pronuntiat
1238 3171 1294 3216 qui
1307 3171 1480 3216 patiuntur
1489 3179 1624 3215 propter
1633 3165 1800 3201 iustitiam.
1827 3166 1932 3211 de
1941 3177 2053 3200 autem
2064 3169 2160 3202 aiunt

323 3221 351 3256 se
365 3225 449 3256 mori
460 3225 664 3268 quotidie,eo
678 3221 1020 3270 significant,mortem
1032 3223 1076 3253 ira
1086 3217 1143 3253 sibi
1156 3218 1357 3265 impendere,
1371 3228 1405 3250 vt
1413 3217 1487 3250 ralis
1498 3219 1566 3250 vita
1576 3214 1659 3249 nihil
1669 3213 1734 3247 fere
1745 3214 1764 3247 ὲ.
1777 3225 1883 3247 morte
1891 3215 1997 3249 distet:
2015 3238 2018 3239 ν

371 3281 407 3313 37
459 3271 478 3301 S
483 3275 699 3317 npcrnincimus
706 3283 761 3317 per
771 3274 861 3308 eum.)
877 3269 911 3302 ld
921 3269 965 3302 est
973 3267 1157 3302 elufflhimur
1166 3263 1339 3314 sempera&
1352 3267 1563 3312 emergimus.
1577 3262 1715 3297 ver-bum
1727 3262 1817 3308 quod
1826 3261 1947 3297 Paulus
1957 3261 2100 3311 vsurpat,
2111 3262 2155 3298 li-

324 3322 373 3352 cei
386 3320 509 3352 Latinis
523 3322 631 3352 minus
644 3319 793 3353 vsitatum
806 3345 815 3358 ‚
826 3318 959 3351 retinui.
992 3317 1114 3350 Euenit
1125 3316 1259 3361 quidem
1270 3315 1437 3348 interdum
1449 3325 1483 3347 vt
1493 3314 1664 3348 videantur
1674 3307 1875 3344 succubuisse
1885 3309 2046 3349 fideles,&
2056 3314 2159 3346 attriti

324 3370 425 3403 iacere
439 3380 445 3398 :
458 3366 536 3400 adeo
549 3367 718 3403 Dominus
730 3366 815 3415 ipsos
827 3378 897 3400 non
909 3363 1012 3399 modo
1024 3375 1167 3402 exercet,
1178 3361 1230 3399 sed
1242 3366 1340 3398 etiam
1351 3361 1517 3398 humiliat.
1550 3362 1616 3396 Hic
1625 3371 1736 3398 tamen
1749 3360 1853 3397 exitus
1864 3357 1989 3409 semper
2000 3361 2105 3397 datur,
2125 3371 2162 3393 vt

1987 3418 2161 3457 potiantur
