2268 3705
456 130 569 176 AD
620 129 1207 177 coLossENsEs
1260 131 1438 180 CAP-
1489 136 1518 179 1·
1890 150 1951 196 '415

118 205 285 239 minemur
296 200 524 237 Christiani‚ac
535 198 749 247 profiteamur
758 211 820 233 nos
831 201 867 233 in
877 199 1047 234 Christum
1058 199 1250 238 credere‚illi
1259 199 1317 235 fibi
1328 184 1461 249 fingunt
1470 201 1628 243 lacerum,
1640 199 1947 251 deforffiumffixi-

116 254 270 287 nanitum
282 249 335 284 sua
345 246 594 286 virtute‚officio
605 246 663 282 suo
675 248 993 294 nudatumzdenique
1003 247 1102 283 talem
1112 260 1147 283 vt
1157 252 1270 301 potius
1280 247 1443 297 spectrum
1456 251 1508 292 sit,
1526 255 1626 299 quam
1641 256 1790 294 Christus
1801 262 1945 308 ipscmos

116 311 225 334 autem
237 297 468 345 ampleffimur
477 295 583 343 qualis
594 295 648 330 hic
658 295 848 330 describitur
859 296 876 329 a
888 295 1004 332 Paulo,
1020 299 1137 332 viuum
1151 297 1273 333 icilicet
1283 310 1320 332 ac
1331 296 1510 334 efficacem.
1521 303 1648 348 Itaque,
1658 316 1691 338 vt
1702 318 1769 340 vno
1781 309 1880 344 vei-bo
1891 314 1944 346 di..

115 359 199 384 cam,
212 358 323 380 vetum
336 345 505 379 Christum
518 344 584 378 liaec
599 344 746 390 Epistola
761 345 779 378 a
789 342 910 378 fictitio
922 343 1075 379 discernit
1085 358 1154 392 quo
1164 345 1251 381 nihil
1262 359 1322 382 nec
1334 346 1452 381 melius
1462 371 1472 387 ‚
1493 361 1554 383 nec
1566 351 1764 398 praestantius
1774 356 1943 395 defidctarj

113 396 228 444 potest.
239 395 335 428 Circa
345 392 446 427 finem
459 395 558 440 primi
568 394 684 439 capitis
693 394 903 426 autoritatem
914 391 972 426 fibi
983 392 1109 427 rursum
1120 395 1137 428 ὲ
1146 394 1284 442 persona
1294 394 1351 430 fibi
1363 396 1516 443 imposita
1526 399 1703 435 conciliat:
1717 406 1751 435 &
1764 416 1834 437 mae
1842 406 1941 442 nific&

111 442 323 478 commendat
332 441 503 488 Euangelii
515 440 723 487 dignitatem.
736 441 887 475 Secundo
897 443 1004 487 capite
1014 440 1132 476 clarius
1142 445 1246 489 aperit
1257 455 1356 489 quam
1369 443 1519 480 habuerit
1531 445 1691 482 scribendi
1702 433 1940 489 causaiissnem-

112 503 153 544 pe
164 500 197 526 vt
206 501 388 524 occurreret
400 488 550 536 periculo
561 489 651 534 quod
662 488 854 523 illisinstare
863 489 1004 524 videbat.
1015 488 1071 524 vbi
1083 490 1122 524 de
1133 488 1191 525 suo
1202 503 1277 537 erga
1287 504 1342 526 eos
1352 505 1464 528 amore
1474 494 1582 529 obiter
1592 499 1722 532 tractat:
1741 510 1776 533 vt
1786 503 1940 548 agnoscit

112 543 200 574 iuam
213 535 348 572 salutem
361 536 411 571 illi
421 549 505 572 curae
515 534 674 571 css'e.1nde
683 538 722 570 ad
734 538 1000 572 exhortationem
1016 537 1127 572 transit
1138 564 1148 579 ‚
1160 550 1225 585 qua
1234 539 1435 589 superiorem
1447 543 1633 578 doctrinam
1655 545 1743 592 quasi
1755 549 1793 581 ad
1802 550 1942 596 praescn-

110 597 177 621 tem
190 599 205 619 v
212 584 281 620 sum
292 586 534 620 accommodat:
546 597 621 618 nam
634 589 666 618 &
680 584 770 619 iubet
781 583 868 632 ipsos
879 588 913 620 in
926 583 998 621 solo
1008 586 1142 621 Christo
1153 587 1387 634 conquiescere
1396 615 1407 630 ,
1418 594 1452 624 ὃς
1464 595 1617 626 vanitatis
1626 594 1760 629 damnat
1778 600 1941 645 quicquid

108 635 153 669 cst
165 645 252 668 extra
262 635 444 668 Christum.
455 634 670 668 Nominatim
685 634 725 666 de
736 633 1001 672 Circuncisione,
1011 634 1166 670 ciborum
1175 634 1372 671 abstinentia
1383 660 1391 673 ‚
1415 637 1552 684 aliisque
1562 645 1702 677 externis
1714 649 1875 681 exercitiis
1886 647 1939 681 lo-

105 685 231 731 quitur:
242 682 362 729 quibus
373 693 542 731 perperam
552 682 617 714 Dei
628 680 757 715 cultum
768 681 959 728 alligabant.
982 685 1067 716 Item
1076 685 1115 718 de
1125 685 1321 731 praepostero
1331 686 1543 732 Angelorum
1555 689 1647 724 cultu
1657 714 1667 728 ‚
1687 704 1771 737 quos
1781 696 1816 727 in
1828 697 1938 732 vicem

105 730 232 766 christi
247 730 476 778 subrogabant.
486 732 524 764 Et
533 729 786 765 circuncifionis
796 730 969 764 occasione
980 732 1154 772 adductus,
1164 732 1273 767 obiter
1282 736 1382 768 etiam
1391 736 1525 781 attingit
1536 736 1632 780 quale
1642 737 1842 778 officium&
1853 756 1938 790 qua.

105 779 146 813 lis
156 778 253 815 fuerit
262 782 533 814 caeremoniarum
542 788 668 812 natura:
680 778 764 812 vnde
774 778 957 818 constituit,
967 791 1023 826 per
1034 780 1206 815 Christum
1216 780 1307 817 fuiffe
1317 781 1497 829 abrogatas.
1521 785 1599 818 Haec
1610 784 1709 834 Vsque
1718 790 1756 822 ad
1767 788 1868 825 finem
1888 791 1937 826 se..

105 828 207 862 cundi
218 830 345 874 capitis.
357 828 475 875 Capite
484 828 690 863 tertio‚vanis
704 825 769 860 illis
779 827 1050 873 preceptionibus
1061 828 1100 861 ad
1111 841 1251 875 quarum
1263 829 1530 865 obseruationem
1542 829 1651 867 fideles
1663 835 1791 882 adigere
1802 839 1936 875 volebat

102 875 379 923 pseudoapostoli,
390 878 535 928 opponit
545 887 618 909 vera
626 877 756 922 pietatis
768 872 878 908 officia
891 898 900 912 ‚
912 875 1034 921 quibus
1044 889 1106 910 nos
1116 881 1272 925 occupari
1284 878 1355 913 vult
1367 880 1551 914 Dominus.
1560 879 1603 917 Et
1622 881 1640 917 ὲ.
1650 880 1742 916 fonte
1754 885 1824 932 ipso
1846 890 1938 922 ordi—

104 935 168 961 tur,
179 924 244 957 hoc
255 924 298 958 est
310 926 567 959 mortihcatione
576 925 734 959 carnia&
746 925 822 956 vitae
834 926 985 958 nouitate
998 925 1100 958 :vnde
1110 927 1202 960 riuos
1213 928 1355 964 deducit,
1369 927 1433 961 hoc
1445 926 1488 961 est
1500 929 1709 976 particulares
1728 933 1934 971 exhortatio-

102 984 174 1012 nes,
187 970 264 1005 alias
275 984 347 1018 quae
360 973 398 1006 ad
409 984 527 1007 omnes
538 974 656 1019 pariter
666 971 886 1010 Christianos,
897 970 975 1006 alias
986 985 1058 1019 quae
1069 976 1226 1020 priuatim
1234 976 1273 1009 ad
1283 987 1388 1010 certos
1398 976 1554 1010 homines
1568 975 1791 1028 spestant‚pro
1808 986 1936 1018 ratione

101 1021 300 1056 vocationis.
312 1023 482 1068 Principio
493 1023 600 1067 quarti
611 1021 728 1066 capitis
739 1020 826 1053 idem
836 1032 1070 1066 argumentum
1084 1022 1292 1070 prosequitur
1303 1038 1312 1055 :
1322 1025 1439 1058 deinde
1449 1024 1505 1059 vbi
1516 1025 1543 1058 se
1553 1030 1805 1066 commendauit
1818 1044 1936 1067 eorum

101 1066 266 1115 precibus,
276 1068 391 1104 multis
402 1068 500 1116 lignis
511 1068 650 1103 declarat
661 1078 865 1116 quantopere
875 1066 960 1115 ipsos
970 1081 1069 1108 amet,
1080 1082 1117 1104 ac
1126 1083 1242 1113 eorum
1253 1070 1348 1107 saluti
1360 1074 1471 1121 cupiat
1480 1072 1658 1109 consulere.

465 1232 470 1236 a
529 1221 534 1224 μ
548 1224 559 1236 xl
1453 1229 1461 1237 ’-
1479 1232 1482 1238 ι

402 1275 421 1286 x.
433 1273 461 1292 gx
600 1273 604 1277 ·
1376 1274 1407 1297 lm*
1459 1274 1467 1277 “

210 1524 605 1598 PAVLI
667 1527 838 1596 AD
904 1525 1802 1599 COLOSSENSES‚

416 1633 1578 1689 IOHANNISCALVINI

587 1732 1390 1779 COMMENTARIVS·

796 1821 1048 1856 CAPVT
1097 1822 1123 1854 1.

575 1903 638 1936 tA
648 1903 680 1936 V
690 1903 719 1936 L
729 1902 761 1937 V
772 1903 794 1936 S
815 1893 983 1951 Apostolus
1005 1892 1076 1948 J‘st‘
1091 1892 1212 1948 Chrtstt'
1221 1924 1232 1941 ,
1246 1894 1534 1950 pervolantatem
1559 1899 1625 1938 Dei
1631 1927 1646 1951 ‚²
1667 1899 1708 1947 ὠ
1718 1897 1923 1941 Timotheus?

652 1963 743 1992 ναῖεν
753 1984 764 2001 ,
909 1982 912 1984 -
1622 1955 1635 1968 ⁸*

478 2024 493 2036 ··
624 1952 660 2049 ζ
711 2012 845 2050 sanans
854 2007 999 2063 quifimt
1010 2007 1149 2060 Colossis·
1160 2035 1172 2053 ,
1199 2005 1240 2053 ό*
1246 2004 1406 2057 fidelibus
1407 2006 1573 2059 fratribus
1586 2012 1626 2049 in
1640 2009 1770 2064 christo
1781 2042 1793 2058 ‚
1809 2015 1924 2068 gratia

429 2105 456 2118 ν
469 2112 480 2118 -
501 2101 532 2119 x?
577 2064 679 2105 vobis
689 2065 729 2112 ἀ·
736 2078 813 2120 pax
822 2065 843 2103 ὰ
854 2072 928 2104 Deo
937 2071 1036 2103 Patre
1042 2062 1162 2113 nostro,
1174 2063 1214 2109 ῤ’
1224 2064 1376 2102 Domino
1385 2061 1456 2117 Jefia
1475 2063 1556 2103 Chri
1580 2082 1611 2106 o.
1849 2106 1858 2109 ,

516 2120 527 2124 ”
550 2123 567 2135 ”
635 2135 653 2171 3
710 2124 845 2162 Gratias
854 2122 987 2176 agimus
996 2128 1069 2160 Deo
1081 2117 1122 2164 ά
1132 2122 1226 2158 Patri
1236 2122 1383 2158 Domini
1393 2119 1495 2171 nostri
1505 2120 1576 2174 lesia
1588 2119 1916 2180 Christifimperpro

578 2175 680 2217 vobis
691 2188 839 2221 orantes,

477 2276 479 2279 ¹
527 2277 533 2283 ³
636 2250 662 2284 4
718 2231 847 2273 Audita
854 2234 924 2286 fide
930 2232 1040 2282 vestra
1050 2245 1124 2286 qua
1142 2230 1234 2284 estin
1245 2230 1375 2283 christo
1388 2229 1456 2285 Iefia
1466 2261 1475 2279 ‚
1509 2232 1550 2279 ὠ
1563 2232 1766 2278 charitate)
1779 2250 1856 2295 erga
1875 2254 1916 2279 0=

340 2322 345 2331 .
371 2318 373 2325 ι
423 2297 436 2333 T*
450 2291 457 2303 ⁴
513 2322 522 2331 ,
580 2288 835 2342 mnes-sandes,

321 2332 337 2350 ⁷³
636 2361 650 2398 5
710 2352 846 2400 Propter
840 2349 936 2402 spem
942 2344 1114 2401 repofitam
1122 2342 1225 2384 vobis
1233 2348 1273 2385 in
1283 2361 1322 2385 τι
1329 2345 1386 2390 lis,
1400 2342 1443 2382 de
1453 2359 1520 2399 qua
1523 2348 1620 2401 prius
1633 2348 1914 2405 audistisperser3

89 2416 226 2445 monem
235 2407 408 2451 veritatis,
424 2416 542 2460 nempe
554 2401 745 2457 Euangelii.

146 2469 168 2499 6
221 2460 335 2515 Qod
340 2460 390 2499 ad
393 2476 460 2500 vos
463 2464 618 2515 peruenit
628 2455 916 2513 quemadmodum
933 2458 973 2505 ά
983 2460 1021 2496 in
1029 2454 1186 2511 ‘uniuerso
1197 2454 1514 2510 mundofivus‘i‘ificat
1525 2458 1564 2505 ό*
1566 2471 1782 2516 propagatur,
1787 2460 1871 2516 ficut
1878 2477 1914 2503 e-

87 2519 174 2557 tiam
183 2519 222 2556 in
231 2515 339 2562 vahla,
354 2532 400 2556 ex
411 2531 476 2572 quo
487 2515 543 2554 die
551 2513 745 2567 audistin&
755 2514 947 2568 cognoasst's
950 2515 1100 2568 gratiam
1109 2516 1179 2552 Dei
1188 2517 1227 2552 in
1236 2515 1392 2552 veritate.

142 2587 169 2623 7
223 2572 527 2627 Qemaa'modum
537 2570 577 2619 ό·
589 2568 753 2623 didicistis
761 2568 803 2609 ab
814 2567 968 2625 Epaphra
979 2568 1103 2609 dileei‘o
1115 2566 1267 2623 construo
1276 2568 1386 2623 nostro
1399 2598 1410 2615 ‚
1425 2571 1485 2624 qui
1493 2570 1660 2624 estfidelis
1680 2586 1756 2631 erga
1766 2585 1833 2614 vos
1841 2576 1917 2623 mia„

88 2628 194 2684 nster
200 2628 335 2687 christi:
732 2636 735 2637 ’
1419 2645 1422 2647 >
1607 2626 1612 2631 '

146 2694 169 2726 8
223 2688 299 2738 Qi
310 2688 413 2724 etiam
422 2683 520 2723 nobis
531 2681 659 2736 manife
663 2684 764 2721 stanit
774 2678 972 2720 charitatem
979 2685 1134 2721 vestram
1142 2680 1318 2737 inspiritu.

136 2752 151 2776 1
197 2742 313 2777 Paulus
323 2739 529 2788 ‘Apostolum
575 2741 644 2771 lam
655 2737 767 2784 saepius
783 2738 910 2771 dietum
921 2738 964 2770 est
973 2735 1131 2783 quorsum
1151 2741 1336 2784 pertineant
1362 2738 1426 2771 istae
1437 2738 1680 2786 inscriptiones.
1699 2742 1791 2786 Qia
1802 2751 1914 2776 autem

89 2787 333 2826 Coloffenfibus
344 2800 518 2835 nunquam
528 2785 615 2821 visus
624 2784 738 2819 fuerat:
751 2784 891 2831 ideoque
900 2785 987 2832 apud
997 2783 1086 2832 ipsos
1095 2787 1247 2820 nondum
1258 2797 1326 2819 tam
1337 2783 1431 2819 firrna
1441 2797 1506 2819 erat
1517 2790 1586 2822 eius
1595 2789 1791 2826 authoritas,
1803 2800 1838 2822 vt
1847 2788 1918 2823 solii

92 2840 257 2885 priuatum
267 2850 393 2872 nomen
406 2834 576 2871 sufficeret:
589 2836 653 2868 Dei
663 2833 835 2868 voluntate
846 2833 1035 2868 ordinatum
1046 2831 1076 2866 se
1087 2833 1209 2868 Christi
1221 2834 1423 2880 Apostolum
1435 2832 1594 2881 praefatur.
1608 2838 1703 2872 Vnde
1713 2835 1917 2882 sequebatur,

90 2898 168 2920 eum
178 2899 248 2921 non
259 2897 379 2920 temere
388 2884 491 2919 facere
506 2883 600 2931 quod
609 2884 734 2929 ignotis
745 2879 906 2916 scriberet:
917 2894 957 2915 eo
968 2881 1059 2928 qubd
1078 2880 1245 2928 legatione
1256 2879 1315 2915 fibi
1327 2882 1345 2914 a
1361 2883 1435 2916 Deo
1459 2884 1611 2927 mandata
1621 2884 1822 2932 fungeretur.
1846 2885 1919 2919 Ne-

90 2945 156 2979 que
167 2937 256 2968 enim
270 2935 326 2968 vni
338 2932 481 2968 Eccleliae
491 2933 641 2967 addictus
650 2941 716 2964 erat
735 2954 745 2966 ‚
759 2928 808 2963 sed
819 2930 857 2962 ad
869 2941 986 2973 omnes
1009 2928 1139 2976 patebat
1149 2933 1218 2964 eius
1227 2929 1452 2976 Apostolatus.
1488 2931 1666 2966 Sanfforum
1682 2944 1813 2967 nomen
1826 2933 1919 2978 quod

91 2981 160 3016 illis
167 2981 295 3022 tribuit,
306 2984 409 3029 magis
420 2978 712 3016 honorificumaest:
727 2976 777 3013 sed
787 2976 1203 3025 fratresfidelcsappellane
1212 3004 1223 3020 ,
1235 2976 1387 3014 blandius
1397 2980 1436 3012 ad
1447 2977 1476 3015 se
1485 2981 1688 3015 audiendum
1698 2980 1812 3015 allicit.
1823 2979 1920 3014 Reli·

91 3041 157 3076 qua
167 3029 432 3076 exsuperioribus
441 3028 595 3077 Epistolis
606 3027 756 3075 petenda.
972 3036 975 3040 ·
1956 3028 1958 3030 '

174 3089 190 3124 3
227 3079 353 3126 §razias
362 3079 477 3125 agimus
487 3079 578 3120 Deo.)
629 3075 741 3109 Fidem
753 3071 995 3110 Colossenfiurn
1006 3077 1040 3110 &
1054 3074 1246 3110 charitatem
1257 3075 1366 3110 laudat
1375 3099 1385 3114 ,
1396 3076 1465 3122 qub
1477 3089 1534 3110 eos
1547 3077 1585 3110 ad
1597 3078 1754 3123 pergendi
1767 3076 1918 3112 alacrita—

88 3137 158 3161 tem
171 3131 204 3161 ὅ(
215 3125 430 3161 constantiam
442 3125 560 3159 melius
570 3121 756 3159 confirmet.
773 3123 906 3157 Deinde
916 3135 1020 3168 quum
1033 3122 1132 3157 talem
1144 3124 1183 3158 de
1193 3123 1268 3172 ipsis
1276 3122 1516 3172 persuasionem
1528 3123 1558 3158 se
1567 3125 1686 3158 habere
1695 3124 1848 3162 ostendit,
1861 3139 1920 3160 eo-

88 3187 165 3209 rum
175 3176 306 3208 animos
316 3171 374 3208 fibi
382 3172 549 3210 conciliat,
560 3172 631 3219 quo
641 3171 703 3206 fint
715 3171 754 3205 ad
765 3171 988 3218 recipiendam
1001 3169 1090 3205 suam
1100 3172 1288 3207 doctrinam
1308 3175 1414 3219 magis
1425 3171 1579 3219 propensi
1590 3183 1626 3206 ac
1639 3170 1772 3206 dociles.
1785 3174 1920 3221 Semper

83 3220 436 3266 obseruandum,qubd
445 3220 677 3268 gratulationis
690 3219 779 3258 loco,
791 3221 970 3266 gratiarum
982 3220 1114 3259 adtione
1124 3222 1244 3255 vtitur.
1257 3233 1327 3268 quo
1338 3221 1435 3254 docet
1445 3245 1455 3260 ,
1466 3222 1500 3254 in
1512 3221 1608 3253 omni
1621 3220 1743 3266 gaudio
1761 3224 1919 3268 protinus

29 3267 37 3274 '
86 3270 203 3306 debere
210 3268 309 3305 nobis
319 3280 489 3303 occurrere
499 3269 696 3303 memoriam
706 3269 841 3302 Diuinae
850 3265 1021 3302 bonitatis:
1035 3270 1115 3315 quia
1125 3270 1194 3303 eius
1204 3267 1406 3304 beneficium
1424 3268 1468 3301 est
1479 3268 1641 3313 quicquid
1652 3266 1750 3302 nobis
1762 3269 1874 3304 laetum
1883 3282 1923 3305 ac

87 3317 181 3355 foelix
189 3319 369 3364 contingit.
379 3318 447 3351 Suo
461 3327 609 3364 praeterea
620 3315 773 3363 exemplo
784 3328 845 3350 nos
855 3315 1068 3354 admonet‚vt
1077 3330 1148 3351 non
1160 3315 1292 3352 tantum
1301 3328 1337 3350 ea
1348 3328 1420 3361 quae
1431 3314 1530 3349 nobis
1539 3313 1669 3350 confert
1684 3316 1925 3359 Dominus,sed

89 3370 188 3405 etiam
198 3380 270 3417 quae
280 3365 351 3402 aliis
360 3390 371 3408 ‚
388 3367 567 3415 gratiarum
580 3366 713 3402 actione
722 3363 969 3417 prosequamur.
990 3364 1052 3401 Sed
1061 3364 1184 3413 quibus
1194 3366 1233 3414 de
1244 3364 1340 3414 rebus
1351 3364 1470 3413 gratias
1485 3365 1553 3411 agit
1566 3365 1800 3448 Βῗίιὶηᾳᾷυάε
1809 3364 1872 3416 fide
1886 3370 1923 3413 ὃς

1653 3437 1660 3450 .
1710 3425 1772 3461 1111.ι
