<?xml version="1.0" encoding="UTF-8"?>
<!DOCTYPE html PUBLIC "-//W3C//DTD XHTML 1.0 Transitional//EN"
    "http://www.w3.org/TR/xhtml1/DTD/xhtml1-transitional.dtd">
<html xmlns="http://www.w3.org/1999/xhtml" xml:lang="en" lang="en">
 <head>
  <title>
</title>
<meta http-equiv="Content-Type" content="text/html;charset=utf-8" />
  <meta name='ocr-system' content='tesseract 3.04.00' />
  <meta name='ocr-capabilities' content='ocr_page ocr_carea ocr_par ocr_line ocrx_word'/>
</head>
<body>
  <div class='ocr_page' id='page_1' title='image "./commentariiomnes00calv_0409.png"; bbox 0 0 2268 3705; ppageno 0'>
   <div class='ocr_carea' id='block_1_1' title="bbox 0 574 20 871">
    <p class='ocr_par' dir='ltr' id='par_1_1' title="bbox 0 574 20 871">
     <span class='ocr_line' id='line_1_1' title="bbox 0 574 20 871; baseline 0 2834"><span class='ocrx_word' id='word_1_1' title='bbox 0 574 20 871; x_wconf 95' lang='lat' dir='ltr'> </span> 
     </span>
    </p>
   </div>
   <div class='ocr_carea' id='block_1_2' title="bbox 405 100 1917 165">
    <p class='ocr_par' dir='ltr' id='par_1_2' title="bbox 405 100 1917 165">
     <span class='ocr_line' id='line_1_2' title="bbox 405 100 1917 165; baseline 0.007 -15"><span class='ocrx_word' id='word_1_2' title='bbox 405 104 519 150; x_wconf 87' lang='lat' dir='ltr'>AD</span> <span class='ocrx_word' id='word_1_3' title='bbox 569 100 1247 148; x_wconf 81' lang='lat' dir='ltr'>PHILIPPENSES</span> <span class='ocrx_word' id='word_1_4' title='bbox 1299 105 1474 154; x_wconf 86' lang='lat' dir='ltr'>CAP·</span> <span class='ocrx_word' id='word_1_5' title='bbox 1525 111 1555 157; x_wconf 87' lang='lat'>1-</span> <span class='ocrx_word' id='word_1_6' title='bbox 1860 126 1917 165; x_wconf 70' lang='lat'>391</span> 
     </span>
    </p>
   </div>
   <div class='ocr_carea' id='block_1_3' title="bbox 82 170 1925 225">
    <p class='ocr_par' dir='ltr' id='par_1_3' title="bbox 82 170 1925 225">
     <span class='ocr_line' id='line_1_3' title="bbox 82 170 1925 225; baseline 0.008 -18"><span class='ocrx_word' id='word_1_7' title='bbox 82 181 176 215; x_wconf 63' lang='lat' dir='ltr'>vanis</span> <span class='ocrx_word' id='word_1_8' title='bbox 187 177 322 225; x_wconf 75' lang='lat' dir='ltr'>argutiis</span> <span class='ocrx_word' id='word_1_9' title='bbox 334 185 371 208; x_wconf 83' lang='lat' dir='ltr'>ac</span> <span class='ocrx_word' id='word_1_10' title='bbox 381 170 663 220; x_wconf 81' lang='lat' dir='ltr'>speculationibus</span> <span class='ocrx_word' id='word_1_11' title='bbox 675 172 852 217; x_wconf 81' lang='lat' dir='ltr'><strong>ingenium</strong></span> <span class='ocrx_word' id='word_1_12' title='bbox 879 181 1043 217; x_wconf 86' lang='lat' dir='ltr'>torquere.</span> <span class='ocrx_word' id='word_1_13' title='bbox 1054 182 1163 216; x_wconf 88' lang='lat' dir='ltr'>neque</span> <span class='ocrx_word' id='word_1_14' title='bbox 1173 174 1264 207; x_wconf 84' lang='lat' dir='ltr'>enim</span> <span class='ocrx_word' id='word_1_15' title='bbox 1274 175 1447 211; x_wconf 86' lang='lat' dir='ltr'>Dominus</span> <span class='ocrx_word' id='word_1_16' title='bbox 1459 178 1622 214; x_wconf 82' lang='lat' dir='ltr'>inutiliter</span> <span class='ocrx_word' id='word_1_17' title='bbox 1634 180 1745 217; x_wconf 86' lang='lat' dir='ltr'>fideles</span> <span class='ocrx_word' id='word_1_18' title='bbox 1759 183 1833 220; x_wconf 88' lang='lat' dir='ltr'>suos</span> <span class='ocrx_word' id='word_1_19' title='bbox 1851 186 1925 222; x_wconf 72' lang='lat' dir='ltr'>vult</span> 
     </span>
    </p>
   </div>
   <div class='ocr_carea' id='block_1_4' title="bbox 64 217 2014 331">
    <p class='ocr_par' dir='ltr' id='par_1_4' title="bbox 64 217 2014 331">
     <span class='ocr_line' id='line_1_4' title="bbox 64 217 2014 331; baseline 0.004 -68"><span class='ocrx_word' id='word_1_20' title='bbox 64 263 67 265; x_wconf 68' lang='grc'><strong>,</strong></span> <span class='ocrx_word' id='word_1_21' title='bbox 84 239 251 275; x_wconf 79' lang='lat' dir='ltr'>occupari,</span> <span class='ocrx_word' id='word_1_22' title='bbox 267 236 300 259; x_wconf 86' lang='lat' dir='ltr'>vt</span> <span class='ocrx_word' id='word_1_23' title='bbox 311 220 435 257; x_wconf 77' lang='lat' dir='ltr'>discant</span> <span class='ocrx_word' id='word_1_24' title='bbox 447 220 538 267; x_wconf 91' lang='lat' dir='ltr'>quod</span> <span class='ocrx_word' id='word_1_25' title='bbox 549 218 636 253; x_wconf 89' lang='lat' dir='ltr'>nihil</span> <span class='ocrx_word' id='word_1_26' title='bbox 646 219 757 267; x_wconf 85' lang='lat' dir='ltr'>proiit.</span> <span class='ocrx_word' id='word_1_27' title='bbox 767 219 861 253; x_wconf 81' lang='lat' dir='ltr'>Hinc</span> <span class='ocrx_word' id='word_1_28' title='bbox 871 218 995 266; x_wconf 87' lang='lat' dir='ltr'>collige</span> <span class='ocrx_word' id='word_1_29' title='bbox 1005 231 1075 267; x_wconf 87' lang='lat' dir='ltr'>quo</span> <span class='ocrx_word' id='word_1_30' title='bbox 1087 217 1165 254; x_wconf 92' lang='lat' dir='ltr'>loco</span> <span class='ocrx_word' id='word_1_31' title='bbox 1174 219 1325 256; x_wconf 87' lang='lat' dir='ltr'>habenda</span> <span class='ocrx_word' id='word_1_32' title='bbox 1335 222 1373 257; x_wconf 83' lang='lat' dir='ltr'>fit</span> <span class='ocrx_word' id='word_1_33' title='bbox 1384 224 1569 261; x_wconf 87' lang='lat' dir='ltr'>Sorbonica</span> <span class='ocrx_word' id='word_1_34' title='bbox 1578 228 1762 278; x_wconf 82' lang='lat' dir='ltr'>theologia,</span> <span class='ocrx_word' id='word_1_35' title='bbox 1773 236 1808 268; x_wconf 91' lang='lat' dir='ltr'>in</span> <span class='ocrx_word' id='word_1_36' title='bbox 1823 247 1887 281; x_wconf 91' lang='lat' dir='ltr'>qua</span> <span class='ocrx_word' id='word_1_37' title='bbox 1898 235 1922 270; x_wconf 78' lang='lat' dir='ltr'>fi</span> <span class='ocrx_word' id='word_1_38' title='bbox 1931 232 2014 331; x_wconf 54' lang='grc' dir='ltr'>ξφ</span> 
     </span>
    </p>
   </div>
   <div class='ocr_carea' id='block_1_5' title="bbox 82 265 1925 426">
    <p class='ocr_par' dir='ltr' id='par_1_5' title="bbox 82 265 1925 426">
     <span class='ocr_line' id='line_1_5' title="bbox 82 265 1924 329; baseline 0.003 -19"><span class='ocrx_word' id='word_1_39' title='bbox 82 279 187 310; x_wconf 86' lang='lat' dir='ltr'>vitam</span> <span class='ocrx_word' id='word_1_40' title='bbox 197 268 448 317; x_wconf 79' lang='lat' dir='ltr'>consumpseris,</span> <span class='ocrx_word' id='word_1_41' title='bbox 461 267 570 303; x_wconf 81' lang='lat' dir='ltr'>nihilo</span> <span class='ocrx_word' id='word_1_42' title='bbox 585 266 659 315; x_wconf 86' lang='lat' dir='ltr'>plus</span> <span class='ocrx_word' id='word_1_43' title='bbox 672 268 749 302; x_wconf 89' lang='lat' dir='ltr'>inde</span> <span class='ocrx_word' id='word_1_44' title='bbox 763 265 991 302; x_wconf 75' lang='lat' dir='ltr'>aedificationis</span> <span class='ocrx_word' id='word_1_45' title='bbox 1002 270 1037 302; x_wconf 92' lang='lat' dir='ltr'>in</span> <span class='ocrx_word' id='word_1_46' title='bbox 1051 266 1140 315; x_wconf 89' lang='lat' dir='ltr'>spem</span> <span class='ocrx_word' id='word_1_47' title='bbox 1152 268 1284 305; x_wconf 87' lang='lat' dir='ltr'>caelestis</span> <span class='ocrx_word' id='word_1_48' title='bbox 1294 274 1379 308; x_wconf 82' lang='lat' dir='ltr'>vitae,</span> <span class='ocrx_word' id='word_1_49' title='bbox 1391 272 1443 306; x_wconf 91' lang='lat' dir='ltr'>vel</span> <span class='ocrx_word' id='word_1_50' title='bbox 1452 271 1629 320; x_wconf 87' lang='lat' dir='ltr'>spiritualis</span> <span class='ocrx_word' id='word_1_51' title='bbox 1642 277 1766 314; x_wconf 64' lang='lat' dir='ltr'>fructus</span> <span class='ocrx_word' id='word_1_52' title='bbox 1776 293 1924 329; x_wconf 78' lang='lat' dir='ltr'>reportes</span> 
     </span>
     <span class='ocr_line' id='line_1_6' title="bbox 111 314 1925 366; baseline 0.006 -11"><span class='ocrx_word' id='word_1_53' title='bbox 111 326 187 358; x_wconf 67' lang='lat' dir='ltr'>uam</span> <span class='ocrx_word' id='word_1_54' title='bbox 200 334 235 356; x_wconf 72' lang='lat' dir='ltr'>ex</span> <span class='ocrx_word' id='word_1_55' title='bbox 245 318 388 356; x_wconf 84' lang='lat' dir='ltr'>Euclidis</span> <span class='ocrx_word' id='word_1_56' title='bbox 401 316 751 351; x_wconf 86' lang='lat' dir='ltr'>demonstrationibus.</span> <span class='ocrx_word' id='word_1_57' title='bbox 762 315 860 350; x_wconf 69' lang='lat' dir='ltr'>Certe</span> <span class='ocrx_word' id='word_1_58' title='bbox 873 317 971 350; x_wconf 83' lang='lat' dir='ltr'>etiam</span> <span class='ocrx_word' id='word_1_59' title='bbox 984 315 1006 350; x_wconf 83' lang='lat' dir='ltr'>si</span> <span class='ocrx_word' id='word_1_60' title='bbox 1017 314 1105 351; x_wconf 85' lang='lat' dir='ltr'>nihil</span> <span class='ocrx_word' id='word_1_61' title='bbox 1115 314 1183 350; x_wconf 80' lang='lat' dir='ltr'>falsi</span> <span class='ocrx_word' id='word_1_62' title='bbox 1194 318 1327 353; x_wconf 89' lang='lat' dir='ltr'>doceret</span> <span class='ocrx_word' id='word_1_63' title='bbox 1337 345 1348 360; x_wconf 89' lang='lat'><em>,</em></span> <span class='ocrx_word' id='word_1_64' title='bbox 1359 320 1425 355; x_wconf 88' lang='lat' dir='ltr'>hoc</span> <span class='ocrx_word' id='word_1_65' title='bbox 1439 332 1551 357; x_wconf 87' lang='lat' dir='ltr'>tamen</span> <span class='ocrx_word' id='word_1_66' title='bbox 1563 327 1704 360; x_wconf 81' lang='lat' dir='ltr'>nominc</span> <span class='ocrx_word' id='word_1_67' title='bbox 1716 332 1836 363; x_wconf 74' lang='lat' dir='ltr'>merito</span> <span class='ocrx_word' id='word_1_68' title='bbox 1848 343 1925 366; x_wconf 81' lang='lat' dir='ltr'>exe-</span> 
     </span>
     <span class='ocr_line' id='line_1_7' title="bbox 86 362 1922 426; baseline 0.003 -20"><span class='ocrx_word' id='word_1_69' title='bbox 86 371 216 406; x_wconf 78' lang='lat' dir='ltr'>crabilis</span> <span class='ocrx_word' id='word_1_70' title='bbox 228 368 284 403; x_wconf 74' lang='lat' dir='ltr'>else</span> <span class='ocrx_word' id='word_1_71' title='bbox 295 366 390 400; x_wconf 87' lang='lat' dir='ltr'>debet</span> <span class='ocrx_word' id='word_1_72' title='bbox 399 389 409 403; x_wconf 89' lang='lat'>‚</span> <span class='ocrx_word' id='word_1_73' title='bbox 430 364 521 408; x_wconf 70' lang='lat' dir='ltr'>quod</span> <span class='ocrx_word' id='word_1_74' title='bbox 532 364 716 411; x_wconf 80' lang='lat' dir='ltr'>perniciosa</span> <span class='ocrx_word' id='word_1_75' title='bbox 727 365 770 398; x_wconf 87' lang='lat' dir='ltr'>cst</span> <span class='ocrx_word' id='word_1_76' title='bbox 781 362 958 412; x_wconf 84' lang='lat' dir='ltr'>spiritualis</span> <span class='ocrx_word' id='word_1_77' title='bbox 969 365 1130 399; x_wconf 64' lang='lat' dir='ltr'>doetrinae</span> <span class='ocrx_word' id='word_1_78' title='bbox 1147 365 1348 412; x_wconf 69' lang='lat' dir='ltr'>profanatio.</span> <span class='ocrx_word' id='word_1_79' title='bbox 1359 368 1458 404; x_wconf 89' lang='lat' dir='ltr'>Vtilis</span> <span class='ocrx_word' id='word_1_80' title='bbox 1468 373 1559 406; x_wconf 89' lang='lat' dir='ltr'>enim</span> <span class='ocrx_word' id='word_1_81' title='bbox 1570 374 1736 421; x_wconf 87' lang='lat' dir='ltr'>Scriptura</span> <span class='ocrx_word' id='word_1_82' title='bbox 1745 399 1755 413; x_wconf 91' lang='lat'><em>,</em></span> <span class='ocrx_word' id='word_1_83' title='bbox 1765 388 1799 411; x_wconf 93' lang='lat' dir='ltr'>vt</span> <span class='ocrx_word' id='word_1_84' title='bbox 1810 380 1922 426; x_wconf 84' lang='lat' dir='ltr'>inquit</span> 
     </span>
    </p>
   </div>
   <div class='ocr_carea' id='block_1_6' title="bbox 75 411 2138 1195">
    <p class='ocr_par' dir='ltr' id='par_1_6' title="bbox 78 411 2138 850">
     <span class='ocr_line' id='line_1_8' title="bbox 83 411 2138 479; baseline 0.004 -24"><span class='ocrx_word' id='word_1_85' title='bbox 83 419 212 455; x_wconf 81' lang='lat' dir='ltr'>Paulus:</span> <span class='ocrx_word' id='word_1_86' title='bbox 224 417 291 451; x_wconf 88' lang='lat' dir='ltr'>illic</span> <span class='ocrx_word' id='word_1_87' title='bbox 303 414 390 449; x_wconf 87' lang='lat' dir='ltr'>nihil</span> <span class='ocrx_word' id='word_1_88' title='bbox 400 424 514 461; x_wconf 85' lang='lat' dir='ltr'>praeter</span> <span class='ocrx_word' id='word_1_89' title='bbox 524 412 658 459; x_wconf 70' lang='lat' dir='ltr'>frigidas</span> <span class='ocrx_word' id='word_1_90' title='bbox 670 411 870 460; x_wconf 81' lang='lat' dir='ltr'>leptologias</span> <span class='ocrx_word' id='word_1_91' title='bbox 899 416 1040 459; x_wconf 85' lang='lat' dir='ltr'>reperire</span> <span class='ocrx_word' id='word_1_92' title='bbox 1052 411 1106 446; x_wconf 86' lang='lat' dir='ltr'>est.</span> <span class='ocrx_word' id='word_1_93' title='bbox 1159 414 1437 464; x_wconf 74' lang='lat' dir='ltr'>Qafitisfinceri.)</span> <span class='ocrx_word' id='word_1_94' title='bbox 1485 419 1568 454; x_wconf 83' lang='lat' dir='ltr'>Haec</span> <span class='ocrx_word' id='word_1_95' title='bbox 1579 422 1622 455; x_wconf 87' lang='lat' dir='ltr'>est</span> <span class='ocrx_word' id='word_1_96' title='bbox 1635 421 1759 457; x_wconf 84' lang='lat' dir='ltr'>vtilitas</span> <span class='ocrx_word' id='word_1_97' title='bbox 1770 437 1871 471; x_wconf 84' lang='lat' dir='ltr'>quarn</span> <span class='ocrx_word' id='word_1_98' title='bbox 1885 441 1921 462; x_wconf 81' lang='lat' dir='ltr'>ex</span> <span class='ocrx_word' id='word_1_99' title='bbox 1939 444 1954 463; x_wconf 80' lang='lat'><em>2</em></span> <span class='ocrx_word' id='word_1_100' title='bbox 1969 434 2083 473; x_wconf 75' lang='lat' dir='ltr'>Tini.3,d</span> <span class='ocrx_word' id='word_1_101' title='bbox 2092 441 2138 479; x_wconf 62' lang='lat' dir='ltr'>iq</span> 
     </span>
     <span class='ocr_line' id='line_1_9' title="bbox 85 455 2121 520; baseline -0.012 -18"><span class='ocrx_word' id='word_1_102' title='bbox 85 468 280 515; x_wconf 81' lang='lat' dir='ltr'>cognitione</span> <span class='ocrx_word' id='word_1_103' title='bbox 290 473 510 510; x_wconf 80' lang='lat' dir='ltr'>reportamus·-</span> <span class='ocrx_word' id='word_1_104' title='bbox 521 473 591 508; x_wconf 75' lang='lat' dir='ltr'>non</span> <span class='ocrx_word' id='word_1_105' title='bbox 603 472 636 494; x_wconf 88' lang='lat' dir='ltr'>vt</span> <span class='ocrx_word' id='word_1_106' title='bbox 646 459 710 495; x_wconf 91' lang='lat' dir='ltr'>suis</span> <span class='ocrx_word' id='word_1_107' title='bbox 722 459 862 508; x_wconf 88' lang='lat' dir='ltr'>quisque</span> <span class='ocrx_word' id='word_1_108' title='bbox 873 460 1059 495; x_wconf 87' lang='lat' dir='ltr'>rationibus</span> <span class='ocrx_word' id='word_1_109' title='bbox 1071 461 1171 496; x_wconf 77' lang='lat' dir='ltr'>astute</span> <span class='ocrx_word' id='word_1_110' title='bbox 1183 464 1346 506; x_wconf 75' lang='lat' dir='ltr'>consulat,</span> <span class='ocrx_word' id='word_1_111' title='bbox 1355 462 1407 500; x_wconf 89' lang='lat' dir='ltr'>sed</span> <span class='ocrx_word' id='word_1_112' title='bbox 1417 477 1452 501; x_wconf 90' lang='lat' dir='ltr'>vt</span> <span class='ocrx_word' id='word_1_113' title='bbox 1512 470 1522 501; x_wconf 93' lang='lat' dir='ltr'>i</span> <span class='ocrx_word' id='word_1_114' title='bbox 1573 467 1755 505; x_wconf 85' lang='lat' dir='ltr'>onscientia</span> <span class='ocrx_word' id='word_1_115' title='bbox 1768 475 1921 511; x_wconf 71' lang='lat' dir='ltr'>viuarnuS</span> <span class='ocrx_word' id='word_1_116' title='bbox 1957 455 2090 520; x_wconf 41' lang='lat' dir='ltr'>&#39;&#39;⁶74ss</span> <span class='ocrx_word' id='word_1_117' title='bbox 2118 474 2121 477; x_wconf 75' lang='grc'><strong><em>,</em></strong></span> 
     </span>
     <span class='ocr_line' id='line_1_10' title="bbox 83 487 2039 562; baseline -0.006 -13"><span class='ocrx_word' id='word_1_118' title='bbox 83 526 194 551; x_wconf 74' lang='lat' dir='ltr'>coram</span> <span class='ocrx_word' id='word_1_119' title='bbox 207 515 291 547; x_wconf 89' lang='lat' dir='ltr'>Deo.</span> <span class='ocrx_word' id='word_1_120' title='bbox 303 512 469 557; x_wconf 81' lang='lat' dir='ltr'>Sequitur,</span> <span class='ocrx_word' id='word_1_121' title='bbox 488 510 530 541; x_wconf 83' lang='lat' dir='ltr'>Et</span> <span class='ocrx_word' id='word_1_122' title='bbox 539 507 679 555; x_wconf 77' lang='lat' dir='ltr'>inoffensi.</span> <span class='ocrx_word' id='word_1_123' title='bbox 729 511 881 543; x_wconf 84' lang='lat' dir='ltr'>Graecum</span> <span class='ocrx_word' id='word_1_124' title='bbox 894 521 1021 543; x_wconf 86' lang='lat' dir='ltr'>nomen</span> <span class='ocrx_word' id='word_1_125' title='bbox 1030 506 1199 548; x_wconf 31' lang='lat' dir='ltr'>diwejonovroi</span> <span class='ocrx_word' id='word_1_126' title='bbox 1209 511 1407 559; x_wconf 75' lang='lat' dir='ltr'>ambiguum</span> <span class='ocrx_word' id='word_1_127' title='bbox 1419 515 1473 549; x_wconf 67' lang='lat' dir='ltr'>est,</span> <span class='ocrx_word' id='word_1_128' title='bbox 1535 516 1733 562; x_wconf 69' lang='lat' dir='ltr'>ryspstomuS</span> <span class='ocrx_word' id='word_1_129' title='bbox 1743 522 1853 555; x_wconf 56' lang='lat' dir='ltr'>afflue*</span> <span class='ocrx_word' id='word_1_130' title='bbox 1866 536 1922 557; x_wconf 54' lang='lat' dir='ltr'>ex-</span> <span class='ocrx_word' id='word_1_131' title='bbox 1951 487 2039 547; x_wconf 68' lang='lat'>¹...-</span> 
     </span>
     <span class='ocr_line' id='line_1_11' title="bbox 81 555 1921 611; baseline 0.003 -13"><span class='ocrx_word' id='word_1_132' title='bbox 81 565 192 611; x_wconf 85' lang='lat' dir='ltr'>ponit‚</span> <span class='ocrx_word' id='word_1_133' title='bbox 204 561 295 609; x_wconf 70' lang='lat' dir='ltr'>quod</span> <span class='ocrx_word' id='word_1_134' title='bbox 305 560 397 595; x_wconf 79' lang='lat' dir='ltr'>sicuti</span> <span class='ocrx_word' id='word_1_135' title='bbox 407 570 521 592; x_wconf 84' lang='lat' dir='ltr'>coram</span> <span class='ocrx_word' id='word_1_136' title='bbox 530 558 605 591; x_wconf 88' lang='lat' dir='ltr'>Deo</span> <span class='ocrx_word' id='word_1_137' title='bbox 617 568 718 604; x_wconf 84' lang='lat' dir='ltr'>puros</span> <span class='ocrx_word' id='word_1_138' title='bbox 730 561 765 591; x_wconf 74' lang='grc' dir='ltr'>δε</span> <span class='ocrx_word' id='word_1_139' title='bbox 777 560 925 605; x_wconf 89' lang='lat' dir='ltr'>integros</span> <span class='ocrx_word' id='word_1_140' title='bbox 937 555 997 591; x_wconf 85' lang='lat' dir='ltr'>eise</span> <span class='ocrx_word' id='word_1_141' title='bbox 1005 556 1160 598; x_wconf 86' lang='lat' dir='ltr'>voluerit,</span> <span class='ocrx_word' id='word_1_142' title='bbox 1172 561 1217 593; x_wconf 89' lang='lat' dir='ltr'>ita</span> <span class='ocrx_word' id='word_1_143' title='bbox 1227 572 1318 594; x_wconf 86' lang='lat' dir='ltr'>nunc</span> <span class='ocrx_word' id='word_1_144' title='bbox 1328 561 1530 599; x_wconf 77' lang='lat' dir='ltr'>velitcotam</span> <span class='ocrx_word' id='word_1_145' title='bbox 1540 566 1738 602; x_wconf 89' lang='lat' dir='ltr'>hominibus</span> <span class='ocrx_word' id='word_1_146' title='bbox 1747 566 1921 607; x_wconf 86' lang='lat' dir='ltr'>honestam</span> 
     </span>
     <span class='ocr_line' id='line_1_12' title="bbox 79 604 1922 664; baseline 0.004 -19"><span class='ocrx_word' id='word_1_147' title='bbox 79 614 184 646; x_wconf 82' lang='lat' dir='ltr'>vitam</span> <span class='ocrx_word' id='word_1_148' title='bbox 195 611 324 646; x_wconf 86' lang='lat' dir='ltr'>ducere,</span> <span class='ocrx_word' id='word_1_149' title='bbox 334 621 375 642; x_wconf 88' lang='lat' dir='ltr'>ne</span> <span class='ocrx_word' id='word_1_150' title='bbox 386 606 508 654; x_wconf 85' lang='lat' dir='ltr'>quibus</span> <span class='ocrx_word' id='word_1_151' title='bbox 519 604 613 639; x_wconf 87' lang='lat' dir='ltr'>malis</span> <span class='ocrx_word' id='word_1_152' title='bbox 625 605 784 652; x_wconf 81' lang='lat' dir='ltr'>exemplis</span> <span class='ocrx_word' id='word_1_153' title='bbox 796 608 970 653; x_wconf 88' lang='lat' dir='ltr'>proximos</span> <span class='ocrx_word' id='word_1_154' title='bbox 982 604 1110 640; x_wconf 71' lang='lat' dir='ltr'>laedant.</span> <span class='ocrx_word' id='word_1_155' title='bbox 1123 607 1159 640; x_wconf 92' lang='lat' dir='ltr'>Id</span> <span class='ocrx_word' id='word_1_156' title='bbox 1170 619 1233 654; x_wconf 88' lang='lat' dir='ltr'>ego</span> <span class='ocrx_word' id='word_1_157' title='bbox 1246 612 1454 645; x_wconf 79' lang='lat' dir='ltr'>nonreiicio:</span> <span class='ocrx_word' id='word_1_158' title='bbox 1467 611 1589 659; x_wconf 83' lang='lat' dir='ltr'>paffiua</span> <span class='ocrx_word' id='word_1_159' title='bbox 1600 625 1713 651; x_wconf 87' lang='lat' dir='ltr'>tamen</span> <span class='ocrx_word' id='word_1_160' title='bbox 1722 615 1922 664; x_wconf 80' lang='lat' dir='ltr'>significatio</span> 
     </span>
     <span class='ocr_line' id='line_1_13' title="bbox 79 653 1922 713; baseline 0.003 -20"><span class='ocrx_word' id='word_1_161' title='bbox 79 660 252 695; x_wconf 82' lang='lat' dir='ltr'>contextui</span> <span class='ocrx_word' id='word_1_162' title='bbox 266 660 374 705; x_wconf 87' lang='lat' dir='ltr'>aptior</span> <span class='ocrx_word' id='word_1_163' title='bbox 384 657 428 689; x_wconf 79' lang='lat' dir='ltr'>cst</span> <span class='ocrx_word' id='word_1_164' title='bbox 437 667 513 689; x_wconf 88' lang='lat' dir='ltr'>rueo</span> <span class='ocrx_word' id='word_1_165' title='bbox 528 654 666 687; x_wconf 87' lang='lat' dir='ltr'>iudicio.</span> <span class='ocrx_word' id='word_1_166' title='bbox 676 656 714 687; x_wconf 90' lang='lat' dir='ltr'>ln</span> <span class='ocrx_word' id='word_1_167' title='bbox 725 653 791 688; x_wconf 88' lang='lat' dir='ltr'>hoc</span> <span class='ocrx_word' id='word_1_168' title='bbox 806 653 967 700; x_wconf 70' lang='lat' dir='ltr'>siquidem</span> <span class='ocrx_word' id='word_1_169' title='bbox 976 655 1188 702; x_wconf 82' lang='lat' dir='ltr'>prudentiam</span> <span class='ocrx_word' id='word_1_170' title='bbox 1199 655 1266 689; x_wconf 82' lang='lat' dir='ltr'>illis</span> <span class='ocrx_word' id='word_1_171' title='bbox 1277 661 1407 704; x_wconf 89' lang='lat' dir='ltr'>optauit</span> <span class='ocrx_word' id='word_1_172' title='bbox 1415 682 1426 696; x_wconf 89' lang='lat'>‚</span> <span class='ocrx_word' id='word_1_173' title='bbox 1448 672 1483 693; x_wconf 90' lang='lat' dir='ltr'>vt</span> <span class='ocrx_word' id='word_1_174' title='bbox 1496 661 1660 698; x_wconf 84' lang='lat' dir='ltr'>inoffenso</span> <span class='ocrx_word' id='word_1_175' title='bbox 1671 665 1771 712; x_wconf 85' lang='lat' dir='ltr'>gradu</span> <span class='ocrx_word' id='word_1_176' title='bbox 1781 678 1922 713; x_wconf 72' lang='lat' dir='ltr'>percant</span> 
     </span>
     <span class='ocr_line' id='line_1_14' title="bbox 78 695 1922 760; baseline 0.002 -16"><span class='ocrx_word' id='word_1_177' title='bbox 78 710 115 744; x_wconf 82' lang='lat' dir='ltr'>in</span> <span class='ocrx_word' id='word_1_178' title='bbox 125 710 303 741; x_wconf 73' lang='lat' dir='ltr'>vocatione</span> <span class='ocrx_word' id='word_1_179' title='bbox 314 705 379 743; x_wconf 82' lang='lat' dir='ltr'>sua,</span> <span class='ocrx_word' id='word_1_180' title='bbox 396 704 496 750; x_wconf 84' lang='lat' dir='ltr'>vsque</span> <span class='ocrx_word' id='word_1_181' title='bbox 505 704 541 736; x_wconf 90' lang='lat' dir='ltr'>in</span> <span class='ocrx_word' id='word_1_182' title='bbox 551 703 640 735; x_wconf 89' lang='lat' dir='ltr'>diem</span> <span class='ocrx_word' id='word_1_183' title='bbox 651 702 786 736; x_wconf 88' lang='lat' dir='ltr'>Christi.</span> <span class='ocrx_word' id='word_1_184' title='bbox 797 701 892 736; x_wconf 85' lang='lat' dir='ltr'>sicuti</span> <span class='ocrx_word' id='word_1_185' title='bbox 903 704 1031 740; x_wconf 70' lang='lat' dir='ltr'>contra,</span> <span class='ocrx_word' id='word_1_186' title='bbox 1042 706 1232 751; x_wconf 77' lang='lat' dir='ltr'>ignorantia</span> <span class='ocrx_word' id='word_1_187' title='bbox 1246 702 1283 738; x_wconf 85' lang='lat' dir='ltr'>fit</span> <span class='ocrx_word' id='word_1_188' title='bbox 1296 716 1327 739; x_wconf 90' lang='lat' dir='ltr'>vt</span> <span class='ocrx_word' id='word_1_189' title='bbox 1337 704 1417 753; x_wconf 83' lang='lat' dir='ltr'>saepe</span> <span class='ocrx_word' id='word_1_190' title='bbox 1430 695 1922 760; x_wconf 58' lang='lat' dir='ltr'>labamur,impinoamus,{’rre-</span> 
     </span>
     <span class='ocr_line' id='line_1_15' title="bbox 78 743 1920 813; baseline 0.003 -21"><span class='ocrx_word' id='word_1_191' title='bbox 78 769 165 792; x_wconf 83' lang='lat' dir='ltr'>mus.</span> <span class='ocrx_word' id='word_1_192' title='bbox 179 756 217 788; x_wconf 84' lang='lat' dir='ltr'>Et</span> <span class='ocrx_word' id='word_1_193' title='bbox 228 766 313 801; x_wconf 89' lang='lat' dir='ltr'>quot</span> <span class='ocrx_word' id='word_1_194' title='bbox 323 752 470 789; x_wconf 83' lang='lat' dir='ltr'>scandala</span> <span class='ocrx_word' id='word_1_195' title='bbox 480 751 660 784; x_wconf 83' lang='lat' dir='ltr'>identidem</span> <span class='ocrx_word' id='word_1_196' title='bbox 672 750 771 784; x_wconf 87' lang='lat' dir='ltr'>uobis</span> <span class='ocrx_word' id='word_1_197' title='bbox 782 752 878 785; x_wconf 86' lang='lat' dir='ltr'>Satan</span> <span class='ocrx_word' id='word_1_198' title='bbox 889 750 1027 786; x_wconf 82' lang='lat' dir='ltr'>obiiciat</span> <span class='ocrx_word' id='word_1_199' title='bbox 1035 774 1047 789; x_wconf 91' lang='lat'>,</span> <span class='ocrx_word' id='word_1_200' title='bbox 1078 763 1150 798; x_wconf 83' lang='lat' dir='ltr'>quae</span> <span class='ocrx_word' id='word_1_201' title='bbox 1159 751 1289 786; x_wconf 88' lang='lat' dir='ltr'>cursum</span> <span class='ocrx_word' id='word_1_202' title='bbox 1300 754 1450 790; x_wconf 89' lang='lat' dir='ltr'>nostrum</span> <span class='ocrx_word' id='word_1_203' title='bbox 1461 756 1512 791; x_wconf 90' lang='lat' dir='ltr'>vel</span> <span class='ocrx_word' id='word_1_204' title='bbox 1523 743 1742 808; x_wconf 50' lang='lat' dir='ltr'>abrumparis,</span> <span class='ocrx_word' id='word_1_205' title='bbox 1751 761 1803 798; x_wconf 91' lang='lat' dir='ltr'>vel</span> <span class='ocrx_word' id='word_1_206' title='bbox 1812 764 1857 798; x_wconf 87' lang='lat' dir='ltr'>im</span> <span class='ocrx_word' id='word_1_207' title='bbox 1861 776 1920 813; x_wconf 75' lang='lat' dir='ltr'>pe-</span> 
     </span>
     <span class='ocr_line' id='line_1_16' title="bbox 78 796 793 850; baseline -0.011 -11"><span class='ocrx_word' id='word_1_208' title='bbox 78 805 184 845; x_wconf 80' lang='lat' dir='ltr'>diaut,</span> <span class='ocrx_word' id='word_1_209' title='bbox 195 801 334 850; x_wconf 84' lang='lat' dir='ltr'>quisque</span> <span class='ocrx_word' id='word_1_210' title='bbox 343 801 493 837; x_wconf 85' lang='lat' dir='ltr'>nostrum</span> <span class='ocrx_word' id='word_1_211' title='bbox 504 811 565 847; x_wconf 90' lang='lat' dir='ltr'>pto</span> <span class='ocrx_word' id='word_1_212' title='bbox 578 796 606 831; x_wconf 87' lang='lat' dir='ltr'>se</span> <span class='ocrx_word' id='word_1_213' title='bbox 618 801 793 845; x_wconf 80' lang='lat' dir='ltr'>expetitur.</span> 
     </span>
    </p>

    <p class='ocr_par' dir='ltr' id='par_1_7' title="bbox 75 846 1922 1195">
     <span class='ocr_line' id='line_1_17' title="bbox 126 846 1921 900; baseline 0.007 -14"><span class='ocrx_word' id='word_1_214' title='bbox 126 864 157 888; x_wconf 80' lang='lat' dir='ltr'>ri</span> <span class='ocrx_word' id='word_1_215' title='bbox 207 847 485 900; x_wconf 71' lang='lat' dir='ltr'>Impletifrut&#39;libus</span> <span class='ocrx_word' id='word_1_216' title='bbox 495 846 630 891; x_wconf 64' lang='lat' dir='ltr'>iustitio.)</span> <span class='ocrx_word' id='word_1_217' title='bbox 681 847 758 881; x_wconf 87' lang='lat' dir='ltr'>Hoc</span> <span class='ocrx_word' id='word_1_218' title='bbox 769 846 904 893; x_wconf 87' lang='lat' dir='ltr'>quidem</span> <span class='ocrx_word' id='word_1_219' title='bbox 928 850 993 882; x_wconf 91' lang='lat' dir='ltr'>iam</span> <span class='ocrx_word' id='word_1_220' title='bbox 1004 848 1043 883; x_wconf 89' lang='lat' dir='ltr'>ad</span> <span class='ocrx_word' id='word_1_221' title='bbox 1063 860 1232 884; x_wconf 84' lang='lat' dir='ltr'>externam</span> <span class='ocrx_word' id='word_1_222' title='bbox 1243 852 1344 885; x_wconf 89' lang='lat' dir='ltr'>vitam</span> <span class='ocrx_word' id='word_1_223' title='bbox 1378 854 1531 899; x_wconf 83' lang='lat' dir='ltr'>pertinet.</span> <span class='ocrx_word' id='word_1_224' title='bbox 1542 853 1632 889; x_wconf 81' lang='lat' dir='ltr'>bona</span> <span class='ocrx_word' id='word_1_225' title='bbox 1641 860 1730 893; x_wconf 88' lang='lat' dir='ltr'>enim</span> <span class='ocrx_word' id='word_1_226' title='bbox 1748 860 1921 898; x_wconf 88' lang='lat' dir='ltr'>conscien-</span> 
     </span>
     <span class='ocr_line' id='line_1_18' title="bbox 78 894 1920 950; baseline 0.002 -14"><span class='ocrx_word' id='word_1_227' title='bbox 78 903 125 936; x_wconf 85' lang='lat' dir='ltr'>tia</span> <span class='ocrx_word' id='word_1_228' title='bbox 132 900 260 937; x_wconf 66' lang='lat' dir='ltr'>fruetus</span> <span class='ocrx_word' id='word_1_229' title='bbox 272 899 345 934; x_wconf 85' lang='lat' dir='ltr'>suos</span> <span class='ocrx_word' id='word_1_230' title='bbox 357 894 514 945; x_wconf 85' lang='lat' dir='ltr'>operibus</span> <span class='ocrx_word' id='word_1_231' title='bbox 525 895 691 944; x_wconf 81' lang='lat' dir='ltr'>producit.</span> <span class='ocrx_word' id='word_1_232' title='bbox 702 898 813 941; x_wconf 86' lang='lat' dir='ltr'>itaque</span> <span class='ocrx_word' id='word_1_233' title='bbox 823 894 944 930; x_wconf 85' lang='lat' dir='ltr'>fertiles</span> <span class='ocrx_word' id='word_1_234' title='bbox 955 895 1015 931; x_wconf 79' lang='lat' dir='ltr'>effe</span> <span class='ocrx_word' id='word_1_235' title='bbox 1025 900 1118 944; x_wconf 91' lang='lat' dir='ltr'>cupit</span> <span class='ocrx_word' id='word_1_236' title='bbox 1126 897 1227 933; x_wconf 90' lang='lat' dir='ltr'>bonis</span> <span class='ocrx_word' id='word_1_237' title='bbox 1239 898 1395 946; x_wconf 84' lang='lat' dir='ltr'>operibus</span> <span class='ocrx_word' id='word_1_238' title='bbox 1408 903 1442 935; x_wconf 92' lang='lat' dir='ltr'>in</span> <span class='ocrx_word' id='word_1_239' title='bbox 1453 903 1516 936; x_wconf 90' lang='lat' dir='ltr'>Dei</span> <span class='ocrx_word' id='word_1_240' title='bbox 1527 903 1784 950; x_wconf 75' lang='lat' dir='ltr'>gloriam.Tales</span> <span class='ocrx_word' id='word_1_241' title='bbox 1793 909 1920 946; x_wconf 60' lang='lat' dir='ltr'>frueffls</span> 
     </span>
     <span class='ocr_line' id='line_1_19' title="bbox 78 944 1920 1005; baseline -0.001 -18"><span class='ocrx_word' id='word_1_242' title='bbox 78 950 160 985; x_wconf 85' lang='lat' dir='ltr'>dicit</span> <span class='ocrx_word' id='word_1_243' title='bbox 171 948 230 982; x_wconf 76' lang='lat' dir='ltr'>ess&#39;e</span> <span class='ocrx_word' id='word_1_244' title='bbox 241 960 297 995; x_wconf 80' lang='lat' dir='ltr'>per</span> <span class='ocrx_word' id='word_1_245' title='bbox 308 947 492 983; x_wconf 78' lang='lat' dir='ltr'>Christum,</span> <span class='ocrx_word' id='word_1_246' title='bbox 502 945 581 991; x_wconf 85' lang='lat' dir='ltr'>quia</span> <span class='ocrx_word' id='word_1_247' title='bbox 593 954 729 978; x_wconf 88' lang='lat' dir='ltr'>manant</span> <span class='ocrx_word' id='word_1_248' title='bbox 741 955 778 977; x_wconf 88' lang='lat' dir='ltr'>ex</span> <span class='ocrx_word' id='word_1_249' title='bbox 789 944 911 978; x_wconf 88' lang='lat' dir='ltr'>Christi</span> <span class='ocrx_word' id='word_1_250' title='bbox 924 947 1038 992; x_wconf 80' lang='lat' dir='ltr'>gratia.</span> <span class='ocrx_word' id='word_1_251' title='bbox 1050 946 1115 980; x_wconf 90' lang='lat' dir='ltr'>hoc</span> <span class='ocrx_word' id='word_1_252' title='bbox 1128 949 1217 981; x_wconf 89' lang='lat' dir='ltr'>enirn</span> <span class='ocrx_word' id='word_1_253' title='bbox 1227 946 1454 984; x_wconf 84' lang='lat' dir='ltr'>benefaciendi</span> <span class='ocrx_word' id='word_1_254' title='bbox 1464 950 1563 986; x_wconf 91' lang='lat' dir='ltr'>nobis</span> <span class='ocrx_word' id='word_1_255' title='bbox 1574 953 1711 989; x_wconf 87' lang='lat' dir='ltr'>initium</span> <span class='ocrx_word' id='word_1_256' title='bbox 1724 955 1768 990; x_wconf 91' lang='lat' dir='ltr'>est</span> <span class='ocrx_word' id='word_1_257' title='bbox 1776 983 1787 997; x_wconf 86' lang='lat'><em>,</em></span> <span class='ocrx_word' id='word_1_258' title='bbox 1813 972 1920 1005; x_wconf 75' lang='lat' dir='ltr'>quum</span> 
     </span>
     <span class='ocr_line' id='line_1_20' title="bbox 78 990 1920 1055; baseline 0.003 -22"><span class='ocrx_word' id='word_1_259' title='bbox 78 1000 149 1034; x_wconf 84' lang='lat' dir='ltr'>eius</span> <span class='ocrx_word' id='word_1_260' title='bbox 159 998 283 1044; x_wconf 83' lang='lat' dir='ltr'>Spiritu</span> <span class='ocrx_word' id='word_1_261' title='bbox 295 992 548 1031; x_wconf 61' lang='lat' dir='ltr'>sanctificamur.</span> <span class='ocrx_word' id='word_1_262' title='bbox 562 1004 640 1026; x_wconf 87' lang='lat' dir='ltr'>nam</span> <span class='ocrx_word' id='word_1_263' title='bbox 650 990 744 1039; x_wconf 88' lang='lat' dir='ltr'>super</span> <span class='ocrx_word' id='word_1_264' title='bbox 756 990 865 1039; x_wconf 88' lang='lat' dir='ltr'>ipsum</span> <span class='ocrx_word' id='word_1_265' title='bbox 876 995 1053 1040; x_wconf 88' lang='lat' dir='ltr'>requieuit,</span> <span class='ocrx_word' id='word_1_266' title='bbox 1067 1005 1102 1029; x_wconf 89' lang='lat' dir='ltr'>vt</span> <span class='ocrx_word' id='word_1_267' title='bbox 1111 995 1150 1029; x_wconf 91' lang='lat' dir='ltr'>de</span> <span class='ocrx_word' id='word_1_268' title='bbox 1161 994 1372 1043; x_wconf 87' lang='lat' dir='ltr'>plenitudine</span> <span class='ocrx_word' id='word_1_269' title='bbox 1387 1000 1455 1033; x_wconf 88' lang='lat' dir='ltr'>eius</span> <span class='ocrx_word' id='word_1_270' title='bbox 1465 999 1655 1036; x_wconf 80' lang='lat' dir='ltr'>hauriamus</span> <span class='ocrx_word' id='word_1_271' title='bbox 1668 1008 1838 1039; x_wconf 72' lang='lat' dir='ltr'>omnesAEr</span> <span class='ocrx_word' id='word_1_272' title='bbox 1850 1020 1920 1055; x_wconf 85' lang='lat' dir='ltr'>quo</span> 
     </span>
     <span class='ocr_line' id='line_1_21' title="bbox 76 1039 1919 1090; baseline 0.004 -10"><span class='ocrx_word' id='word_1_273' title='bbox 76 1048 168 1090; x_wconf 83' lang='lat' dir='ltr'>niam</span> <span class='ocrx_word' id='word_1_274' title='bbox 183 1043 238 1079; x_wconf 75' lang='lat' dir='ltr'>hic</span> <span class='ocrx_word' id='word_1_275' title='bbox 249 1042 502 1078; x_wconf 75' lang='lat' dir='ltr'>similitudinem</span> <span class='ocrx_word' id='word_1_276' title='bbox 511 1039 552 1074; x_wconf 85' lang='lat' dir='ltr'>ab</span> <span class='ocrx_word' id='word_1_277' title='bbox 563 1039 735 1074; x_wconf 82' lang='lat' dir='ltr'>arboribus</span> <span class='ocrx_word' id='word_1_278' title='bbox 744 1039 864 1075; x_wconf 83' lang='lat' dir='ltr'>Paulus</span> <span class='ocrx_word' id='word_1_279' title='bbox 873 1041 965 1076; x_wconf 90' lang='lat' dir='ltr'>ducit</span> <span class='ocrx_word' id='word_1_280' title='bbox 981 1040 1166 1087; x_wconf 85' lang='lat' dir='ltr'>:syluesttes</span> <span class='ocrx_word' id='word_1_281' title='bbox 1177 1042 1289 1079; x_wconf 87' lang='lat' dir='ltr'>sumus</span> <span class='ocrx_word' id='word_1_282' title='bbox 1302 1044 1430 1080; x_wconf 88' lang='lat' dir='ltr'>oleastri</span> <span class='ocrx_word' id='word_1_283' title='bbox 1444 1050 1478 1081; x_wconf 87' lang='lat'>&amp;</span> <span class='ocrx_word' id='word_1_284' title='bbox 1490 1048 1626 1084; x_wconf 89' lang='lat' dir='ltr'>inutiles</span> <span class='ocrx_word' id='word_1_285' title='bbox 1635 1074 1645 1089; x_wconf 94' lang='lat'><em>‚</em></span> <span class='ocrx_word' id='word_1_286' title='bbox 1655 1051 1762 1087; x_wconf 88' lang='lat' dir='ltr'>donec</span> <span class='ocrx_word' id='word_1_287' title='bbox 1772 1055 1807 1088; x_wconf 91' lang='lat' dir='ltr'>in</span> <span class='ocrx_word' id='word_1_288' title='bbox 1817 1055 1919 1090; x_wconf 61' lang='lat' dir='ltr'>Chri÷</span> 
     </span>
     <span class='ocr_line' id='line_1_22' title="bbox 76 1087 1922 1152; baseline 0 -23"><span class='ocrx_word' id='word_1_289' title='bbox 76 1093 163 1129; x_wconf 83' lang='lat' dir='ltr'>stum</span> <span class='ocrx_word' id='word_1_290' title='bbox 177 1091 287 1128; x_wconf 88' lang='lat' dir='ltr'>sumus</span> <span class='ocrx_word' id='word_1_291' title='bbox 297 1090 385 1127; x_wconf 76' lang='lat' dir='ltr'>insiti</span> <span class='ocrx_word' id='word_1_292' title='bbox 395 1114 405 1129; x_wconf 85' lang='lat'>‚</span> <span class='ocrx_word' id='word_1_293' title='bbox 420 1091 479 1137; x_wconf 89' lang='lat' dir='ltr'>qui</span> <span class='ocrx_word' id='word_1_294' title='bbox 496 1090 572 1123; x_wconf 90' lang='lat' dir='ltr'>viua</span> <span class='ocrx_word' id='word_1_295' title='bbox 582 1087 636 1124; x_wconf 80' lang='lat' dir='ltr'>sua</span> <span class='ocrx_word' id='word_1_296' title='bbox 646 1089 753 1122; x_wconf 81' lang='lat' dir='ltr'>radice</span> <span class='ocrx_word' id='word_1_297' title='bbox 770 1087 942 1136; x_wconf 87' lang='lat' dir='ltr'>frugiferas</span> <span class='ocrx_word' id='word_1_298' title='bbox 952 1089 1084 1125; x_wconf 89' lang='lat' dir='ltr'>arbores</span> <span class='ocrx_word' id='word_1_299' title='bbox 1094 1104 1157 1126; x_wconf 92' lang='lat' dir='ltr'>nos</span> <span class='ocrx_word' id='word_1_300' title='bbox 1167 1093 1271 1126; x_wconf 86' lang='lat' dir='ltr'>reddit</span> <span class='ocrx_word' id='word_1_301' title='bbox 1281 1116 1291 1131; x_wconf 91' lang='lat'>,</span> <span class='ocrx_word' id='word_1_302' title='bbox 1302 1095 1392 1128; x_wconf 82' lang='lat' dir='ltr'>iuxta</span> <span class='ocrx_word' id='word_1_303' title='bbox 1403 1094 1486 1130; x_wconf 90' lang='lat' dir='ltr'>illud</span> <span class='ocrx_word' id='word_1_304' title='bbox 1498 1097 1573 1144; x_wconf 86' lang='lat' dir='ltr'>Ego</span> <span class='ocrx_word' id='word_1_305' title='bbox 1585 1096 1657 1132; x_wconf 92' lang='lat' dir='ltr'>sum</span> <span class='ocrx_word' id='word_1_306' title='bbox 1666 1102 1743 1134; x_wconf 77' lang='lat' dir='ltr'>vitis</span> <span class='ocrx_word' id='word_1_307' title='bbox 1753 1125 1764 1139; x_wconf 92' lang='lat'><em>‚</em></span> <span class='ocrx_word' id='word_1_308' title='bbox 1779 1115 1840 1137; x_wconf 71' lang='lat' dir='ltr'>vos</span> <span class='ocrx_word' id='word_1_309' title='bbox 1849 1102 1922 1152; x_wconf 68' lang='lat' dir='ltr'>pal-</span> 
     </span>
     <span class='ocr_line' id='line_1_23' title="bbox 75 1135 1921 1195; baseline 0.005 -17"><span class='ocrx_word' id='word_1_310' title='bbox 75 1144 184 1178; x_wconf 86' lang='lat' dir='ltr'>mites.</span> <span class='ocrx_word' id='word_1_311' title='bbox 194 1142 308 1187; x_wconf 57' lang='lat' dir='ltr'>finem</span> <span class='ocrx_word' id='word_1_312' title='bbox 323 1137 419 1175; x_wconf 83' lang='lat' dir='ltr'>simul</span> <span class='ocrx_word' id='word_1_313' title='bbox 430 1137 644 1174; x_wconf 80' lang='lat' dir='ltr'>demonstrat,</span> <span class='ocrx_word' id='word_1_314' title='bbox 656 1148 691 1170; x_wconf 93' lang='lat' dir='ltr'>vt</span> <span class='ocrx_word' id='word_1_315' title='bbox 702 1138 766 1171; x_wconf 89' lang='lat' dir='ltr'>Dei</span> <span class='ocrx_word' id='word_1_316' title='bbox 777 1135 890 1183; x_wconf 83' lang='lat' dir='ltr'>gloriae</span> <span class='ocrx_word' id='word_1_317' title='bbox 900 1136 1090 1174; x_wconf 87' lang='lat' dir='ltr'>seruiamus.</span> <span class='ocrx_word' id='word_1_318' title='bbox 1115 1139 1219 1175; x_wconf 86' lang='lat' dir='ltr'>Nulla</span> <span class='ocrx_word' id='word_1_319' title='bbox 1229 1143 1320 1175; x_wconf 90' lang='lat' dir='ltr'>enim</span> <span class='ocrx_word' id='word_1_320' title='bbox 1333 1152 1400 1177; x_wconf 88' lang='lat' dir='ltr'>tarn</span> <span class='ocrx_word' id='word_1_321' title='bbox 1411 1142 1564 1190; x_wconf 86' lang='lat' dir='ltr'>praeclara</span> <span class='ocrx_word' id='word_1_322' title='bbox 1573 1147 1609 1181; x_wconf 87' lang='lat' dir='ltr'>in</span> <span class='ocrx_word' id='word_1_323' title='bbox 1635 1146 1775 1195; x_wconf 89' lang='lat' dir='ltr'>speciem</span> <span class='ocrx_word' id='word_1_324' title='bbox 1787 1153 1854 1186; x_wconf 82' lang='lat' dir='ltr'>vita</span> <span class='ocrx_word' id='word_1_325' title='bbox 1865 1152 1921 1194; x_wconf 86' lang='lat' dir='ltr'>est,</span> 
     </span>
    </p>
   </div>
   <div class='ocr_carea' id='block_1_7' title="bbox 1936 1072 2108 1115">
    <p class='ocr_par' dir='ltr' id='par_1_8' title="bbox 1936 1072 2108 1115">
     <span class='ocr_line' id='line_1_24' title="bbox 1936 1072 2108 1115; baseline 0.006 -12"><span class='ocrx_word' id='word_1_326' title='bbox 1936 1072 2108 1115; x_wconf 39' lang='lat' dir='ltr'>pinnatos}</span> 
     </span>
    </p>
   </div>
   <div class='ocr_carea' id='block_1_8' title="bbox 42 1184 1921 1238">
    <p class='ocr_par' dir='ltr' id='par_1_9' title="bbox 42 1184 1921 1238">
     <span class='ocr_line' id='line_1_25' title="bbox 42 1184 1921 1238; baseline 0.005 -12"><span class='ocrx_word' id='word_1_327' title='bbox 42 1223 45 1229; x_wconf 79' lang='grc'>,</span> <span class='ocrx_word' id='word_1_328' title='bbox 73 1203 150 1238; x_wconf 83' lang='lat' dir='ltr'>quae</span> <span class='ocrx_word' id='word_1_329' title='bbox 163 1202 234 1225; x_wconf 89' lang='lat' dir='ltr'>non</span> <span class='ocrx_word' id='word_1_330' title='bbox 244 1191 380 1224; x_wconf 86' lang='lat' dir='ltr'>vitietur</span> <span class='ocrx_word' id='word_1_331' title='bbox 390 1198 503 1222; x_wconf 83' lang='lat' dir='ltr'>coram</span> <span class='ocrx_word' id='word_1_332' title='bbox 514 1187 589 1219; x_wconf 82' lang='lat' dir='ltr'>Deo</span> <span class='ocrx_word' id='word_1_333' title='bbox 603 1189 637 1220; x_wconf 59' lang='grc' dir='ltr'>ἃς</span> <span class='ocrx_word' id='word_1_334' title='bbox 650 1184 761 1219; x_wconf 86' lang='lat' dir='ltr'>foetear</span> <span class='ocrx_word' id='word_1_335' title='bbox 773 1208 781 1221; x_wconf 90' lang='lat'>‚</span> <span class='ocrx_word' id='word_1_336' title='bbox 793 1184 852 1219; x_wconf 87' lang='lat' dir='ltr'>nifi</span> <span class='ocrx_word' id='word_1_337' title='bbox 864 1186 904 1219; x_wconf 87' lang='lat' dir='ltr'>ad</span> <span class='ocrx_word' id='word_1_338' title='bbox 913 1186 1005 1221; x_wconf 92' lang='lat' dir='ltr'>hunc</span> <span class='ocrx_word' id='word_1_339' title='bbox 1016 1186 1153 1236; x_wconf 86' lang='lat' dir='ltr'>scopum</span> <span class='ocrx_word' id='word_1_340' title='bbox 1166 1190 1334 1236; x_wconf 84' lang='lat' dir='ltr'>dirigatur.</span> <span class='ocrx_word' id='word_1_341' title='bbox 1363 1191 1468 1237; x_wconf 76' lang='lat' dir='ltr'>de</span> <span class='ocrx_word' id='word_1_342' title='bbox 1476 1204 1588 1229; x_wconf 88' lang='lat' dir='ltr'>autem</span> <span class='ocrx_word' id='word_1_343' title='bbox 1622 1195 1743 1232; x_wconf 91' lang='lat' dir='ltr'>Paulus</span> <span class='ocrx_word' id='word_1_344' title='bbox 1761 1200 1921 1237; x_wconf 84' lang='lat' dir='ltr'>iustitiam</span> 
     </span>
    </p>
   </div>
   <div class='ocr_carea' id='block_1_9' title="bbox 66 1231 1987 2095">
    <p class='ocr_par' dir='ltr' id='par_1_10' title="bbox 74 1231 1921 1516">
     <span class='ocr_line' id='line_1_26' title="bbox 74 1231 1921 1297; baseline 0.004 -23"><span class='ocrx_word' id='word_1_345' title='bbox 74 1242 224 1287; x_wconf 65' lang='lat' dir='ltr'>operum*</span> <span class='ocrx_word' id='word_1_346' title='bbox 235 1237 291 1273; x_wconf 83' lang='lat' dir='ltr'>hic</span> <span class='ocrx_word' id='word_1_347' title='bbox 304 1239 478 1273; x_wconf 85' lang='lat' dir='ltr'>nominat,</span> <span class='ocrx_word' id='word_1_348' title='bbox 500 1233 586 1278; x_wconf 84' lang='lat' dir='ltr'>nihil</span> <span class='ocrx_word' id='word_1_349' title='bbox 599 1245 726 1280; x_wconf 82' lang='lat' dir='ltr'>pugnat</span> <span class='ocrx_word' id='word_1_350' title='bbox 743 1231 894 1268; x_wconf 88' lang='lat' dir='ltr'>aduersus</span> <span class='ocrx_word' id='word_1_351' title='bbox 914 1237 1092 1282; x_wconf 80' lang='lat' dir='ltr'>gratuitam</span> <span class='ocrx_word' id='word_1_352' title='bbox 1104 1237 1262 1271; x_wconf 89' lang='lat' dir='ltr'>iustitiam</span> <span class='ocrx_word' id='word_1_353' title='bbox 1275 1236 1359 1272; x_wconf 88' lang='lat' dir='ltr'>fidei.</span> <span class='ocrx_word' id='word_1_354' title='bbox 1379 1253 1489 1287; x_wconf 86' lang='lat' dir='ltr'>neque</span> <span class='ocrx_word' id='word_1_355' title='bbox 1507 1244 1598 1276; x_wconf 90' lang='lat' dir='ltr'>enim</span> <span class='ocrx_word' id='word_1_356' title='bbox 1639 1247 1794 1292; x_wconf 89' lang='lat' dir='ltr'>protinus</span> <span class='ocrx_word' id='word_1_357' title='bbox 1813 1245 1921 1297; x_wconf 80' lang='lat' dir='ltr'>sequi-</span> 
     </span>
     <span class='ocr_line' id='line_1_27' title="bbox 75 1281 1920 1341; baseline 0.005 -19"><span class='ocrx_word' id='word_1_358' title='bbox 75 1298 142 1325; x_wconf 87' lang='lat' dir='ltr'>tur,</span> <span class='ocrx_word' id='word_1_359' title='bbox 152 1286 221 1322; x_wconf 90' lang='lat' dir='ltr'>illic</span> <span class='ocrx_word' id='word_1_360' title='bbox 231 1284 291 1321; x_wconf 80' lang='lat' dir='ltr'>effe</span> <span class='ocrx_word' id='word_1_361' title='bbox 303 1287 462 1321; x_wconf 89' lang='lat' dir='ltr'>iustitiam</span> <span class='ocrx_word' id='word_1_362' title='bbox 480 1282 536 1316; x_wconf 84' lang='lat' dir='ltr'>vbi</span> <span class='ocrx_word' id='word_1_363' title='bbox 547 1281 621 1316; x_wconf 84' lang='lat' dir='ltr'>sunt</span> <span class='ocrx_word' id='word_1_364' title='bbox 633 1281 760 1317; x_wconf 57' lang='lat' dir='ltr'>frunitus</span> <span class='ocrx_word' id='word_1_365' title='bbox 772 1282 918 1316; x_wconf 84' lang='lat' dir='ltr'>iustitiae:</span> <span class='ocrx_word' id='word_1_366' title='bbox 944 1286 1108 1328; x_wconf 86' lang='lat' dir='ltr'>quoniam</span> <span class='ocrx_word' id='word_1_367' title='bbox 1122 1286 1246 1319; x_wconf 79' lang='lat' dir='ltr'>iustitia</span> <span class='ocrx_word' id='word_1_368' title='bbox 1254 1297 1366 1321; x_wconf 90' lang='lat' dir='ltr'>coram</span> <span class='ocrx_word' id='word_1_369' title='bbox 1380 1289 1457 1323; x_wconf 86' lang='lat' dir='ltr'>Deo</span> <span class='ocrx_word' id='word_1_370' title='bbox 1467 1302 1538 1324; x_wconf 90' lang='lat' dir='ltr'>non</span> <span class='ocrx_word' id='word_1_371' title='bbox 1555 1292 1599 1325; x_wconf 89' lang='lat' dir='ltr'>est</span> <span class='ocrx_word' id='word_1_372' title='bbox 1609 1317 1619 1329; x_wconf 95' lang='lat'>,</span> <span class='ocrx_word' id='word_1_373' title='bbox 1631 1292 1692 1327; x_wconf 81' lang='lat' dir='ltr'>nisi</span> <span class='ocrx_word' id='word_1_374' title='bbox 1703 1293 1801 1341; x_wconf 89' lang='lat' dir='ltr'>plena</span> <span class='ocrx_word' id='word_1_375' title='bbox 1814 1300 1849 1331; x_wconf 92' lang='lat'><strong>&amp;</strong></span> <span class='ocrx_word' id='word_1_376' title='bbox 1867 1296 1920 1333; x_wconf 90' lang='lat' dir='ltr'>so-</span> 
     </span>
     <span class='ocr_line' id='line_1_28' title="bbox 77 1328 1921 1382; baseline 0.005 -12"><span class='ocrx_word' id='word_1_377' title='bbox 77 1335 144 1370; x_wconf 82' lang='lat' dir='ltr'>lida</span> <span class='ocrx_word' id='word_1_378' title='bbox 165 1336 357 1371; x_wconf 80' lang='lat' dir='ltr'>obedientia</span> <span class='ocrx_word' id='word_1_379' title='bbox 375 1334 492 1380; x_wconf 83' lang='lat' dir='ltr'>Legis:</span> <span class='ocrx_word' id='word_1_380' title='bbox 510 1343 583 1377; x_wconf 82' lang='lat' dir='ltr'>quae</span> <span class='ocrx_word' id='word_1_381' title='bbox 595 1332 630 1365; x_wconf 88' lang='lat' dir='ltr'>in</span> <span class='ocrx_word' id='word_1_382' title='bbox 646 1329 743 1365; x_wconf 89' lang='lat' dir='ltr'>nullo</span> <span class='ocrx_word' id='word_1_383' title='bbox 761 1328 950 1365; x_wconf 65' lang='lat' dir='ltr'>sanctorum</span> <span class='ocrx_word' id='word_1_384' title='bbox 970 1333 1130 1379; x_wconf 85' lang='lat' dir='ltr'>reperitur</span> <span class='ocrx_word' id='word_1_385' title='bbox 1143 1355 1153 1370; x_wconf 88' lang='lat'>‚</span> <span class='ocrx_word' id='word_1_386' title='bbox 1176 1335 1235 1379; x_wconf 90' lang='lat' dir='ltr'>qui</span> <span class='ocrx_word' id='word_1_387' title='bbox 1254 1344 1365 1368; x_wconf 86' lang='lat' dir='ltr'>tamen</span> <span class='ocrx_word' id='word_1_388' title='bbox 1377 1336 1486 1371; x_wconf 87' lang='lat' dir='ltr'>bonos</span> <span class='ocrx_word' id='word_1_389' title='bbox 1509 1341 1544 1372; x_wconf 89' lang='lat'>&amp;</span> <span class='ocrx_word' id='word_1_390' title='bbox 1566 1337 1678 1375; x_wconf 87' lang='lat' dir='ltr'>suaues</span> <span class='ocrx_word' id='word_1_391' title='bbox 1700 1343 1830 1379; x_wconf 69' lang='lat' dir='ltr'>iustitiae</span> <span class='ocrx_word' id='word_1_392' title='bbox 1849 1345 1921 1382; x_wconf 84' lang='lat' dir='ltr'>fru-</span> 
     </span>
     <span class='ocr_line' id='line_1_29' title="bbox 75 1377 1916 1438; baseline 0.005 -18"><span class='ocrx_word' id='word_1_393' title='bbox 75 1386 149 1420; x_wconf 67' lang='lat' dir='ltr'>&amp;us</span> <span class='ocrx_word' id='word_1_394' title='bbox 171 1395 232 1432; x_wconf 90' lang='lat' dir='ltr'>pro</span> <span class='ocrx_word' id='word_1_395' title='bbox 251 1382 309 1418; x_wconf 86' lang='lat' dir='ltr'>suo</span> <span class='ocrx_word' id='word_1_396' title='bbox 343 1383 446 1418; x_wconf 86' lang='lat' dir='ltr'>modo</span> <span class='ocrx_word' id='word_1_397' title='bbox 465 1379 665 1427; x_wconf 83' lang='lat' dir='ltr'>producunt.</span> <span class='ocrx_word' id='word_1_398' title='bbox 688 1390 810 1425; x_wconf 87' lang='lat' dir='ltr'>nempe</span> <span class='ocrx_word' id='word_1_399' title='bbox 822 1380 899 1433; x_wconf 82' lang='lat' dir='ltr'>quia</span> <span class='ocrx_word' id='word_1_400' title='bbox 916 1377 997 1414; x_wconf 86' lang='lat' dir='ltr'>ficut</span> <span class='ocrx_word' id='word_1_401' title='bbox 1016 1380 1153 1414; x_wconf 87' lang='lat' dir='ltr'>inchoat</span> <span class='ocrx_word' id='word_1_402' title='bbox 1177 1383 1212 1414; x_wconf 89' lang='lat' dir='ltr'>in</span> <span class='ocrx_word' id='word_1_403' title='bbox 1225 1380 1323 1416; x_wconf 90' lang='lat' dir='ltr'>nobis</span> <span class='ocrx_word' id='word_1_404' title='bbox 1340 1384 1601 1421; x_wconf 84' lang='lat' dir='ltr'>Deusiustitiam</span> <span class='ocrx_word' id='word_1_405' title='bbox 1621 1401 1679 1435; x_wconf 86' lang='lat' dir='ltr'>per</span> <span class='ocrx_word' id='word_1_406' title='bbox 1693 1397 1916 1438; x_wconf 87' lang='lat' dir='ltr'>regeneratio-</span> 
     </span>
     <span class='ocr_line' id='line_1_30' title="bbox 75 1423 1919 1480; baseline 0.003 -12"><span class='ocrx_word' id='word_1_407' title='bbox 75 1445 156 1468; x_wconf 85' lang='lat' dir='ltr'>nem</span> <span class='ocrx_word' id='word_1_408' title='bbox 176 1434 334 1480; x_wconf 89' lang='lat' dir='ltr'>Spiritus:</span> <span class='ocrx_word' id='word_1_409' title='bbox 347 1434 392 1466; x_wconf 77' lang='lat' dir='ltr'>ita</span> <span class='ocrx_word' id='word_1_410' title='bbox 402 1428 495 1478; x_wconf 87' lang='lat' dir='ltr'>quod</span> <span class='ocrx_word' id='word_1_411' title='bbox 504 1427 589 1462; x_wconf 82' lang='lat' dir='ltr'>deest</span> <span class='ocrx_word' id='word_1_412' title='bbox 598 1450 608 1464; x_wconf 88' lang='lat'>›</span> <span class='ocrx_word' id='word_1_413' title='bbox 628 1439 685 1475; x_wconf 82' lang='lat' dir='ltr'>Per</span> <span class='ocrx_word' id='word_1_414' title='bbox 695 1423 918 1462; x_wconf 83' lang='lat' dir='ltr'>remiffionem</span> <span class='ocrx_word' id='word_1_415' title='bbox 928 1437 1142 1475; x_wconf 85' lang='lat' dir='ltr'>peccatorum</span> <span class='ocrx_word' id='word_1_416' title='bbox 1156 1426 1276 1464; x_wconf 82' lang='lat' dir='ltr'>sufficit</span> <span class='ocrx_word' id='word_1_417' title='bbox 1287 1452 1298 1467; x_wconf 86' lang='lat'>‚</span> <span class='ocrx_word' id='word_1_418' title='bbox 1325 1441 1360 1465; x_wconf 84' lang='lat' dir='ltr'>vr</span> <span class='ocrx_word' id='word_1_419' title='bbox 1369 1441 1439 1466; x_wconf 91' lang='lat' dir='ltr'>tota</span> <span class='ocrx_word' id='word_1_420' title='bbox 1449 1432 1674 1470; x_wconf 85' lang='lat' dir='ltr'>nihilominus</span> <span class='ocrx_word' id='word_1_421' title='bbox 1686 1440 1808 1474; x_wconf 89' lang='lat' dir='ltr'>iustitia</span> <span class='ocrx_word' id='word_1_422' title='bbox 1820 1442 1858 1476; x_wconf 77' lang='lat' dir='ltr'>ex</span> <span class='ocrx_word' id='word_1_423' title='bbox 1879 1442 1919 1478; x_wconf 79' lang='lat' dir='ltr'>fi-</span> 
     </span>
     <span class='ocr_line' id='line_1_31' title="bbox 77 1481 278 1516; baseline -0.01 0"><span class='ocrx_word' id='word_1_424' title='bbox 77 1481 118 1516; x_wconf 87' lang='lat' dir='ltr'>de</span> <span class='ocrx_word' id='word_1_425' title='bbox 153 1482 278 1516; x_wconf 81' lang='lat' dir='ltr'>endeat.</span> 
     </span>
    </p>

    <p class='ocr_par' dir='ltr' id='par_1_11' title="bbox 76 1494 1987 1642">
     <span class='ocr_line' id='line_1_32' title="bbox 127 1494 1977 1592; baseline 0.001 -24"><span class='ocrx_word' id='word_1_426' title='bbox 127 1494 173 1568; x_wconf 62' lang='lat' dir='ltr'>kiz.</span> <span class='ocrx_word' id='word_1_427' title='bbox 232 1532 350 1585; x_wconf 57' lang='lat' dir='ltr'>Scjro</span> <span class='ocrx_word' id='word_1_428' title='bbox 360 1538 472 1567; x_wconf 76' lang='lat' dir='ltr'>autem</span> <span class='ocrx_word' id='word_1_429' title='bbox 481 1539 550 1566; x_wconf 81' lang='lat' dir='ltr'>vos</span> <span class='ocrx_word' id='word_1_430' title='bbox 557 1523 791 1578; x_wconf 70' lang='lat' dir='ltr'>volo,fi‘atres,</span> <span class='ocrx_word' id='word_1_431' title='bbox 806 1522 901 1578; x_wconf 67' lang='lat' dir='ltr'>quod</span> <span class='ocrx_word' id='word_1_432' title='bbox 908 1538 979 1580; x_wconf 81' lang='lat' dir='ltr'>quae</span> <span class='ocrx_word' id='word_1_433' title='bbox 986 1523 1076 1565; x_wconf 76' lang='lat' dir='ltr'>mihi</span> <span class='ocrx_word' id='word_1_434' title='bbox 1087 1523 1294 1571; x_wconf 73' lang='lat' dir='ltr'>acciderunt.</span> <span class='ocrx_word' id='word_1_435' title='bbox 1302 1557 1315 1576; x_wconf 87' lang='lat'>‚</span> <span class='ocrx_word' id='word_1_436' title='bbox 1328 1531 1438 1586; x_wconf 81' lang='lat' dir='ltr'>magis</span> <span class='ocrx_word' id='word_1_437' title='bbox 1447 1529 1679 1586; x_wconf 67' lang='lat' dir='ltr'>inproft’t&#39;t&#39;um</span> <span class='ocrx_word' id='word_1_438' title='bbox 1689 1535 1847 1592; x_wconf 69' lang='lat' dir='ltr'>cieffl’rum</span> <span class='ocrx_word' id='word_1_439' title='bbox 1864 1546 1911 1580; x_wconf 79' lang='lat' dir='ltr'>E·</span> <span class='ocrx_word' id='word_1_440' title='bbox 1927 1533 1943 1576; x_wconf 60' lang='grc' dir='ltr'>ζ</span> <span class='ocrx_word' id='word_1_441' title='bbox 1954 1551 1977 1580; x_wconf 54' lang='lat' dir='ltr'>e„</span> 
     </span>
     <span class='ocr_line' id='line_1_33' title="bbox 76 1577 1987 1642; baseline -0.017 -16"><span class='ocrx_word' id='word_1_442' title='bbox 76 1586 228 1642; x_wconf 74' lang='lat' dir='ltr'>nangeh&#39;i</span> <span class='ocrx_word' id='word_1_443' title='bbox 239 1617 249 1632; x_wconf 93' lang='lat'>,</span> <span class='ocrx_word' id='word_1_444' title='bbox 302 1634 305 1635; x_wconf 19' lang='lat'><em>⁷</em></span> <span class='ocrx_word' id='word_1_445' title='bbox 1904 1588 1913 1596; x_wconf 71' lang='lat'><em>,</em></span> <span class='ocrx_word' id='word_1_446' title='bbox 1924 1604 1941 1614; x_wconf 38' lang='grc' dir='ltr'>θ</span> <span class='ocrx_word' id='word_1_447' title='bbox 1968 1577 1987 1594; x_wconf 51' lang='grc' dir='ltr'>ψ</span> 
     </span>
    </p>

    <p class='ocr_par' dir='ltr' id='par_1_12' title="bbox 129 1634 1810 1697">
     <span class='ocr_line' id='line_1_34' title="bbox 129 1634 1810 1697; baseline 0.001 -13"><span class='ocrx_word' id='word_1_448' title='bbox 129 1655 161 1693; x_wconf 78' lang='lat'>13</span> <span class='ocrx_word' id='word_1_449' title='bbox 215 1650 265 1683; x_wconf 89' lang='lat' dir='ltr'>Vt</span> <span class='ocrx_word' id='word_1_450' title='bbox 271 1640 411 1681; x_wconf 81' lang='lat' dir='ltr'>vincula</span> <span class='ocrx_word' id='word_1_451' title='bbox 422 1651 499 1678; x_wconf 72' lang='lat' dir='ltr'>mea</span> <span class='ocrx_word' id='word_1_452' title='bbox 509 1639 548 1676; x_wconf 81' lang='lat' dir='ltr'>in</span> <span class='ocrx_word' id='word_1_453' title='bbox 559 1634 689 1689; x_wconf 79' lang='lat' dir='ltr'>christo</span> <span class='ocrx_word' id='word_1_454' title='bbox 697 1635 836 1688; x_wconf 73' lang='lat' dir='ltr'>illustria</span> <span class='ocrx_word' id='word_1_455' title='bbox 845 1637 976 1685; x_wconf 80' lang='lat' dir='ltr'>fuerint</span> <span class='ocrx_word' id='word_1_456' title='bbox 981 1638 1020 1677; x_wconf 83' lang='lat' dir='ltr'>in</span> <span class='ocrx_word' id='word_1_457' title='bbox 1030 1647 1099 1679; x_wconf 89' lang='lat' dir='ltr'>toto</span> <span class='ocrx_word' id='word_1_458' title='bbox 1104 1642 1271 1694; x_wconf 70' lang='lat' dir='ltr'>prataria,</span> <span class='ocrx_word' id='word_1_459' title='bbox 1292 1639 1334 1687; x_wconf 67' lang='grc' dir='ltr'>ὠ·</span> <span class='ocrx_word' id='word_1_460' title='bbox 1341 1641 1486 1697; x_wconf 82' lang='lat' dir='ltr'>reliquis</span> <span class='ocrx_word' id='word_1_461' title='bbox 1495 1644 1652 1686; x_wconf 80' lang='lat' dir='ltr'>omnibus</span> <span class='ocrx_word' id='word_1_462' title='bbox 1663 1646 1764 1690; x_wconf 84' lang='lat' dir='ltr'>locis:</span> <span class='ocrx_word' id='word_1_463' title='bbox 1803 1676 1810 1680; x_wconf 25' lang='lat' dir='ltr'>s</span> 
     </span>
    </p>

    <p class='ocr_par' dir='ltr' id='par_1_13' title="bbox 73 1690 1918 1805">
     <span class='ocr_line' id='line_1_35' title="bbox 127 1690 1912 1763; baseline 0.003 -23"><span class='ocrx_word' id='word_1_464' title='bbox 127 1711 142 1739; x_wconf 94' lang='lat'>1</span> <span class='ocrx_word' id='word_1_465' title='bbox 150 1713 175 1748; x_wconf 91' lang='lat'>4</span> <span class='ocrx_word' id='word_1_466' title='bbox 231 1706 278 1738; x_wconf 84' lang='lat' dir='ltr'>Et</span> <span class='ocrx_word' id='word_1_467' title='bbox 286 1695 384 1734; x_wconf 79' lang='lat' dir='ltr'>multi</span> <span class='ocrx_word' id='word_1_468' title='bbox 396 1690 612 1747; x_wconf 80' lang='lat' dir='ltr'>exfratrtbus</span> <span class='ocrx_word' id='word_1_469' title='bbox 621 1694 661 1731; x_wconf 84' lang='lat' dir='ltr'>in</span> <span class='ocrx_word' id='word_1_470' title='bbox 670 1695 836 1739; x_wconf 86' lang='lat' dir='ltr'>Domino,</span> <span class='ocrx_word' id='word_1_471' title='bbox 848 1693 995 1734; x_wconf 55' lang='lat' dir='ltr'>vinculi&amp;</span> <span class='ocrx_word' id='word_1_472' title='bbox 1005 1708 1087 1734; x_wconf 75' lang='lat' dir='ltr'>mm</span> <span class='ocrx_word' id='word_1_473' title='bbox 1096 1694 1361 1748; x_wconf 80' lang='lat' dir='ltr'>confist,vberim</span> <span class='ocrx_word' id='word_1_474' title='bbox 1372 1698 1578 1754; x_wconf 79' lang='lat' dir='ltr'>aufifuerint</span> <span class='ocrx_word' id='word_1_475' title='bbox 1585 1700 1708 1758; x_wconf 87' lang='lat' dir='ltr'>absque</span> <span class='ocrx_word' id='word_1_476' title='bbox 1718 1709 1840 1748; x_wconf 86' lang='lat' dir='ltr'>timore</span> <span class='ocrx_word' id='word_1_477' title='bbox 1838 1706 1912 1763; x_wconf 50' lang='lat' dir='ltr'>ser*</span> 
     </span>
     <span class='ocr_line' id='line_1_36' title="bbox 73 1752 1918 1805; baseline -0.016 -9"><span class='ocrx_word' id='word_1_478' title='bbox 73 1769 216 1805; x_wconf 83' lang='lat' dir='ltr'>monem</span> <span class='ocrx_word' id='word_1_479' title='bbox 225 1756 292 1794; x_wconf 84' lang='lat' dir='ltr'>Dei</span> <span class='ocrx_word' id='word_1_480' title='bbox 300 1752 405 1805; x_wconf 82' lang='lat' dir='ltr'>loqui.</span> <span class='ocrx_word' id='word_1_481' title='bbox 487 1799 489 1802; x_wconf 17' lang='lat' dir='ltr'>v</span> <span class='ocrx_word' id='word_1_482' title='bbox 1864 1766 1867 1769; x_wconf 84' lang='lat'>.</span> <span class='ocrx_word' id='word_1_483' title='bbox 1911 1760 1918 1766; x_wconf 88' lang='lat'>.</span> 
     </span>
    </p>

    <p class='ocr_par' dir='ltr' id='par_1_14' title="bbox 71 1804 1912 1923">
     <span class='ocr_line' id='line_1_37' title="bbox 131 1804 1912 1870; baseline 0.006 -20"><span class='ocrx_word' id='word_1_484' title='bbox 131 1824 164 1862; x_wconf 83' lang='lat'>15</span> <span class='ocrx_word' id='word_1_485' title='bbox 220 1807 399 1859; x_wconf 59' lang='lat' dir='ltr'>Ronnulli</span> <span class='ocrx_word' id='word_1_486' title='bbox 411 1804 552 1862; x_wconf 81' lang='lat' dir='ltr'>quidem</span> <span class='ocrx_word' id='word_1_487' title='bbox 553 1818 618 1863; x_wconf 87' lang='lat' dir='ltr'>per</span> <span class='ocrx_word' id='word_1_488' title='bbox 625 1805 798 1846; x_wconf 81' lang='lat' dir='ltr'>inuidiam</span> <span class='ocrx_word' id='word_1_489' title='bbox 810 1804 851 1853; x_wconf 66' lang='grc' dir='ltr'>ἀ·</span> <span class='ocrx_word' id='word_1_490' title='bbox 862 1809 1129 1847; x_wconf 84' lang='lat' dir='ltr'>contentionem:</span> <span class='ocrx_word' id='word_1_491' title='bbox 1141 1807 1203 1848; x_wconf 72' lang='lat' dir='ltr'>alti</span> <span class='ocrx_word' id='word_1_492' title='bbox 1212 1819 1327 1850; x_wconf 78' lang='lat' dir='ltr'>autem</span> <span class='ocrx_word' id='word_1_493' title='bbox 1338 1812 1443 1851; x_wconf 83' lang='lat' dir='ltr'>ctiam</span> <span class='ocrx_word' id='word_1_494' title='bbox 1442 1825 1508 1870; x_wconf 88' lang='lat' dir='ltr'>per</span> <span class='ocrx_word' id='word_1_495' title='bbox 1521 1812 1795 1859; x_wconf 83' lang='lat' dir='ltr'>beneuolentiam</span> <span class='ocrx_word' id='word_1_496' title='bbox 1808 1821 1912 1866; x_wconf 78' lang='lat' dir='ltr'>Chri.</span> 
     </span>
     <span class='ocr_line' id='line_1_38' title="bbox 71 1866 979 1923; baseline -0.02 -16"><span class='ocrx_word' id='word_1_497' title='bbox 71 1866 366 1923; x_wconf 61' lang='lat' dir='ltr'>stumpraedicant.</span> <span class='ocrx_word' id='word_1_498' title='bbox 397 1878 401 1881; x_wconf 77' lang='grc'><strong>’</strong></span> <span class='ocrx_word' id='word_1_499' title='bbox 570 1879 573 1882; x_wconf 93' lang='grc'><strong>-</strong></span> <span class='ocrx_word' id='word_1_500' title='bbox 872 1898 875 1903; x_wconf 29' lang='grc'>,</span> <span class='ocrx_word' id='word_1_501' title='bbox 978 1896 979 1899; x_wconf 13' lang='lat'>¹</span> 
     </span>
    </p>

    <p class='ocr_par' dir='ltr' id='par_1_15' title="bbox 66 1916 1910 2033">
     <span class='ocr_line' id='line_1_39' title="bbox 131 1916 1910 1990; baseline 0.007 -29"><span class='ocrx_word' id='word_1_502' title='bbox 131 1930 171 1961; x_wconf 79' lang='lat'>16</span> <span class='ocrx_word' id='word_1_503' title='bbox 216 1921 330 1962; x_wconf 33' lang='lat' dir='ltr'>&amp;Alii</span> <span class='ocrx_word' id='word_1_504' title='bbox 338 1923 483 1973; x_wconf 74' lang='lat' dir='ltr'>inquam</span> <span class='ocrx_word' id='word_1_505' title='bbox 493 1948 504 1965; x_wconf 86' lang='lat'>,</span> <span class='ocrx_word' id='word_1_506' title='bbox 513 1933 560 1959; x_wconf 85' lang='lat' dir='ltr'>ex</span> <span class='ocrx_word' id='word_1_507' title='bbox 569 1921 783 1959; x_wconf 82' lang='lat' dir='ltr'>contentione</span> <span class='ocrx_word' id='word_1_508' title='bbox 795 1916 961 1972; x_wconf 65' lang='lat' dir='ltr'>Chrgstum</span> <span class='ocrx_word' id='word_1_509' title='bbox 970 1923 1185 1962; x_wconf 80' lang='lat' dir='ltr'>annuntiant</span> <span class='ocrx_word' id='word_1_510' title='bbox 1194 1936 1266 1962; x_wconf 82' lang='lat' dir='ltr'>non</span> <span class='ocrx_word' id='word_1_511' title='bbox 1268 1924 1354 1978; x_wconf 63' lang='lat' dir='ltr'>pur?</span> <span class='ocrx_word' id='word_1_512' title='bbox 1363 1953 1377 1972; x_wconf 88' lang='lat'><em>,</em></span> <span class='ocrx_word' id='word_1_513' title='bbox 1394 1928 1633 1980; x_wconf 76' lang='lat' dir='ltr'>existimantes</span> <span class='ocrx_word' id='word_1_514' title='bbox 1641 1929 1910 1990; x_wconf 60' lang='lat' dir='ltr'>afflictionemse</span> 
     </span>
     <span class='ocr_line' id='line_1_40' title="bbox 66 1974 653 2033; baseline -0.012 -14"><span class='ocrx_word' id='word_1_515' title='bbox 66 1974 226 2033; x_wconf 72' lang='lat' dir='ltr'>ficsc&#39;itare</span> <span class='ocrx_word' id='word_1_516' title='bbox 236 1979 322 2017; x_wconf 81' lang='lat' dir='ltr'>meis</span> <span class='ocrx_word' id='word_1_517' title='bbox 332 1975 483 2014; x_wconf 82' lang='lat' dir='ltr'>vinculis</span> <span class='ocrx_word' id='word_1_518' title='bbox 495 1994 507 2014; x_wconf 93' lang='lat'><em>:</em></span> <span class='ocrx_word' id='word_1_519' title='bbox 650 2024 653 2027; x_wconf 20' lang='grc' dir='ltr'><strong>Δ</strong></span> 
     </span>
    </p>

    <p class='ocr_par' dir='ltr' id='par_1_16' title="bbox 131 2029 1592 2095">
     <span class='ocr_line' id='line_1_41' title="bbox 131 2029 1592 2095; baseline -0.003 -21"><span class='ocrx_word' id='word_1_520' title='bbox 131 2049 172 2086; x_wconf 92' lang='lat'>17</span> <span class='ocrx_word' id='word_1_521' title='bbox 230 2032 302 2074; x_wconf 79' lang='lat' dir='ltr'>Alii</span> <span class='ocrx_word' id='word_1_522' title='bbox 311 2043 423 2070; x_wconf 76' lang='lat' dir='ltr'>autem</span> <span class='ocrx_word' id='word_1_523' title='bbox 436 2044 482 2070; x_wconf 84' lang='lat' dir='ltr'>ex</span> <span class='ocrx_word' id='word_1_524' title='bbox 491 2029 807 2085; x_wconf 64' lang='lat' dir='ltr'>charitatefiientes</span> <span class='ocrx_word' id='word_1_525' title='bbox 817 2029 912 2087; x_wconf 69' lang='lat' dir='ltr'>quod</span> <span class='ocrx_word' id='word_1_526' title='bbox 916 2035 956 2073; x_wconf 85' lang='lat' dir='ltr'>in</span> <span class='ocrx_word' id='word_1_527' title='bbox 967 2032 1192 2088; x_wconf 67' lang='lat' dir='ltr'>definfionem</span> <span class='ocrx_word' id='word_1_528' title='bbox 1202 2036 1592 2095; x_wconf 73' lang='lat' dir='ltr'>Euangeliipofitmssm</span> 
     </span>
    </p>
   </div>
   <div class='ocr_carea' id='block_1_10' title="bbox 70 2105 1946 3467">
    <p class='ocr_par' dir='ltr' id='par_1_17' title="bbox 70 2105 1946 2637">
     <span class='ocr_line' id='line_1_42' title="bbox 121 2105 1910 2155; baseline 0.007 -14"><span class='ocrx_word' id='word_1_529' title='bbox 121 2118 155 2141; x_wconf 76' lang='grc' dir='ltr'><strong>η</strong></span> <span class='ocrx_word' id='word_1_530' title='bbox 204 2107 286 2140; x_wconf 78' lang='lat' dir='ltr'>Scire</span> <span class='ocrx_word' id='word_1_531' title='bbox 296 2116 398 2138; x_wconf 87' lang='lat' dir='ltr'>autem</span> <span class='ocrx_word' id='word_1_532' title='bbox 406 2108 487 2148; x_wconf 82' lang='lat' dir='ltr'>vos.)</span> <span class='ocrx_word' id='word_1_533' title='bbox 539 2107 735 2152; x_wconf 83' lang='lat' dir='ltr'>Experimur</span> <span class='ocrx_word' id='word_1_534' title='bbox 747 2118 866 2139; x_wconf 91' lang='lat' dir='ltr'>omnes</span> <span class='ocrx_word' id='word_1_535' title='bbox 877 2108 912 2140; x_wconf 83' lang='lat' dir='ltr'>in</span> <span class='ocrx_word' id='word_1_536' title='bbox 922 2105 1020 2140; x_wconf 88' lang='lat' dir='ltr'>nobis</span> <span class='ocrx_word' id='word_1_537' title='bbox 1031 2118 1238 2155; x_wconf 87' lang='lat' dir='ltr'>quantopere</span> <span class='ocrx_word' id='word_1_538' title='bbox 1248 2106 1349 2142; x_wconf 87' lang='lat' dir='ltr'>soleat</span> <span class='ocrx_word' id='word_1_539' title='bbox 1364 2108 1488 2145; x_wconf 86' lang='lat' dir='ltr'>offendi</span> <span class='ocrx_word' id='word_1_540' title='bbox 1499 2124 1575 2147; x_wconf 85' lang='lat' dir='ltr'>cato</span> <span class='ocrx_word' id='word_1_541' title='bbox 1589 2112 1782 2151; x_wconf 83' lang='lat' dir='ltr'>humilitate</span> <span class='ocrx_word' id='word_1_542' title='bbox 1802 2121 1910 2154; x_wconf 77' lang='lat' dir='ltr'>crucis</span> 
     </span>
     <span class='ocr_line' id='line_1_43' title="bbox 72 2152 1912 2210; baseline 0.005 -20"><span class='ocrx_word' id='word_1_543' title='bbox 72 2157 222 2191; x_wconf 84' lang='lat' dir='ltr'>Patimur</span> <span class='ocrx_word' id='word_1_544' title='bbox 231 2156 366 2201; x_wconf 88' lang='lat' dir='ltr'>quidem</span> <span class='ocrx_word' id='word_1_545' title='bbox 391 2153 489 2187; x_wconf 85' lang='lat' dir='ltr'>nobis</span> <span class='ocrx_word' id='word_1_546' title='bbox 499 2153 670 2188; x_wconf 89' lang='lat' dir='ltr'>Christum</span> <span class='ocrx_word' id='word_1_547' title='bbox 682 2154 847 2201; x_wconf 82' lang='lat' dir='ltr'>praedicari</span> <span class='ocrx_word' id='word_1_548' title='bbox 858 2152 1071 2189; x_wconf 83' lang='lat' dir='ltr'>crucifixum:</span> <span class='ocrx_word' id='word_1_549' title='bbox 1095 2154 1146 2189; x_wconf 91' lang='lat' dir='ltr'>sed</span> <span class='ocrx_word' id='word_1_550' title='bbox 1155 2155 1212 2190; x_wconf 89' lang='lat' dir='ltr'>vbi</span> <span class='ocrx_word' id='word_1_551' title='bbox 1224 2168 1303 2192; x_wconf 90' lang='lat' dir='ltr'>cum</span> <span class='ocrx_word' id='word_1_552' title='bbox 1316 2155 1371 2191; x_wconf 89' lang='lat' dir='ltr'>sua</span> <span class='ocrx_word' id='word_1_553' title='bbox 1380 2170 1476 2193; x_wconf 89' lang='lat' dir='ltr'>cruce</span> <span class='ocrx_word' id='word_1_554' title='bbox 1485 2172 1619 2208; x_wconf 82' lang='lat' dir='ltr'>apparet</span> <span class='ocrx_word' id='word_1_555' title='bbox 1627 2186 1638 2200; x_wconf 86' lang='lat'><em>,</em></span> <span class='ocrx_word' id='word_1_556' title='bbox 1658 2165 1747 2210; x_wconf 77' lang='lat' dir='ltr'>quali</span> <span class='ocrx_word' id='word_1_557' title='bbox 1758 2170 1912 2203; x_wconf 86' lang='lat' dir='ltr'>nouitate</span> 
     </span>
     <span class='ocr_line' id='line_1_44' title="bbox 74 2201 1912 2260; baseline 0.001 -21"><span class='ocrx_word' id='word_1_558' title='bbox 74 2203 224 2252; x_wconf 83' lang='lat' dir='ltr'>perculfi,</span> <span class='ocrx_word' id='word_1_559' title='bbox 236 2201 289 2238; x_wconf 89' lang='lat' dir='ltr'>vel</span> <span class='ocrx_word' id='word_1_560' title='bbox 298 2201 492 2248; x_wconf 83' lang='lat' dir='ltr'>refugimus,</span> <span class='ocrx_word' id='word_1_561' title='bbox 503 2201 555 2236; x_wconf 89' lang='lat' dir='ltr'>vel</span> <span class='ocrx_word' id='word_1_562' title='bbox 565 2202 749 2236; x_wconf 82' lang='lat' dir='ltr'>horremus.</span> <span class='ocrx_word' id='word_1_563' title='bbox 761 2215 871 2249; x_wconf 88' lang='lat' dir='ltr'>neque</span> <span class='ocrx_word' id='word_1_564' title='bbox 882 2203 913 2235; x_wconf 88' lang='lat' dir='ltr'>id</span> <span class='ocrx_word' id='word_1_565' title='bbox 924 2202 1053 2237; x_wconf 67' lang='lat' dir='ltr'>tantum</span> <span class='ocrx_word' id='word_1_566' title='bbox 1064 2205 1100 2238; x_wconf 88' lang='lat' dir='ltr'>in</span> <span class='ocrx_word' id='word_1_567' title='bbox 1111 2204 1229 2239; x_wconf 83' lang='lat' dir='ltr'>nostris</span> <span class='ocrx_word' id='word_1_568' title='bbox 1239 2203 1454 2252; x_wconf 86' lang='lat' dir='ltr'>personis‚sed</span> <span class='ocrx_word' id='word_1_569' title='bbox 1464 2221 1580 2244; x_wconf 86' lang='lat' dir='ltr'>eorum</span> <span class='ocrx_word' id='word_1_570' title='bbox 1591 2223 1728 2259; x_wconf 82' lang='lat' dir='ltr'>quoque</span> <span class='ocrx_word' id='word_1_571' title='bbox 1741 2218 1799 2260; x_wconf 64' lang='lat' dir='ltr'>qul⁴</span> <span class='ocrx_word' id='word_1_572' title='bbox 1810 2215 1912 2250; x_wconf 62' lang='lat' dir='ltr'>nobis</span> 
     </span>
     <span class='ocr_line' id='line_1_45' title="bbox 72 2248 1910 2302; baseline 0.007 -15"><span class='ocrx_word' id='word_1_573' title='bbox 72 2251 293 2300; x_wconf 84' lang='lat' dir='ltr'>Euangelium</span> <span class='ocrx_word' id='word_1_574' title='bbox 304 2251 448 2284; x_wconf 78' lang='lat' dir='ltr'>tradunt.</span> <span class='ocrx_word' id='word_1_575' title='bbox 459 2250 494 2284; x_wconf 87' lang='lat' dir='ltr'>Id</span> <span class='ocrx_word' id='word_1_576' title='bbox 508 2250 653 2284; x_wconf 87' lang='lat' dir='ltr'>accidere</span> <span class='ocrx_word' id='word_1_577' title='bbox 661 2248 928 2298; x_wconf 85' lang='lat' dir='ltr'>Philippensibus</span> <span class='ocrx_word' id='word_1_578' title='bbox 939 2262 1078 2299; x_wconf 85' lang='lat' dir='ltr'>poterat,</span> <span class='ocrx_word' id='word_1_579' title='bbox 1090 2262 1127 2286; x_wconf 89' lang='lat' dir='ltr'>vt</span> <span class='ocrx_word' id='word_1_580' title='bbox 1137 2252 1293 2301; x_wconf 87' lang='lat' dir='ltr'>Apostoli</span> <span class='ocrx_word' id='word_1_581' title='bbox 1304 2251 1352 2288; x_wconf 90' lang='lat' dir='ltr'>sui</span> <span class='ocrx_word' id='word_1_582' title='bbox 1362 2254 1618 2302; x_wconf 79' lang='lat' dir='ltr'>persequutione</span> <span class='ocrx_word' id='word_1_583' title='bbox 1628 2262 1790 2296; x_wconf 87' lang='lat' dir='ltr'>nonnihil</span> <span class='ocrx_word' id='word_1_584' title='bbox 1805 2264 1910 2300; x_wconf 88' lang='lat' dir='ltr'>deiice</span> 
     </span>
     <span class='ocr_line' id='line_1_46' title="bbox 73 2297 1910 2348; baseline 0.008 -14"><span class='ocrx_word' id='word_1_585' title='bbox 73 2312 200 2335; x_wconf 88' lang='lat' dir='ltr'>rentur.</span> <span class='ocrx_word' id='word_1_586' title='bbox 211 2301 253 2335; x_wconf 85' lang='lat' dir='ltr'>Et</span> <span class='ocrx_word' id='word_1_587' title='bbox 264 2297 418 2335; x_wconf 84' lang='lat' dir='ltr'>credibile</span> <span class='ocrx_word' id='word_1_588' title='bbox 429 2298 483 2335; x_wconf 86' lang='lat' dir='ltr'>est,</span> <span class='ocrx_word' id='word_1_589' title='bbox 495 2299 601 2332; x_wconf 86' lang='lat' dir='ltr'>malos</span> <span class='ocrx_word' id='word_1_590' title='bbox 612 2301 779 2346; x_wconf 81' lang='lat' dir='ltr'>operarios</span> <span class='ocrx_word' id='word_1_591' title='bbox 790 2300 849 2344; x_wconf 90' lang='lat' dir='ltr'>qui</span> <span class='ocrx_word' id='word_1_592' title='bbox 857 2301 1008 2333; x_wconf 87' lang='lat' dir='ltr'>minimis</span> <span class='ocrx_word' id='word_1_593' title='bbox 1017 2299 1204 2347; x_wconf 89' lang='lat' dir='ltr'>quibusque</span> <span class='ocrx_word' id='word_1_594' title='bbox 1213 2304 1359 2336; x_wconf 90' lang='lat' dir='ltr'>nocendi</span> <span class='ocrx_word' id='word_1_595' title='bbox 1370 2304 1599 2341; x_wconf 85' lang='lat' dir='ltr'>occasionibus</span> <span class='ocrx_word' id='word_1_596' title='bbox 1614 2308 1811 2345; x_wconf 74' lang='lat' dir='ltr'>irriminebat</span> <span class='ocrx_word' id='word_1_597' title='bbox 1837 2326 1910 2348; x_wconf 88' lang='lat' dir='ltr'>non</span> 
     </span>
     <span class='ocr_line' id='line_1_47' title="bbox 73 2338 1946 2406; baseline 0.006 -22"><span class='ocrx_word' id='word_1_598' title='bbox 73 2347 289 2395; x_wconf 67' lang='lat' dir='ltr'>cessasse-quin</span> <span class='ocrx_word' id='word_1_599' title='bbox 297 2347 399 2382; x_wconf 63' lang='lat' dir='ltr'>sancti</span> <span class='ocrx_word' id='word_1_600' title='bbox 409 2349 472 2381; x_wconf 82' lang='lat' dir='ltr'>viri</span> <span class='ocrx_word' id='word_1_601' title='bbox 482 2345 660 2381; x_wconf 85' lang='lat' dir='ltr'>calamitati</span> <span class='ocrx_word' id='word_1_602' title='bbox 671 2345 876 2387; x_wconf 86' lang='lat' dir='ltr'>insultarent,</span> <span class='ocrx_word' id='word_1_603' title='bbox 887 2359 924 2382; x_wconf 91' lang='lat' dir='ltr'>ac</span> <span class='ocrx_word' id='word_1_604' title='bbox 945 2348 1023 2382; x_wconf 85' lang='lat' dir='ltr'>inde</span> <span class='ocrx_word' id='word_1_605' title='bbox 1032 2348 1290 2397; x_wconf 88' lang='lat' dir='ltr'>contemptibile</span> <span class='ocrx_word' id='word_1_606' title='bbox 1300 2351 1471 2387; x_wconf 85' lang='lat' dir='ltr'>redderent</span> <span class='ocrx_word' id='word_1_607' title='bbox 1480 2355 1550 2389; x_wconf 89' lang='lat' dir='ltr'>eius</span> <span class='ocrx_word' id='word_1_608' title='bbox 1559 2356 1751 2403; x_wconf 66' lang='lat' dir='ltr'>Euangelifi.</span> <span class='ocrx_word' id='word_1_609' title='bbox 1770 2338 1875 2406; x_wconf 54' lang='lat' dir='ltr'>de</span> <span class='ocrx_word' id='word_1_610' title='bbox 1884 2360 1909 2397; x_wconf 83' lang='lat' dir='ltr'>fi</span> <span class='ocrx_word' id='word_1_611' title='bbox 1943 2368 1946 2372; x_wconf 97' lang='grc'><strong>’</strong></span> 
     </span>
     <span class='ocr_line' id='line_1_48' title="bbox 73 2393 1910 2456; baseline 0.005 -24"><span class='ocrx_word' id='word_1_612' title='bbox 73 2395 161 2432; x_wconf 85' lang='lat' dir='ltr'>nihil</span> <span class='ocrx_word' id='word_1_613' title='bbox 171 2397 234 2431; x_wconf 89' lang='lat' dir='ltr'>hac</span> <span class='ocrx_word' id='word_1_614' title='bbox 243 2398 296 2431; x_wconf 86' lang='lat' dir='ltr'>via</span> <span class='ocrx_word' id='word_1_615' title='bbox 304 2393 502 2444; x_wconf 85' lang='lat' dir='ltr'>proficerent</span> <span class='ocrx_word' id='word_1_616' title='bbox 520 2421 531 2435; x_wconf 91' lang='lat'>,</span> <span class='ocrx_word' id='word_1_617' title='bbox 542 2406 739 2443; x_wconf 83' lang='lat' dir='ltr'>promptum</span> <span class='ocrx_word' id='word_1_618' title='bbox 750 2405 816 2429; x_wconf 87' lang='lat' dir='ltr'>erat</span> <span class='ocrx_word' id='word_1_619' title='bbox 827 2394 1024 2430; x_wconf 87' lang='lat' dir='ltr'>calumniari</span> <span class='ocrx_word' id='word_1_620' title='bbox 1037 2395 1146 2444; x_wconf 89' lang='lat' dir='ltr'>ipsum</span> <span class='ocrx_word' id='word_1_621' title='bbox 1155 2421 1167 2436; x_wconf 88' lang='lat'>‚</span> <span class='ocrx_word' id='word_1_622' title='bbox 1176 2398 1270 2445; x_wconf 68' lang='lat' dir='ltr'>quod</span> <span class='ocrx_word' id='word_1_623' title='bbox 1279 2401 1344 2433; x_wconf 91' lang='lat' dir='ltr'>toti</span> <span class='ocrx_word' id='word_1_624' title='bbox 1355 2401 1483 2436; x_wconf 89' lang='lat' dir='ltr'>mundo</span> <span class='ocrx_word' id='word_1_625' title='bbox 1496 2401 1623 2439; x_wconf 86' lang='lat' dir='ltr'>inuisus</span> <span class='ocrx_word' id='word_1_626' title='bbox 1633 2405 1725 2440; x_wconf 80' lang='lat' dir='ltr'>ess&#39;et:</span> <span class='ocrx_word' id='word_1_627' title='bbox 1743 2406 1910 2456; x_wconf 78' lang='lat' dir='ltr'>fimi‘ilque</span> 
     </span>
     <span class='ocr_line' id='line_1_49' title="bbox 71 2439 1910 2500; baseline 0.007 -20"><span class='ocrx_word' id='word_1_628' title='bbox 71 2444 293 2480; x_wconf 52' lang='lat' dir='ltr'>formidinem*</span> <span class='ocrx_word' id='word_1_629' title='bbox 301 2446 436 2478; x_wconf 82' lang='lat' dir='ltr'>iniicere</span> <span class='ocrx_word' id='word_1_630' title='bbox 444 2439 724 2491; x_wconf 86' lang='lat' dir='ltr'>Philippensibus,</span> <span class='ocrx_word' id='word_1_631' title='bbox 737 2457 779 2478; x_wconf 88' lang='lat' dir='ltr'>ne</span> <span class='ocrx_word' id='word_1_632' title='bbox 789 2442 848 2478; x_wconf 83' lang='lat' dir='ltr'>sibi</span> <span class='ocrx_word' id='word_1_633' title='bbox 859 2443 998 2479; x_wconf 84' lang='lat' dir='ltr'>infausta</span> <span class='ocrx_word' id='word_1_634' title='bbox 1008 2442 1161 2480; x_wconf 91' lang='lat' dir='ltr'>societate</span> <span class='ocrx_word' id='word_1_635' title='bbox 1170 2446 1355 2482; x_wconf 87' lang='lat' dir='ltr'>conflarent</span> <span class='ocrx_word' id='word_1_636' title='bbox 1365 2447 1485 2496; x_wconf 87' lang='lat' dir='ltr'>absque</span> <span class='ocrx_word' id='word_1_637' title='bbox 1495 2449 1587 2486; x_wconf 89' lang='lat' dir='ltr'>causa</span> <span class='ocrx_word' id='word_1_638' title='bbox 1598 2455 1770 2500; x_wconf 82' lang='lat' dir='ltr'>ingentem</span> <span class='ocrx_word' id='word_1_639' title='bbox 1782 2457 1910 2492; x_wconf 67' lang='lat' dir='ltr'>inuidia</span> 
     </span>
     <span class='ocr_line' id='line_1_50' title="bbox 71 2490 1912 2545; baseline 0.007 -16"><span class='ocrx_word' id='word_1_640' title='bbox 71 2494 161 2542; x_wconf 77' lang='lat' dir='ltr'>apud</span> <span class='ocrx_word' id='word_1_641' title='bbox 170 2505 299 2528; x_wconf 90' lang='lat' dir='ltr'>omnes.</span> <span class='ocrx_word' id='word_1_642' title='bbox 321 2490 396 2527; x_wconf 90' lang='lat' dir='ltr'>sunt</span> <span class='ocrx_word' id='word_1_643' title='bbox 406 2493 496 2526; x_wconf 89' lang='lat' dir='ltr'>enim</span> <span class='ocrx_word' id='word_1_644' title='bbox 508 2493 572 2526; x_wconf 83' lang='lat' dir='ltr'>istae</span> <span class='ocrx_word' id='word_1_645' title='bbox 582 2491 700 2527; x_wconf 86' lang='lat' dir='ltr'>vfitatae</span> <span class='ocrx_word' id='word_1_646' title='bbox 719 2493 845 2527; x_wconf 84' lang='lat' dir='ltr'>Satanae</span> <span class='ocrx_word' id='word_1_647' title='bbox 853 2503 945 2527; x_wconf 86' lang='lat' dir='ltr'>artes.</span> <span class='ocrx_word' id='word_1_648' title='bbox 963 2494 1052 2528; x_wconf 89' lang='lat' dir='ltr'>Huic</span> <span class='ocrx_word' id='word_1_649' title='bbox 1060 2494 1213 2542; x_wconf 75' lang='lat' dir='ltr'>periculo</span> <span class='ocrx_word' id='word_1_650' title='bbox 1224 2498 1369 2530; x_wconf 84' lang='lat' dir='ltr'>occurrit</span> <span class='ocrx_word' id='word_1_651' title='bbox 1379 2498 1406 2531; x_wconf 94' lang='lat' dir='ltr'>A</span> <span class='ocrx_word' id='word_1_652' title='bbox 1410 2498 1559 2545; x_wconf 77' lang='lat' dir='ltr'>post&#39;olus</span> <span class='ocrx_word' id='word_1_653' title='bbox 1573 2524 1584 2538; x_wconf 86' lang='lat'><em>,</em></span> <span class='ocrx_word' id='word_1_654' title='bbox 1603 2501 1684 2536; x_wconf 90' lang='lat' dir='ltr'>dum</span> <span class='ocrx_word' id='word_1_655' title='bbox 1692 2500 1756 2538; x_wconf 86' lang='lat' dir='ltr'>suis</span> <span class='ocrx_word' id='word_1_656' title='bbox 1766 2505 1912 2541; x_wconf 84' lang='lat' dir='ltr'>vinculis</span> 
     </span>
     <span class='ocr_line' id='line_1_51' title="bbox 70 2538 1913 2598; baseline 0.008 -22"><span class='ocrx_word' id='word_1_657' title='bbox 70 2544 272 2591; x_wconf 61' lang='lat' dir='ltr'>prouectum</span> <span class='ocrx_word' id='word_1_658' title='bbox 283 2538 374 2576; x_wconf 83' lang='lat' dir='ltr'>fuiffe</span> <span class='ocrx_word' id='word_1_659' title='bbox 385 2539 604 2588; x_wconf 87' lang='lat' dir='ltr'>Euangelium</span> <span class='ocrx_word' id='word_1_660' title='bbox 614 2551 868 2575; x_wconf 82' lang='lat' dir='ltr'>commemorat.</span> <span class='ocrx_word' id='word_1_661' title='bbox 879 2542 970 2576; x_wconf 88' lang='lat' dir='ltr'>Finis</span> <span class='ocrx_word' id='word_1_662' title='bbox 980 2554 1058 2590; x_wconf 87' lang='lat' dir='ltr'>ergo</span> <span class='ocrx_word' id='word_1_663' title='bbox 1071 2543 1170 2578; x_wconf 89' lang='lat' dir='ltr'>huius</span> <span class='ocrx_word' id='word_1_664' title='bbox 1180 2546 1379 2580; x_wconf 87' lang='lat' dir='ltr'>narrationis</span> <span class='ocrx_word' id='word_1_665' title='bbox 1389 2547 1481 2585; x_wconf 84' lang='lat' dir='ltr'>est‚Vt</span> <span class='ocrx_word' id='word_1_666' title='bbox 1491 2547 1719 2598; x_wconf 86' lang='lat' dir='ltr'>Philippenses</span> <span class='ocrx_word' id='word_1_667' title='bbox 1729 2554 1913 2593; x_wconf 62' lang='lat' dir='ltr'>mimenni:</span> 
     </span>
     <span class='ocr_line' id='line_1_52' title="bbox 70 2586 1897 2637; baseline -0.006 -11"><span class='ocrx_word' id='word_1_668' title='bbox 70 2590 307 2626; x_wconf 83' lang='lat' dir='ltr'>absterreantur</span> <span class='ocrx_word' id='word_1_669' title='bbox 315 2589 369 2623; x_wconf 86' lang='lat' dir='ltr'>sua</span> <span class='ocrx_word' id='word_1_670' title='bbox 378 2586 646 2637; x_wconf 85' lang='lat' dir='ltr'>persequutione.</span> <span class='ocrx_word' id='word_1_671' title='bbox 1895 2604 1897 2606; x_wconf 90' lang='lat'><em>-</em></span> 
     </span>
    </p>

    <p class='ocr_par' dir='ltr' id='par_1_18' title="bbox 71 2633 1943 3210">
     <span class='ocr_line' id='line_1_53' title="bbox 117 2633 1911 2693; baseline 0.007 -20"><span class='ocrx_word' id='word_1_672' title='bbox 117 2649 148 2684; x_wconf 84' lang='lat'>13</span> <span class='ocrx_word' id='word_1_673' title='bbox 187 2640 221 2672; x_wconf 89' lang='lat' dir='ltr'><em>V</em></span> <span class='ocrx_word' id='word_1_674' title='bbox 221 2648 235 2672; x_wconf 79' lang='lat' dir='ltr'>t</span> <span class='ocrx_word' id='word_1_675' title='bbox 246 2639 376 2672; x_wconf 75' lang='lat' dir='ltr'>vincula</span> <span class='ocrx_word' id='word_1_676' title='bbox 386 2637 478 2680; x_wconf 62' lang='lat' dir='ltr'>mea.)</span> <span class='ocrx_word' id='word_1_677' title='bbox 519 2633 560 2684; x_wconf 75' lang='lat' dir='ltr'>Jn</span> <span class='ocrx_word' id='word_1_678' title='bbox 573 2635 689 2678; x_wconf 79' lang='lat' dir='ltr'>Chrzsto</span> <span class='ocrx_word' id='word_1_679' title='bbox 700 2635 810 2684; x_wconf 86' lang='lat' dir='ltr'>posuit</span> <span class='ocrx_word' id='word_1_680' title='bbox 818 2663 829 2677; x_wconf 93' lang='lat'>,</span> <span class='ocrx_word' id='word_1_681' title='bbox 839 2649 901 2685; x_wconf 86' lang='lat' dir='ltr'>pro</span> <span class='ocrx_word' id='word_1_682' title='bbox 911 2639 949 2672; x_wconf 92' lang='lat' dir='ltr'>In</span> <span class='ocrx_word' id='word_1_683' title='bbox 960 2642 1100 2687; x_wconf 88' lang='lat' dir='ltr'>negotio</span> <span class='ocrx_word' id='word_1_684' title='bbox 1110 2663 1121 2679; x_wconf 87' lang='lat'><strong>,</strong></span> <span class='ocrx_word' id='word_1_685' title='bbox 1139 2638 1192 2675; x_wconf 90' lang='lat' dir='ltr'>vel</span> <span class='ocrx_word' id='word_1_686' title='bbox 1202 2642 1237 2675; x_wconf 89' lang='lat' dir='ltr'>in</span> <span class='ocrx_word' id='word_1_687' title='bbox 1246 2642 1340 2677; x_wconf 86' lang='lat' dir='ltr'>causa</span> <span class='ocrx_word' id='word_1_688' title='bbox 1350 2642 1484 2678; x_wconf 87' lang='lat' dir='ltr'>Christi.</span> <span class='ocrx_word' id='word_1_689' title='bbox 1498 2643 1659 2693; x_wconf 83' lang='lat' dir='ltr'>significat</span> <span class='ocrx_word' id='word_1_690' title='bbox 1668 2650 1759 2684; x_wconf 87' lang='lat' dir='ltr'>enim</span> <span class='ocrx_word' id='word_1_691' title='bbox 1771 2648 1911 2685; x_wconf 84' lang='lat' dir='ltr'>illustria</span> 
     </span>
     <span class='ocr_line' id='line_1_54' title="bbox 71 2684 1907 2767; baseline 0.007 -45"><span class='ocrx_word' id='word_1_692' title='bbox 71 2685 164 2723; x_wconf 70' lang='lat' dir='ltr'>fuilse</span> <span class='ocrx_word' id='word_1_693' title='bbox 173 2685 229 2722; x_wconf 82' lang='lat' dir='ltr'>sua</span> <span class='ocrx_word' id='word_1_694' title='bbox 238 2685 374 2721; x_wconf 89' lang='lat' dir='ltr'>vincula</span> <span class='ocrx_word' id='word_1_695' title='bbox 382 2686 421 2720; x_wconf 90' lang='lat' dir='ltr'>ad</span> <span class='ocrx_word' id='word_1_696' title='bbox 429 2685 687 2767; x_wconf 73' lang='lat' dir='ltr'>prouehendum</span> <span class='ocrx_word' id='word_1_697' title='bbox 696 2684 820 2720; x_wconf 86' lang='lat' dir='ltr'>Christi</span> <span class='ocrx_word' id='word_1_698' title='bbox 831 2686 1007 2722; x_wconf 88' lang='lat' dir='ltr'>honorem.</span> <span class='ocrx_word' id='word_1_699' title='bbox 1018 2689 1124 2730; x_wconf 73' lang='lat' dir='ltr'>Quod</span> <span class='ocrx_word' id='word_1_700' title='bbox 1133 2688 1239 2736; x_wconf 91' lang='lat' dir='ltr'>aliqui</span> <span class='ocrx_word' id='word_1_701' title='bbox 1249 2702 1307 2738; x_wconf 88' lang='lat' dir='ltr'>per</span> <span class='ocrx_word' id='word_1_702' title='bbox 1319 2692 1490 2727; x_wconf 87' lang='lat' dir='ltr'>Christum</span> <span class='ocrx_word' id='word_1_703' title='bbox 1502 2699 1845 2742; x_wconf 69' lang='lat' dir='ltr'>exponuntzcoa&amp;um</span> <span class='ocrx_word' id='word_1_704' title='bbox 1855 2701 1907 2734; x_wconf 87' lang='lat' dir='ltr'>vi-</span> 
     </span>
     <span class='ocr_line' id='line_1_55' title="bbox 73 2732 1906 2789; baseline 0.007 -20"><span class='ocrx_word' id='word_1_705' title='bbox 73 2735 177 2771; x_wconf 85' lang='lat' dir='ltr'>detur.</span> <span class='ocrx_word' id='word_1_706' title='bbox 189 2737 228 2771; x_wconf 85' lang='lat' dir='ltr'>Et</span> <span class='ocrx_word' id='word_1_707' title='bbox 237 2732 370 2778; x_wconf 73' lang='lat' dir='ltr'>Illustria</span> <span class='ocrx_word' id='word_1_708' title='bbox 380 2746 433 2768; x_wconf 87' lang='lat' dir='ltr'>ma</span> <span class='ocrx_word' id='word_1_709' title='bbox 450 2736 483 2768; x_wconf 92' lang='lat' dir='ltr'>ui</span> <span class='ocrx_word' id='word_1_710' title='bbox 497 2734 597 2781; x_wconf 66' lang='lat' dir='ltr'>quam</span> <span class='ocrx_word' id='word_1_711' title='bbox 606 2732 780 2768; x_wconf 87' lang='lat' dir='ltr'>Manifesta</span> <span class='ocrx_word' id='word_1_712' title='bbox 788 2756 798 2770; x_wconf 87' lang='lat'><strong>,</strong></span> <span class='ocrx_word' id='word_1_713' title='bbox 817 2744 932 2782; x_wconf 88' lang='lat' dir='ltr'>vtpote</span> <span class='ocrx_word' id='word_1_714' title='bbox 949 2736 1249 2785; x_wconf 87' lang='lat' dir='ltr'>quaeEuangeliutn</span> <span class='ocrx_word' id='word_1_715' title='bbox 1259 2736 1407 2774; x_wconf 80' lang='lat' dir='ltr'>suafarna</span> <span class='ocrx_word' id='word_1_716' title='bbox 1417 2740 1680 2779; x_wconf 85' lang='lat' dir='ltr'>nobilitauerint.</span> <span class='ocrx_word' id='word_1_717' title='bbox 1700 2745 1762 2781; x_wconf 80' lang='lat' dir='ltr'>acsi</span> <span class='ocrx_word' id='word_1_718' title='bbox 1772 2747 1906 2789; x_wconf 85' lang='lat' dir='ltr'>diceret,</span> 
     </span>
     <span class='ocr_line' id='line_1_56' title="bbox 73 2781 1908 2833; baseline 0.007 -15"><span class='ocrx_word' id='word_1_719' title='bbox 73 2783 171 2819; x_wconf 83' lang='lat' dir='ltr'>Satan</span> <span class='ocrx_word' id='word_1_720' title='bbox 179 2784 315 2831; x_wconf 87' lang='lat' dir='ltr'>quidem</span> <span class='ocrx_word' id='word_1_721' title='bbox 327 2783 393 2817; x_wconf 89' lang='lat' dir='ltr'>hoc</span> <span class='ocrx_word' id='word_1_722' title='bbox 403 2793 544 2817; x_wconf 88' lang='lat' dir='ltr'>conatus</span> <span class='ocrx_word' id='word_1_723' title='bbox 554 2783 609 2821; x_wconf 90' lang='lat' dir='ltr'>est,</span> <span class='ocrx_word' id='word_1_724' title='bbox 633 2785 667 2816; x_wconf 75' lang='grc' dir='ltr'>δε</span> <span class='ocrx_word' id='word_1_725' title='bbox 679 2783 777 2829; x_wconf 88' lang='lat' dir='ltr'>impii</span> <span class='ocrx_word' id='word_1_726' title='bbox 787 2781 858 2816; x_wconf 89' lang='lat' dir='ltr'>fore</span> <span class='ocrx_word' id='word_1_727' title='bbox 870 2794 1027 2831; x_wconf 88' lang='lat' dir='ltr'>putarunt</span> <span class='ocrx_word' id='word_1_728' title='bbox 1036 2797 1072 2821; x_wconf 91' lang='lat' dir='ltr'>vt</span> <span class='ocrx_word' id='word_1_729' title='bbox 1081 2785 1302 2833; x_wconf 86' lang='lat' dir='ltr'>Euangelium</span> <span class='ocrx_word' id='word_1_730' title='bbox 1311 2788 1544 2825; x_wconf 84' lang='lat' dir='ltr'>destrueretur:</span> <span class='ocrx_word' id='word_1_731' title='bbox 1563 2789 1615 2826; x_wconf 85' lang='lat' dir='ltr'>se&#39;d</span> <span class='ocrx_word' id='word_1_732' title='bbox 1623 2794 1715 2828; x_wconf 92' lang='lat' dir='ltr'>Deus</span> <span class='ocrx_word' id='word_1_733' title='bbox 1735 2805 1804 2830; x_wconf 87' lang='lat' dir='ltr'>tam</span> <span class='ocrx_word' id='word_1_734' title='bbox 1815 2795 1908 2830; x_wconf 81' lang='lat' dir='ltr'>illius</span> 
     </span>
     <span class='ocr_line' id='line_1_57' title="bbox 73 2828 1904 2884; baseline 0.007 -17"><span class='ocrx_word' id='word_1_735' title='bbox 73 2842 222 2872; x_wconf 83' lang='lat' dir='ltr'>conatus,</span> <span class='ocrx_word' id='word_1_736' title='bbox 232 2833 334 2879; x_wconf 74' lang='lat' dir='ltr'>quam</span> <span class='ocrx_word' id='word_1_737' title='bbox 345 2830 434 2878; x_wconf 89' lang='lat' dir='ltr'>spem</span> <span class='ocrx_word' id='word_1_738' title='bbox 444 2830 566 2864; x_wconf 89' lang='lat' dir='ltr'>horum</span> <span class='ocrx_word' id='word_1_739' title='bbox 577 2829 745 2864; x_wconf 83' lang='lat' dir='ltr'>frustratus</span> <span class='ocrx_word' id='word_1_740' title='bbox 755 2830 799 2864; x_wconf 92' lang='lat' dir='ltr'>est</span> <span class='ocrx_word' id='word_1_741' title='bbox 808 2828 907 2878; x_wconf 87' lang='lat' dir='ltr'>idque</span> <span class='ocrx_word' id='word_1_742' title='bbox 916 2832 1102 2881; x_wconf 85' lang='lat' dir='ltr'>dupliciter.</span> <span class='ocrx_word' id='word_1_743' title='bbox 1114 2847 1195 2869; x_wconf 89' lang='lat' dir='ltr'>nam</span> <span class='ocrx_word' id='word_1_744' title='bbox 1205 2847 1310 2880; x_wconf 88' lang='lat' dir='ltr'>quum</span> <span class='ocrx_word' id='word_1_745' title='bbox 1320 2837 1541 2884; x_wconf 83' lang='lat' dir='ltr'>Euangelium</span> <span class='ocrx_word' id='word_1_746' title='bbox 1551 2841 1626 2875; x_wconf 76' lang='lat' dir='ltr'>ante</span> <span class='ocrx_word' id='word_1_747' title='bbox 1639 2841 1816 2878; x_wconf 87' lang='lat' dir='ltr'>obscurum</span> <span class='ocrx_word' id='word_1_748' title='bbox 1827 2847 1861 2878; x_wconf 62' lang='grc' dir='ltr'>ὃς</span> <span class='ocrx_word' id='word_1_749' title='bbox 1873 2845 1904 2878; x_wconf 85' lang='lat' dir='ltr'>i-</span> 
     </span>
     <span class='ocr_line' id='line_1_58' title="bbox 73 2877 1943 2940; baseline 0.007 -27"><span class='ocrx_word' id='word_1_750' title='bbox 73 2890 217 2928; x_wconf 79' lang='lat' dir='ltr'>gnotum</span> <span class='ocrx_word' id='word_1_751' title='bbox 228 2878 301 2915; x_wconf 77' lang='lat' dir='ltr'>effer</span> <span class='ocrx_word' id='word_1_752' title='bbox 311 2879 438 2916; x_wconf 83' lang='lat' dir='ltr'>multis,</span> <span class='ocrx_word' id='word_1_753' title='bbox 449 2877 573 2913; x_wconf 70' lang='lat' dir='ltr'>factum</span> <span class='ocrx_word' id='word_1_754' title='bbox 583 2879 627 2913; x_wconf 91' lang='lat' dir='ltr'>est</span> <span class='ocrx_word' id='word_1_755' title='bbox 635 2889 672 2913; x_wconf 92' lang='lat' dir='ltr'>vt</span> <span class='ocrx_word' id='word_1_756' title='bbox 681 2877 909 2914; x_wconf 83' lang='lat' dir='ltr'>innotesceret:</span> <span class='ocrx_word' id='word_1_757' title='bbox 919 2893 1029 2926; x_wconf 89' lang='lat' dir='ltr'>neque</span> <span class='ocrx_word' id='word_1_758' title='bbox 1039 2881 1072 2916; x_wconf 85' lang='lat' dir='ltr'>id</span> <span class='ocrx_word' id='word_1_759' title='bbox 1081 2882 1199 2920; x_wconf 72' lang='lat' dir='ltr'>modo,</span> <span class='ocrx_word' id='word_1_760' title='bbox 1209 2882 1261 2917; x_wconf 87' lang='lat' dir='ltr'>sed</span> <span class='ocrx_word' id='word_1_761' title='bbox 1272 2885 1371 2918; x_wconf 80' lang='lat' dir='ltr'>etiam</span> <span class='ocrx_word' id='word_1_762' title='bbox 1382 2896 1416 2919; x_wconf 90' lang='lat' dir='ltr'>vt</span> <span class='ocrx_word' id='word_1_763' title='bbox 1430 2885 1643 2924; x_wconf 88' lang='lat' dir='ltr'>illustraretur</span> <span class='ocrx_word' id='word_1_764' title='bbox 1658 2893 1772 2925; x_wconf 88' lang='lat' dir='ltr'>tamin</span> <span class='ocrx_word' id='word_1_765' title='bbox 1781 2902 1903 2940; x_wconf 80' lang='lat' dir='ltr'>praeto-</span> <span class='ocrx_word' id='word_1_766' title='bbox 1940 2906 1943 2908; x_wconf 92' lang='grc'><em>·</em></span> 
     </span>
     <span class='ocr_line' id='line_1_59' title="bbox 74 2926 1901 2981; baseline 0.008 -20"><span class='ocrx_word' id='word_1_767' title='bbox 74 2930 127 2962; x_wconf 88' lang='lat' dir='ltr'>rio</span> <span class='ocrx_word' id='word_1_768' title='bbox 141 2929 240 2975; x_wconf 77' lang='lat' dir='ltr'>quam</span> <span class='ocrx_word' id='word_1_769' title='bbox 249 2931 284 2963; x_wconf 91' lang='lat' dir='ltr'>in</span> <span class='ocrx_word' id='word_1_770' title='bbox 296 2928 421 2974; x_wconf 83' lang='lat' dir='ltr'>reliqua</span> <span class='ocrx_word' id='word_1_771' title='bbox 432 2926 521 2962; x_wconf 83' lang='lat' dir='ltr'>vrbe.</span> <span class='ocrx_word' id='word_1_772' title='bbox 556 2929 723 2960; x_wconf 66' lang='lat' dir='ltr'>Pratorium</span> <span class='ocrx_word' id='word_1_773' title='bbox 732 2929 862 2975; x_wconf 87' lang='lat' dir='ltr'>accipio</span> <span class='ocrx_word' id='word_1_774' title='bbox 879 2940 942 2976; x_wconf 87' lang='lat' dir='ltr'>pro</span> <span class='ocrx_word' id='word_1_775' title='bbox 951 2929 1024 2964; x_wconf 85' lang='lat' dir='ltr'>aula</span> <span class='ocrx_word' id='word_1_776' title='bbox 1036 2933 1071 2965; x_wconf 77' lang='grc' dir='ltr'>ὃς</span> <span class='ocrx_word' id='word_1_777' title='bbox 1080 2930 1206 2978; x_wconf 88' lang='lat' dir='ltr'>palatio</span> <span class='ocrx_word' id='word_1_778' title='bbox 1217 2931 1382 2972; x_wconf 88' lang='lat' dir='ltr'>Neronis,</span> <span class='ocrx_word' id='word_1_779' title='bbox 1406 2936 1499 2981; x_wconf 89' lang='lat' dir='ltr'>quod</span> <span class='ocrx_word' id='word_1_780' title='bbox 1508 2936 1627 2973; x_wconf 82' lang='lat' dir='ltr'>Fabius</span> <span class='ocrx_word' id='word_1_781' title='bbox 1638 2942 1673 2973; x_wconf 75' lang='grc' dir='ltr'>δε</span> <span class='ocrx_word' id='word_1_782' title='bbox 1685 2941 1786 2974; x_wconf 82' lang='lat' dir='ltr'>aetatis</span> <span class='ocrx_word' id='word_1_783' title='bbox 1809 2939 1901 2975; x_wconf 74' lang='lat' dir='ltr'>illius</span> 
     </span>
     <span class='ocr_line' id='line_1_60' title="bbox 73 2974 1901 3033; baseline 0.008 -24"><span class='ocrx_word' id='word_1_784' title='bbox 73 2976 244 3023; x_wconf 86' lang='lat' dir='ltr'>scriptores</span> <span class='ocrx_word' id='word_1_785' title='bbox 253 2988 374 3012; x_wconf 89' lang='lat' dir='ltr'>vocant</span> <span class='ocrx_word' id='word_1_786' title='bbox 387 2974 575 3024; x_wconf 81' lang='lat' dir='ltr'>Augustale.</span> <span class='ocrx_word' id='word_1_787' title='bbox 585 2975 676 3012; x_wconf 85' lang='lat' dir='ltr'>Nam</span> <span class='ocrx_word' id='word_1_788' title='bbox 687 2988 792 3023; x_wconf 87' lang='lat' dir='ltr'>quum</span> <span class='ocrx_word' id='word_1_789' title='bbox 803 2977 954 3011; x_wconf 84' lang='lat' dir='ltr'>Praetoris</span> <span class='ocrx_word' id='word_1_790' title='bbox 965 2990 1092 3013; x_wconf 89' lang='lat' dir='ltr'>nomen</span> <span class='ocrx_word' id='word_1_791' title='bbox 1117 2978 1268 3026; x_wconf 84' lang='lat' dir='ltr'>generale</span> <span class='ocrx_word' id='word_1_792' title='bbox 1278 2978 1353 3015; x_wconf 79' lang='lat' dir='ltr'>esset</span> <span class='ocrx_word' id='word_1_793' title='bbox 1363 2983 1464 3018; x_wconf 89' lang='lat' dir='ltr'>initio</span> <span class='ocrx_word' id='word_1_794' title='bbox 1475 3010 1486 3025; x_wconf 89' lang='lat'>,</span> <span class='ocrx_word' id='word_1_795' title='bbox 1505 2997 1543 3019; x_wconf 88' lang='lat' dir='ltr'>ac</span> <span class='ocrx_word' id='word_1_796' title='bbox 1553 2988 1760 3033; x_wconf 87' lang='lat' dir='ltr'>magistratus</span> <span class='ocrx_word' id='word_1_797' title='bbox 1780 3000 1901 3023; x_wconf 81' lang='lat' dir='ltr'>omnes</span> 
     </span>
     <span class='ocr_line' id='line_1_61' title="bbox 73 3023 1900 3081; baseline 0.007 -22"><span class='ocrx_word' id='word_1_798' title='bbox 73 3023 266 3071; x_wconf 82' lang='lat' dir='ltr'>significaret</span> <span class='ocrx_word' id='word_1_799' title='bbox 275 3027 333 3071; x_wconf 89' lang='lat' dir='ltr'>qui</span> <span class='ocrx_word' id='word_1_800' title='bbox 344 3027 547 3073; x_wconf 69' lang='lat' dir='ltr'>praecipuum</span> <span class='ocrx_word' id='word_1_801' title='bbox 558 3026 736 3072; x_wconf 85' lang='lat' dir='ltr'>imperium</span> <span class='ocrx_word' id='word_1_802' title='bbox 746 3023 915 3063; x_wconf 85' lang='lat' dir='ltr'>haberent,</span> <span class='ocrx_word' id='word_1_803' title='bbox 925 3026 1025 3067; x_wconf 88' lang='lat' dir='ltr'>(vnde</span> <span class='ocrx_word' id='word_1_804' title='bbox 1035 3025 1160 3062; x_wconf 62' lang='lat' dir='ltr'>factum</span> <span class='ocrx_word' id='word_1_805' title='bbox 1169 3028 1213 3062; x_wconf 88' lang='lat' dir='ltr'>est</span> <span class='ocrx_word' id='word_1_806' title='bbox 1222 3037 1258 3063; x_wconf 79' lang='lat' dir='ltr'>v‘t</span> <span class='ocrx_word' id='word_1_807' title='bbox 1269 3031 1432 3070; x_wconf 58' lang='lat' dir='ltr'>Dictator,</span> <span class='ocrx_word' id='word_1_808' title='bbox 1438 3030 1587 3068; x_wconf 88' lang='lat' dir='ltr'>summus</span> <span class='ocrx_word' id='word_1_809' title='bbox 1593 3035 1715 3073; x_wconf 65' lang='lat' dir='ltr'>Praetor</span> <span class='ocrx_word' id='word_1_810' title='bbox 1725 3036 1900 3081; x_wconf 82' lang='lat' dir='ltr'>diceretur)</span> 
     </span>
     <span class='ocr_line' id='line_1_62' title="bbox 73 3071 1901 3131; baseline 0.006 -23"><span class='ocrx_word' id='word_1_811' title='bbox 73 3071 192 3108; x_wconf 87' lang='lat' dir='ltr'>manfit</span> <span class='ocrx_word' id='word_1_812' title='bbox 200 3073 314 3107; x_wconf 89' lang='lat' dir='ltr'>deinde</span> <span class='ocrx_word' id='word_1_813' title='bbox 323 3072 577 3111; x_wconf 83' lang='lat' dir='ltr'>consuetudo,vt</span> <span class='ocrx_word' id='word_1_814' title='bbox 583 3074 776 3107; x_wconf 80' lang='lat' dir='ltr'>Praetorium</span> <span class='ocrx_word' id='word_1_815' title='bbox 788 3084 960 3107; x_wconf 88' lang='lat' dir='ltr'>vocaretur</span> <span class='ocrx_word' id='word_1_816' title='bbox 970 3076 1006 3109; x_wconf 93' lang='lat' dir='ltr'>in</span> <span class='ocrx_word' id='word_1_817' title='bbox 1016 3073 1106 3109; x_wconf 92' lang='lat' dir='ltr'>bello</span> <span class='ocrx_word' id='word_1_818' title='bbox 1115 3076 1366 3112; x_wconf 81' lang='lat' dir='ltr'>tabernaculum</span> <span class='ocrx_word' id='word_1_819' title='bbox 1375 3078 1427 3114; x_wconf 87' lang='lat' dir='ltr'>vel</span> <span class='ocrx_word' id='word_1_820' title='bbox 1438 3079 1663 3121; x_wconf 87' lang='lat' dir='ltr'>Consulis,vel</span> <span class='ocrx_word' id='word_1_821' title='bbox 1675 3085 1745 3118; x_wconf 90' lang='lat' dir='ltr'>eius</span> <span class='ocrx_word' id='word_1_822' title='bbox 1756 3085 1814 3130; x_wconf 88' lang='lat' dir='ltr'>qui</span> <span class='ocrx_word' id='word_1_823' title='bbox 1823 3096 1901 3131; x_wconf 70' lang='lat' dir='ltr'>pte-</span> 
     </span>
     <span class='ocr_line' id='line_1_63' title="bbox 72 3119 1903 3177; baseline 0.007 -23"><span class='ocrx_word' id='word_1_824' title='bbox 72 3132 150 3155; x_wconf 87' lang='lat' dir='ltr'>crat:</span> <span class='ocrx_word' id='word_1_825' title='bbox 160 3122 196 3154; x_wconf 92' lang='lat' dir='ltr'>in</span> <span class='ocrx_word' id='word_1_826' title='bbox 206 3119 282 3154; x_wconf 87' lang='lat' dir='ltr'>vrbe</span> <span class='ocrx_word' id='word_1_827' title='bbox 293 3131 402 3155; x_wconf 86' lang='lat' dir='ltr'>autem</span> <span class='ocrx_word' id='word_1_828' title='bbox 427 3120 587 3167; x_wconf 87' lang='lat' dir='ltr'>palatium</span> <span class='ocrx_word' id='word_1_829' title='bbox 597 3119 730 3156; x_wconf 80' lang='lat' dir='ltr'>Caesaris</span> <span class='ocrx_word' id='word_1_830' title='bbox 741 3143 752 3158; x_wconf 88' lang='lat'>,</span> <span class='ocrx_word' id='word_1_831' title='bbox 772 3132 810 3155; x_wconf 87' lang='lat' dir='ltr'>ex</span> <span class='ocrx_word' id='word_1_832' title='bbox 825 3133 894 3169; x_wconf 91' lang='lat' dir='ltr'>quo</span> <span class='ocrx_word' id='word_1_833' title='bbox 905 3122 1133 3158; x_wconf 86' lang='lat' dir='ltr'>monarchiam</span> <span class='ocrx_word' id='word_1_834' title='bbox 1142 3123 1281 3161; x_wconf 82' lang='lat' dir='ltr'>Caesares</span> <span class='ocrx_word' id='word_1_835' title='bbox 1292 3138 1509 3176; x_wconf 88' lang='lat' dir='ltr'>occuparunt.</span> <span class='ocrx_word' id='word_1_836' title='bbox 1523 3129 1654 3177; x_wconf 89' lang='lat' dir='ltr'>alioqui</span> <span class='ocrx_word' id='word_1_837' title='bbox 1661 3132 1848 3174; x_wconf 70' lang='lat' dir='ltr'>Pretorium</span> <span class='ocrx_word' id='word_1_838' title='bbox 1867 3146 1903 3168; x_wconf 86' lang='lat' dir='ltr'>e·-</span> 
     </span>
     <span class='ocr_line' id='line_1_64' title="bbox 73 3167 1047 3210; baseline -0.001 -6"><span class='ocrx_word' id='word_1_839' title='bbox 73 3172 156 3204; x_wconf 87' lang='lat' dir='ltr'>tiam</span> <span class='ocrx_word' id='word_1_840' title='bbox 166 3179 305 3203; x_wconf 83' lang='lat' dir='ltr'>vocatur</span> <span class='ocrx_word' id='word_1_841' title='bbox 315 3167 472 3204; x_wconf 82' lang='lat' dir='ltr'>consessus</span> <span class='ocrx_word' id='word_1_842' title='bbox 490 3171 648 3204; x_wconf 76' lang='lat' dir='ltr'>Praetoris.</span> <span class='ocrx_word' id='word_1_843' title='bbox 1044 3208 1047 3210; x_wconf 42' lang='grc'>,</span> 
     </span>
    </p>

    <p class='ocr_par' dir='ltr' id='par_1_19' title="bbox 71 3215 1903 3421">
     <span class='ocr_line' id='line_1_65' title="bbox 124 3215 1903 3277; baseline 0.008 -28"><span class='ocrx_word' id='word_1_844' title='bbox 124 3228 166 3262; x_wconf 86' lang='lat'>14</span> <span class='ocrx_word' id='word_1_845' title='bbox 215 3218 321 3250; x_wconf 85' lang='lat' dir='ltr'>Multi</span> <span class='ocrx_word' id='word_1_846' title='bbox 330 3215 546 3259; x_wconf 81' lang='lat' dir='ltr'>exfratribus.)</span> <span class='ocrx_word' id='word_1_847' title='bbox 596 3219 673 3252; x_wconf 87' lang='lat' dir='ltr'>Hoc</span> <span class='ocrx_word' id='word_1_848' title='bbox 691 3216 844 3266; x_wconf 85' lang='lat' dir='ltr'>exemplo</span> <span class='ocrx_word' id='word_1_849' title='bbox 861 3218 1039 3258; x_wconf 87' lang='lat' dir='ltr'>docemur,</span> <span class='ocrx_word' id='word_1_850' title='bbox 1059 3219 1250 3258; x_wconf 58' lang='lat' dir='ltr'>sanatorum</span> <span class='ocrx_word' id='word_1_851' title='bbox 1260 3227 1454 3260; x_wconf 85' lang='lat' dir='ltr'>vexationes</span> <span class='ocrx_word' id='word_1_852' title='bbox 1479 3238 1558 3272; x_wconf 84' lang='lat' dir='ltr'>quas</span> <span class='ocrx_word' id='word_1_853' title='bbox 1571 3239 1631 3273; x_wconf 78' lang='lat' dir='ltr'>pro</span> <span class='ocrx_word' id='word_1_854' title='bbox 1648 3225 1832 3276; x_wconf 80' lang='lat' dir='ltr'>Euangelio&#39;</span> <span class='ocrx_word' id='word_1_855' title='bbox 1844 3240 1903 3277; x_wconf 81' lang='lat' dir='ltr'>pa-</span> 
     </span>
     <span class='ocr_line' id='line_1_66' title="bbox 72 3264 1901 3321; baseline 0.007 -21"><span class='ocrx_word' id='word_1_856' title='bbox 72 3267 385 3302; x_wconf 85' lang='lat' dir='ltr'>tiuntur,materiam</span> <span class='ocrx_word' id='word_1_857' title='bbox 397 3265 493 3300; x_wconf 88' lang='lat' dir='ltr'>nobis</span> <span class='ocrx_word' id='word_1_858' title='bbox 503 3265 563 3300; x_wconf 83' lang='lat' dir='ltr'>effe</span> <span class='ocrx_word' id='word_1_859' title='bbox 575 3264 710 3300; x_wconf 84' lang='lat' dir='ltr'>fiduciae.</span> <span class='ocrx_word' id='word_1_860' title='bbox 720 3265 804 3301; x_wconf 80' lang='lat' dir='ltr'>Eii&#39;et</span> <span class='ocrx_word' id='word_1_861' title='bbox 815 3267 954 3312; x_wconf 88' lang='lat' dir='ltr'>quidem</span> <span class='ocrx_word' id='word_1_862' title='bbox 963 3267 1109 3304; x_wconf 89' lang='lat' dir='ltr'>terribile</span> <span class='ocrx_word' id='word_1_863' title='bbox 1118 3269 1341 3318; x_wconf 69' lang='lat' dir='ltr'>spe&amp;aculum</span> <span class='ocrx_word' id='word_1_864' title='bbox 1351 3296 1361 3311; x_wconf 85' lang='lat'>‚</span> <span class='ocrx_word' id='word_1_865' title='bbox 1392 3277 1427 3308; x_wconf 75' lang='grc' dir='ltr'>δι</span> <span class='ocrx_word' id='word_1_866' title='bbox 1437 3274 1529 3319; x_wconf 88' lang='lat' dir='ltr'>quod</span> <span class='ocrx_word' id='word_1_867' title='bbox 1541 3276 1652 3321; x_wconf 76' lang='lat' dir='ltr'>potius</span> <span class='ocrx_word' id='word_1_868' title='bbox 1663 3276 1702 3310; x_wconf 90' lang='lat' dir='ltr'>ad</span> <span class='ocrx_word' id='word_1_869' title='bbox 1713 3289 1776 3311; x_wconf 89' lang='lat' dir='ltr'>nos</span> <span class='ocrx_word' id='word_1_870' title='bbox 1788 3279 1901 3312; x_wconf 84' lang='lat' dir='ltr'>exani-</span> 
     </span>
     <span class='ocr_line' id='line_1_67' title="bbox 71 3311 1902 3373; baseline 0.006 -24"><span class='ocrx_word' id='word_1_871' title='bbox 71 3315 212 3349; x_wconf 85' lang='lat' dir='ltr'>mandos</span> <span class='ocrx_word' id='word_1_872' title='bbox 223 3311 380 3349; x_wconf 75' lang='lat' dir='ltr'>valeret‚fi</span> <span class='ocrx_word' id='word_1_873' title='bbox 389 3314 543 3348; x_wconf 84' lang='lat' dir='ltr'>duntaxat</span> <span class='ocrx_word' id='word_1_874' title='bbox 553 3313 825 3362; x_wconf 87' lang='lat' dir='ltr'>persequutorum</span> <span class='ocrx_word' id='word_1_875' title='bbox 835 3313 993 3351; x_wconf 81' lang='lat' dir='ltr'>saeuitiam</span> <span class='ocrx_word' id='word_1_876' title='bbox 1002 3321 1039 3352; x_wconf 85' lang='lat'>&amp;</span> <span class='ocrx_word' id='word_1_877' title='bbox 1048 3317 1173 3353; x_wconf 89' lang='lat' dir='ltr'>rabiem</span> <span class='ocrx_word' id='word_1_878' title='bbox 1184 3321 1380 3355; x_wconf 86' lang='lat' dir='ltr'>videremus.</span> <span class='ocrx_word' id='word_1_879' title='bbox 1404 3322 1464 3356; x_wconf 87' lang='lat' dir='ltr'>Sed</span> <span class='ocrx_word' id='word_1_880' title='bbox 1479 3322 1559 3355; x_wconf 89' lang='lat' dir='ltr'>dum</span> <span class='ocrx_word' id='word_1_881' title='bbox 1572 3321 1669 3358; x_wconf 86' lang='lat' dir='ltr'>simul</span> <span class='ocrx_word' id='word_1_882' title='bbox 1679 3336 1813 3373; x_wconf 86' lang='lat' dir='ltr'>apparet</span> <span class='ocrx_word' id='word_1_883' title='bbox 1831 3338 1902 3360; x_wconf 86' lang='lat' dir='ltr'>ma·</span> 
     </span>
     <span class='ocr_line' id='line_1_68' title="bbox 72 3359 1901 3421; baseline 0.005 -23"><span class='ocrx_word' id='word_1_884' title='bbox 72 3374 137 3399; x_wconf 72' lang='lat' dir='ltr'>nus</span> <span class='ocrx_word' id='word_1_885' title='bbox 145 3364 290 3398; x_wconf 80' lang='lat' dir='ltr'>Domini</span> <span class='ocrx_word' id='word_1_886' title='bbox 301 3370 374 3409; x_wconf 76' lang='lat' dir='ltr'>quae</span> <span class='ocrx_word' id='word_1_887' title='bbox 382 3359 440 3397; x_wconf 88' lang='lat' dir='ltr'>sub</span> <span class='ocrx_word' id='word_1_888' title='bbox 449 3360 640 3398; x_wconf 85' lang='lat' dir='ltr'>infirmitate</span> <span class='ocrx_word' id='word_1_889' title='bbox 649 3364 756 3399; x_wconf 83' lang='lat' dir='ltr'>crucis</span> <span class='ocrx_word' id='word_1_890' title='bbox 764 3361 840 3400; x_wconf 85' lang='lat' dir='ltr'>suos</span> <span class='ocrx_word' id='word_1_891' title='bbox 850 3364 955 3400; x_wconf 83' lang='lat' dir='ltr'>reddit</span> <span class='ocrx_word' id='word_1_892' title='bbox 963 3367 1124 3410; x_wconf 69' lang='lat' dir='ltr'>inuistos,</span> <span class='ocrx_word' id='word_1_893' title='bbox 1131 3379 1169 3404; x_wconf 78' lang='lat' dir='ltr'>ae</span> <span class='ocrx_word' id='word_1_894' title='bbox 1179 3369 1371 3416; x_wconf 71' lang='lat' dir='ltr'>triumphare</span> <span class='ocrx_word' id='word_1_895' title='bbox 1379 3367 1530 3405; x_wconf 79' lang='lat' dir='ltr'>facitzhac</span> <span class='ocrx_word' id='word_1_896' title='bbox 1540 3369 1634 3409; x_wconf 85' lang='lat' dir='ltr'>freti,</span> <span class='ocrx_word' id='word_1_897' title='bbox 1645 3371 1721 3419; x_wconf 85' lang='lat' dir='ltr'>plus</span> <span class='ocrx_word' id='word_1_898' title='bbox 1732 3363 1831 3412; x_wconf 81' lang='lat' dir='ltr'>solito</span> <span class='ocrx_word' id='word_1_899' title='bbox 1841 3385 1901 3421; x_wconf 62' lang='lat'>2³¹³:</span> 
     </span>
    </p>

    <p class='ocr_par' dir='ltr' id='par_1_20' title="bbox 1573 3420 1709 3467">
     <span class='ocr_line' id='line_1_69' title="bbox 1573 3420 1709 3467; baseline 0.015 -14"><span class='ocrx_word' id='word_1_900' title='bbox 1573 3420 1612 3453; x_wconf 78' lang='lat' dir='ltr'>K.</span> <span class='ocrx_word' id='word_1_901' title='bbox 1648 3422 1709 3467; x_wconf 67' lang='lat' dir='ltr'>iiij,</span> 
     </span>
    </p>
   </div>
  </div>
 </body>
</html>
