2268 3705
138 454 189 472 ὑπ’
202 448 282 484 1..1.3.'

176 499 233 517 nat.
244 500 309 521 410.

204 542 254 563 4⁴¹·
263 542 288 563 4.

144 594 162 596 ,γ
180 568 283 605 „ca-jd.

129 1558 285 1585 Rom.1.c.2x.

329 132 394 177 ⁶14
950 119 1656 184 1N1EP18TQLAM

2212 0 2248 100 3

355 198 450 246 supra
460 197 627 233 mundum
638 203 838 246 emergeret?
849 196 963 243 Qre
974 194 1095 230 merito
1107 192 1549 232 fides,subfistentia²xiocatut
1558 205 1668 228 rerum
1680 205 1753 240 quae
1763 194 1799 228 in
1808 190 1863 241 spe
1872 193 1980 229 adhuc
1989 193 2101 242 positae
2112 194 2201 240 sunt,
2248 184 2249 189 Ἰ

358 252 390 282 ἃ
404 249 571 281 euidentia
580 260 650 281 non
662 247 907 295 apparentium.
917 244 1023 291 de
1034 244 1239 291 Augustinus
1250 255 1312 291 pto
1323 241 1466 277 elencho
1476 242 1655 288 aliquoties
1667 245 1926 278 contuitionem
1938 244 2115 286 transtulit,
2128 260 2200 283 non

357 294 596 344 displicettnam
612 294 749 330 fideliter
759 292 913 343 Apostoli
925 303 1073 328 mentem
1084 289 1308 340 exprimitd'ed
1317 304 1382 339 ego
1391 290 1698 326 Demonstratioms
1707 302 1763 325 aut
1773 293 1954 349 {liuida-ntia
1965 305 2091 329 nomen
2104 295 2201 331 malo:

358 357 439 391 quia
450 347 562 379 minus
573 345 616 378 cst
628 346 796 378 coactam.

412 409 433 432 2
494 401 553 433 Per
562 394 654 434 lunc
662 397 760 433 enim
766 393 999 447 testimonium
1008 390 1205 445 consequuti
1207 386 1294 441 fiant
1307 393 1472 430 seniores.
1958 444 1961 447 .
2066 428 2067 431 ,

413 465 426 502 3
487 452 572 491 Fide
585 452 816 506 intelligimus
825 458 941 505 aptata
951 445 1129 504 effi-secula
1137 445 1248 486 verbo
1257 451 1336 492 Dei,
1349 456 1473 486 vtnon
1487 450 1730 500 apparentium
1728 449 1772 502 sp
1777 446 1929 487 educata
1925 449 2069 501 fierent,

411 520 439 559 4
505 511 628 550 Fide.)
638 507 727 546 Abel
729 507 999 561 praestmtiorem
1009 504 1152 558 hostiam
1161 502 1271 558 qucim
1289 510 1380 544 Cain
1399 502 1524 542 obtulit
1539 508 1616 542 Deo
1640 518 1648 541 :
1668 516 1850 559 perquam
1867 506 2103 557 testimonium
2115 507 2217 553 obri-¹
2263 537 2268 575 3

358 569 439 606 nuit
466 594 476 610 ,
490 564 704 622 qubdiustus
711 561 811 619 effa,
829 563 1064 617 testimonium
1082 560 1253 601 reddente
1275 567 1351 600 Deo
1363 556 1436 602 eius
1448 560 1553 600 donis
1571 578 1585 600 .·
1608 560 1648 607 ά
1663 573 1728 617 per
1735 559 1842 616 ipſsm
1860 575 2014 604 mortuus
2028 565 2144 607 adhuc
2152 569 2201 607 lo-

385 634 491 661 ultur·
978 649 980 652 ·
1000 650 1002 653 v
1073 654 1075 657 .

340 713 348 722 ,
358 635 382 675 q
408 690 424 712 z
475 681 532 711 Per
539 677 619 711 hanc
629 678 708 710 enim
715 675 933 721 testimonium.)
969 669 1140 710 T'rafitabit
1151 673 1218 709 hoc
1227 683 1466 720 argumentum
1477 669 1576 718 vsque
1585 673 1623 707 ad
1636 671 1738 708 finem
1751 676 1880 722 capitis,
1890 688 1960 710 non
1974 678 2109 714 aliunde
2120 678 2204 717 salu-

357 735 425 760 tem
437 727 574 774 adeptos
584 723 645 759 effe
656 727 834 762 patiemur
843 725 918 759 Deo
930 734 1041 771 gratos
1052 721 1143 758 fuiffe
1155 723 1255 769 quam
1268 734 1305 755 ex
1317 720 1388 771 fide.
1401 722 1475 755 Erat
1485 720 1596 768 aliqua
1606 725 1690 764 ratio
1698 735 1756 757 cut
1766 724 1863 757 ludaei
1875 726 2025 762 Patribus
2037 728 2100 763 suis
2113 729 2202 768 mul-v

358 786 430 809 tuni
443 774 622 808 defen-ent:
635 772 687 808 sed
696 774 891 822 praepostera
901 773 1051 819 quaedam
1060 773 1195 807 Parrum
1205 770 1384 808 (admiratio
1395 769 1437 805 src
1449 773 1533 804 inter
1544 783 1601 804 eos
1611 771 1803 806 obtinuerat
1813 795 1822 809 ,
1836 783 1871 807 vt
1884 785 2045 821 magnum
2059 780 2202 825 impedi-

357 835 511 857 mentum
524 820 598 857 effet
608 825 793 870 quominus
806 820 835 855 se
846 833 937 856 totos
947 821 1082 855 Christo
1094 819 1329 867 gubernandos
1339 820 1580 866 permitterent:
1594 817 1660 853 fiue
1671 820 1738 855 hoc
1747 821 1890 855 ambitio
1901 821 2041 859 faciebat
2052 849 2062 863 ,
2076 825 2141 860 flue
2150 825 2202 862 su-

354 871 584 920 perstitio,fiue
595 883 771 918 vtrunque.
782 871 872 905 Nam
885 882 990 916 quum
1000 870 1151 904 audirent
1161 867 1377 902 bena-dietum
1388 879 1423 901 ac
1433 865 1584 902 sanctum
1597 866 1657 902 effe
1667 868 1808 910 Abrahae
1819 869 2011 907 sememhoc
2024 874 2137 922 elogio
2149 878 2203 911 in-

354 920 436 962 flari,
447 923 481 954 in
494 920 649 954 homines
659 923 774 968 potius
785 920 887 966 quam
898 922 934 953 in
949 920 1065 953 Deum
1078 915 1305 953 coniimebant
1314 915 1443 956 oculos.
1454 917 1584 950 Deinde
1594 917 1768 952 accedebat
1778 918 1927 966 peruersa
1938 922 2202 971 aemulati.o‚quia

349 982 422 1004 non
433 968 683 1003 confidembau:
694 969 773 1014 quid
786 971 820 1002 in
832 966 981 1002 Patribus
993 968 1138 1002 maxime
1151 967 1341 1001 imitatione
1351 964 1588 1013 digmimesset:
1601 967 1648 999 ita
1661 965 1760 1000 fiebat
1773 979 1806 1001 vt
1818 973 2026 1005 caetcmoniis
2037 973 2202 1009 veteribus

354 1017 549 1055 insisterent,
560 1016 620 1052 acsi
630 1028 699 1052 tota
710 1015 829 1064 religio
843 1014 1055 1064 perfectaque
1064 1014 1217 1050 uastitas
1229 1013 1293 1049 illis
1304 1015 1475 1048 constaret.
1487 1014 1587 1048 Hunc
1599 1027 1741 1049 errorem
1755 1015 1873 1050 refellit
1884 1019 2079 1065 Apostolus,
2091 1033 2127 1055 ac
2137 1023 2202 1057 do-

356 1079 408 1101 cet
431 1068 512 1114 quid
525 1066 635 1101 inillis
646 1064 744 1100 fuerit
756 1067 1011 1113 praecipuum‚vt
1022 1063 1213 1111 intelligant
1225 1063 1345 1109 posteri
1356 1061 1532 1113 quomodo
1544 1063 1617 1097 vere
1628 1062 1731 1099 futuri
1745 1063 1806 1099 sint
1818 1064 1956 1101 illorum
1969 1067 2099 1104 similes.
2112 1072 2200 1119 Ergo

354 1117 610 1150 meminerimus
620 1115 712 1149 hunc
724 1113 783 1148 ess'e
795 1114 913 1148 statum
926 1117 960 1148 &
972 1111 1063 1160 quasi
1074 1114 1241 1147 cardinem
1250 1113 1289 1149 ‚in
1301 1122 1371 1157 quo
1383 1113 1526 1145 verlarut
1536 1113 1644 1146 oratio
1653 1113 1819 1160 Apostoli.
1835 1115 1942 1149 Patres
1954 1120 2149 1165 quicunque
2160 1120 2202 1155 ab

352 1166 454 1200 initio
468 1179 497 1197 m
506 1165 583 1198 undi
594 1165 669 1198 Deo
681 1162 811 1210 probati
823 1160 970 1203 fuerunt,
979 1175 1052 1196 non
1063 1161 1158 1196 aliter
1171 1160 1273 1206 quam
1283 1157 1346 1197 fide
1357 1158 1408 1195 illi
1420 1158 1511 1193 fssiffe
1523 1162 1738 1196 comunem-‘⁵²
1751 1174 1784 1196 vt
1796 1161 1898 1198 sciant
1910 1165 2009 1200 Indaei
2020 1164 2088 1201 [013
2096 1167 2159 1202 fide
2172 1167 2202 1205 se

350 1212 503 1259 colhgari
513 1225 591 1247 cum
601 1211 752 1245 Patribus
763 1214 798 1246 in
811 1209 956 1246 sanctam
967 1213 1130 1246 vnitatem
1143 1223 1150 1244 :
1162 1207 1258 1246 simul
1270 1207 1350 1243 vero
1358 1219 1458 1254 atque
1467 1208 1485 1241 a
1495 1206 1557 1243 fide
1566 1207 1762 1246 diiceffer-int
1771 1234 1781 1248 ‚
1792 1210 1822 1245 se
1841 1209 1985 1248 abdicari
1994 1213 2036 1249 ab
2045 1216 2198 1256 Ecclesia,
2237 1227 2243 1247 ⁴-
2256 1218 2262 1240 ³

354 1275 416 1296 nec
430 1274 495 1295 iam
507 1261 680 1308 legitimos
691 1258 751 1294 eise
763 1260 906 1295 Abrahae
914 1258 1067 1297 filios,sed
1077 1259 1254 1306 degeneres
1263 1268 1300 1291 ac
1310 1256 1449 1304 spurios.
1475 1295 1477 1297 v
1653 1282 1663 1290 „

401 1322 416 1355 3
468 1309 775 1355 Fideintellg'gimus.)
817 1310 961 1357 Optima
971 1310 1134 1357 proximae
1151 1306 1320 1349 sententiar
1331 1305 1393 1348 hec
1411 1304 1567 1352 probatio
1579 1306 1730 1344 est,nihil
1747 1310 1837 1343 enim
1848 1308 1980 1345 abrutis
1999 1313 2202 1351 animalibus

353 1357 423 1393 diff„
436 1361 537 1393 rimus
549 1384 557 1395 ᾗ
570 1357 590 1392 fi
603 1371 675 1393 non
685 1369 837 1392 tenemus
848 1358 1018 1392 mundum
1032 1358 1050 1391 a
1061 1358 1136 1391 Deo
1146 1353 1206 1390 effe
1217 1354 1407 1390 conditum.
1420 1352 1579 1401 quorsum
1592 1358 1682 1391 enim
1694 1359 1824 1391 ratione
1843 1371 1879 1393 ac
1890 1360 2062 1396 intellectu
2075 1365 2202 1409 praediti

352 1405 426 1442 sunt
438 1408 607 1444 homines,
619 1405 680 1442 nisi
692 1418 726 1440 vt
739 1407 935 1442 Creatorem
946 1404 1041 1441 suum
1053 1403 1253 1453 agnoscant?
1265 1404 1370 1449 Atqui
1381 1400 1448 1436 sola
1461 1400 1522 1437 fide
1533 1406 1736 1451 percipimus
1750 1408 1913 1442 mundum
1924 1409 1942 1442 ὲ
1952 1410 2026 1443 Deo
2037 1411 2097 1445 elie
2109 1424 2201 1448 crea-

352 1467 386 1490 tu
397 1470 424 1489 21·—
438 1480 446 1495 ‚
460 1468 538 1503 ergo
552 1454 638 1490 nihil
651 1457 775 1491 mirum
789 1453 809 1489 si
824 1453 902 1489 fides
914 1457 950 1489 in
962 1453 1112 1490 Patribus
1124 1455 1270 1494 emineat
1280 1463 1344 1498 pra:
1354 1449 1427 1485 aliis
1439 1452 1626 1486 virtutibus.
1639 1454 1760 1488 Verum
1771 1453 1827 1489 hic
1838 1459 1939 1501 quaeri
1950 1460 2058 1505 pntest
2068 1472 2127 1495 cur
2139 1461 2202 1497 fide

350 1504 496 1553 intelligi
507 1504 618 1539 afferat
627 1502 811 1551 Apostolus
823 1504 915 1550 quod
926 1501 1075 1538 infideles
1085 1501 1144 1551 ipsi
1153 1499 1429 1548 cognoscunt-Ni
1446 1502 1573 1548 impios
1585 1504 1686 1535 etiam
1698 1505 1789 1549 cogit
1803 1505 1874 1538 caeli
1886 1517 1922 1539 ac
1934 1517 2025 1541 terrae
2035 1507 2198 1556 aspeetus,

348 1565 384 1588 vt
396 1554 553 1601 opificem
563 1552 712 1600 aliquem
723 1551 913 1600 agnoscant.
951 1555 1064 1599 Atque
1074 1551 1154 1586 hinc
1164 1548 1286 1585 Paulus
1297 1560 1370 1587 reos
1381 1550 1630 1596 ingratitudinis
1642 1563 1761 1586 omnes
1772 1555 1900 1599 peragit
1912 1567 1920 1588 ε
1932 1558 2010 1601 quia
2022 1559 2200 1605 postquam

348 1603 467 1637 Deum
479 1601 873 1650 cognouerint,debitum
886 1600 938 1635 illi
951 1600 1119 1635 honorem
1132 1613 1203 1635 non
1216 1596 1378 1634 tribuant.
1387 1597 1426 1631 Et
1437 1599 1524 1637 certe
1536 1602 1667 1634 nonita
1682 1597 1808 1647 semper
1819 1602 1971 1649 viguisset
1982 1607 2067 1645 inter
2081 1620 2201 1644 omnes

350 1651 497 1700 populos
512 1650 632 1699 religio
644 1673 654 1688 ‚
669 1649 728 1685 nili
741 1650 803 1685 hac
817 1648 1024 1697 persuasione
1036 1660 1207 1693 occupatae
1216 1643 1349 1681 fuilsent'
1359 1646 1542 1681 hominum
1556 1661 1588 1682 m
1594 1660 1685 1688 entes
1695 1671 1706 1687 ‚
1716 1650 1828 1684 Deum
1839 1649 1901 1685 else
1912 1655 2030 1688 muudi
2040 1658 2201 1691 condito·
2228 1663 2239 1681 1'

349 1713 431 1734 rem.
457 1701 597 1734 Videtur
608 1711 721 1746 itaque
731 1710 820 1733 extra
830 1697 928 1733 fidem
940 1698 1055 1733 locum
1069 1697 1187 1733 habete
1198 1697 1267 1745 haec
1276 1696 1431 1742 cognitio
1440 1707 1541 1742 quam
1554 1696 1738 1745 Apostolus
1750 1699 1786 1732 in
1798 1696 1862 1732 fide
1875 1700 2027 1736 includit.
2047 1704 2202 1752 Respon-

349 1748 578 1796 deo‚aliquam
590 1746 717 1796 semper
727 1745 820 1782 fuisse
831 1747 997 1782 eiusmodi
1007 1749 1210 1795 opinionem
1223 1748 1309 1780 inter
1320 1744 1551 1791 Gentes,qubd
1563 1746 1709 1783 mundus
1719 1747 1737 1780 a
1748 1748 1822 1782 Deo
1835 1746 1910 1783 esset
1922 1751 2091 1794 conditus,
2103 1753 2154 1792 sed
2164 1768 2201 1790 e-

348 1799 520 1832 uanidam.
529 1795 638 1832 Simul
648 1798 740 1830 enim
755 1808 792 1830 ac
803 1798 916 1832 Deum
928 1794 1077 1842 aliquem
1087 1795 1262 1843 imaginati
1273 1791 1442 1830 sunt,mox
1452 1792 1652 1831 euanescunt
1662 1797 1696 1830 in
1707 1794 1771 1830 suis
1781 1799 2047 1844 cogitationibus
2057 1827 2068 1842 ,
2081 1813 2115 1836 vt
2124 1815 2201 1838 vm-

346 1845 442 1881 btam
454 1848 572 1881 incerti
583 1847 737 1880 numinis
748 1843 884 1892 palpent
897 1847 933 1879 in
945 1843 1092 1878 tenebris
1103 1846 1216 1892 potius
1227 1842 1330 1890 quam
1340 1852 1456 1875 verum
1467 1843 1577 1878 Deum
1590 1854 1734 1878 teneant.
1747 1856 1899 1892 ptaetetea
1909 1860 2014 1894 quum
2027 1848 2114 1885 fluxa
2125 1862 2200 1887 tan-

350 1895 422 1929 tum
437 1894 473 1930 fit
486 1896 607 1943 opinio
618 1906 692 1940 quae
702 1895 738 1928 in
749 1905 867 1928 eorum
877 1892 1046 1928 mentibus
1057 1893 1190 1930 volitat,
1204 1888 1323 1940 procul
1333 1887 1428 1923 distat
1440 1890 1479 1924 ab
1491 1891 1723 1939 intelligentia.
1736 1893 1831 1928 Adde
1841 1895 1936 1941 quod
1947 1898 1982 1931 in
1996 1901 2124 1934 mundo
2135 1913 2199 1948 gu—

348 1941 521 1978 bernando
531 1955 673 1991 regnum
686 1941 828 1976 fortunat
838 1939 1012 1989 affignant:
1024 1941 1238 1989 prouidentie
1248 1940 1311 1974 Dei
1321 1949 1387 1984 que
1395 1938 1462 1972 sola
1478 1940 1522 1974 est
1533 1941 1841 1981 moderatrix‚nulla
1851 1947 1991 1979 mentio.
2003 1947 2198 1985 Caecutiunt

349 1995 463 2039 itaque
473 1993 656 2027 hominum
670 2000 798 2025 mentes
808 1990 848 2024 ad
858 1989 945 2025 hanc
955 2001 1078 2024 naturae
1093 1988 1204 2024 lucem
1214 2001 1288 2035 quae
1298 1989 1333 2020 in
1347 1989 1502 2030 creaturis
1512 1989 1672 2025 omnibus
1683 1988 1946 2036 refulget,donec
1956 1995 2115 2031 irradiatae
2123 1999 2198 2045 Spi-

348 2043 415 2076 ritu
425 2042 501 2081 Dei,
511 2039 573 2075 fide
583 2038 770 2086 intelligere
783 2040 949 2086 incipiant
959 2038 1052 2084 quod
1061 2037 1193 2085 alioqui
1205 2047 1379 2083 nunquam
1391 2046 1555 2116 calperent.
1567 2039 1681 2082 Qate
1691 2036 1852 2074 verissime
1862 2041 2045 2093 Apostolus
2054 2067 2063 2083 ,
2078 2048 2137 2091 qui
2149 2058 2198 2081 ta-

348 2088 416 2124 lem
430 2088 506 2124 fidei
517 2088 784 2135 intelligentiam
794 2085 967 2121 adscribit:
981 2099 1060 2121 nam
1071 2085 1183 2121 fideles
1194 2099 1265 2120 non
1281 2080 1412 2119 tantflm
1438 2086 1543 2118 euitet-
1551 2089 1710 2134 opinatur
1720 2088 1832 2123 Deum
1852 2090 1913 2124 esse
1925 2093 2042 2125 mundi
2055 2095 2198 2129 archite-

349 2141 458 2175 ctum,
471 2136 522 2173 sed
534 2135 779 2186 persuasionem
791 2138 924 2184 penitus
935 2138 1057 2170 animis
1070 2133 1207 2170 infixam
1217 2133 1341 2169 habent
1353 2154 1362 2168 2
1374 2143 1411 2166 ac
1423 2144 1538 2167 verum
1547 2135 1659 2168 Deum
1672 2137 1855 2170 intuentur.
1866 2139 1999 2174 Deinde
2008 2144 2198 2187 potentiam

348 2186 440 2222 verbi
452 2189 522 2221 eius
533 2186 800 2234 apprehendunt,
809 2197 880 2219 non
891 2197 963 2232 quae
973 2183 1002 2218 se
1012 2185 1052 2218 ad
1063 2194 1279 2218 momentum
1291 2181 1480 2218 intereundo
1491 2183 1621 2218 mundo
1630 2183 1820 2224 ostenderit,
1838 2184 1888 2220 sed
1901 2200 1974 2234 quae
1985 2191 2146 2237 perpetui)
2160 2195 2197 2228 in

345 2238 417 2270 eius
429 2234 683 2270 conseruatione
692 2232 721 2268 se
732 2232 896 2281 proferat:
908 2245 970 2268 nec
981 2235 1139 2281 potentiae
1152 2231 1254 2267 modo
1267 2230 1396 2266 sensum
1410 2233 1611 2278 concipiunt
1621 2255 1631 2269 ,
1644 2231 1695 2267 sed
1705 2232 1865 2269 bonitatis
1878 2234 2094 2284 &sapientiae
2105 2243 2141 2274 ὃ(
2153 2254 2197 2275 ae-

346 2286 498 2332 quitatis:
510 2283 596 2318 vnde
606 2283 646 2317 ad
660 2284 725 2316 Dei
740 2281 1038 2322 cultum,amorern
1049 2305 1059 2320 ‚
1071 2294 1107 2316 ac
1119 2282 1338 2316 reuerentiam
1350 2279 1544 2314 incitantur.
1552 2281 1601 2314 V't
1610 2294 1669 2315 non
1679 2287 1899 2330 apparentium.
1913 2286 1949 2318 1¹¹
1962 2285 2027 2320 hoc
2043 2288 2196 2324 membro

346 2332 545 2368 hallucinati
561 2330 647 2372 sunt,
666 2331 893 2372 meoiudicio,
905 2343 1025 2365 omnes
1036 2333 1244 2378 Interpretcs.
1267 2330 1360 2364 Hinc
1371 2329 1446 2360 aute
1457 2339 1553 2364 natus
1567 2329 1610 2363 est
1631 2341 1720 2364 error
1732 2331 1823 2376 quod
1842 2332 2105 2380 prepofitionein
2115 2337 2143 2369 ἐκ
2152 2337 2196 2373 se-

347 2393 463 2428 parant
473 2381 491 2416 {a
502 2382 680 2428 participio
699 2381 859 2421 φαινομένων
867 2403 876 2414 .
916 2383 963 2414 lta
974 2390 1161 2426 exponunt,
1170 2381 1213 2413 Vt
1226 2376 1340 2413 fierent
1350 2371 1491 2412 visibilia
1501 2390 1538 2411 ex
1548 2390 1620 2413 non
1632 2378 1879 2426 apparentibus.
1890 2384 1996 2428 Atqui
2005 2396 2043 2418 ex
2056 2384 2108 2419 his
2123 2399 2198 2421 xter-

346 2429 399 2464 bis
410 2433 465 2464 vix
476 2429 563 2464 vllus
577 2426 684 2464 sensus
691 2427 767 2464 elici
781 2425 888 2477 potest
900 2422 1033 2462 :saltem
1048 2426 1221 2468 nisi‚valdc
1229 2429 1374 2463 ieiunus.
1385 2427 1503 2464 deinde
1514 2428 1676 2461 orationis
1687 2438 1864 2462 contextus
1873 2429 1940 2464 hoc
1962 2444 2033 2467 non
2058 2424 2194 2481 patitur.

344 2477 485 2513 dicendi]
495 2481 586 2513 enim
599 2478 756 2519 etardum>
766 2479 934 2518 φαινομένων.
952 2475 1015 2510 alia
1024 2487 1135 2511 autern
1146 2476 1233 2523 apud
1245 2477 1450 2523 Apostolum
1463 2475 1508 2510 cst
1517 2474 1624 2510 series.
1669 2477 1784 2522 Qare
1794 2476 1888 2511 aliter
1897 2502 1906 2515 ,
1918 2477 2019 2526 fiquis
2027 2482 2165 2517 verbum
2177 2483 2195 2518 ὲ

344 2526 448 2562 verbo
457 2525 630 2561 transferte
638 2525 805 2564 velit‚non
816 2523 923 2574 potest
934 2525 1000 2559 hoc
1012 2525 1202 2560 membrum
1214 2527 1338 2572 exponi
1349 2529 1452 2574 quam
1463 2523 1518 2562 fic,
1529 2525 1573 2558 Vt
1586 2536 1657 2559 non
1669 2527 1901 2571 apparentium
1916 2525 2031 2564 fierent
2042 2529 2192 2568 visa,hoc

347 2576 392 2610 est
403 2573 610 2623 spedncula:
630 2586 666 2609 vt
677 2574 858 2623 prepofitio
869 2576 898 2606 ἐκ
907 2573 942 2608 sit
954 2572 1140 2620 composita
1149 2585 1227 2608 cum
1240 2576 1432 2624 participio.
1452 2574 1644 2612 Continent
1656 2572 1755 2619 porto
1767 2572 1835 2608 haec
1848 2574 1944 2609 verba
1954 2579 2120 2624 optimam
2133 2581 2196 2614 do-

347 2625 504 2661 ctrinam,
515 2624 608 2671 quod
619 2626 654 2658 in
664 2623 731 2658 hoc
744 2624 873 2659 mundo
883 2621 1099 2670 conspicuam
1111 2621 1292 2657 habeamus
1301 2624 1364 2658 Dei
1380 2620 1575 2671 imaginem.¹
1599 2619 1760 2667 Adeoque
1770 2622 1857 2656 idem
1870 2622 2027 2660 hocloco
2037 2627 2134 2662 docet
2145 2631 2195 2664 A·

347 2671 498 2720 postolus
511 2673 618 2707 noster
628 2672 721 2719 quod
730 2672 850 2707 Paulus
860 2672 899 2706 ad
909 2673 1087 2706 Romanos
1100 2673 1208 2718 capite
1217 2681 1241 2704 1.
1253 2683 1280 2706 c.
1294 2683 1335 2706 20
1345 2699 1355 2713 ,
1367 2685 1475 2720 quum
1485 2670 1584 2705 tradit
1598 2667 1776 2705 iuuifibilia
1793 2671 1857 2704 Dei
1878 2670 1977 2707 nobis
1998 2674 2144 2722 patefieri
2155 2690 2194 2714 ex

347 2720 469 2755 mundi
479 2722 741 2759 creatione,dum
754 2724 788 2756 in
800 2720 957 2769 operibus
967 2730 1159 2754 cernuntur.
1182 2721 1323 2755 AEternae
1333 2719 1393 2756 suae
1404 2717 1907 2769 sapientiae‚b0nitati,potentiae
1917 2722 2008 2757 Deus
2021 2722 2194 2765 luculenti‘i

346 2769 580 2804 testimonium
593 2770 697 2804 reddit
708 2772 744 2804 in
753 2781 825 2804 tota
836 2769 953 2804 mundi
962 2768 1202 2803 architedtura:
1215 2771 1248 2803 ὅ(
1260 2781 1366 2815 quum
1380 2772 1415 2804 in
1426 2769 1456 2803 se
1467 2768 1502 2803 sit
1513 2764 1803 2806 inuifibilis,nobis
1816 2766 2070 2814 quodaminodo
2082 2776 2115 2808 in
2131 2775 2194 2811 suis

346 2818 506 2866 operibus
520 2828 665 2866 apparet.
678 2820 792 2865 Qre
803 2817 968 2866 eleganter
980 2817 1126 2851 mundus
1139 2817 1342 2858 Diuinitatis
1353 2816 1524 2865 speculum
1535 2817 1749 2851 nominatur:
1766 2829 1835 2850 non
1847 2817 1937 2863 quod
1948 2817 2023 2854 satis
2032 2820 2069 2856 iit
2079 2822 2196 2859 homi·

345 2865 496 2902 minibus
506 2865 709 2914 perspicaciae
719 2867 758 2900 ad
767 2868 878 2901 Deum
891 2879 928 2900 ex
940 2865 1058 2900 mundi
1067 2863 1198 2913 aspectu
1210 2863 1492 2914 cognoscendum:
1503 2864 1556 2900 sed
1569 2867 1611 2898 ita
1621 2861 1650 2897 se
1660 2865 1774 2910 impiis
1785 2864 1950 2912 patefacit,
1964 2869 2193 2908 vtexcusatio-

344 2926 388 2950 ne
397 2925 502 2950 careat
515 2926 632 2949 eorum
644 2917 842 2962 ignorantia.
866 2913 989 2949 fideles
1001 2925 1113 2948 autem
1125 2938 1135 2951 ‚
1154 2913 1276 2960 quibus
1288 2914 1407 2948 oculos
1417 2915 1507 2949 dedit
1517 2916 1552 2949 in
1566 2911 1703 2960 lingulis
1713 2916 1868 2948 creaturis
1878 2940 1888 2954 ,
1908 2915 1999 2951 velut
2013 2921 2192 2955 emicantes

344 2962 453 3011 glorie
471 2967 543 2998 eius
571 2961 729 2999 scintillas
749 2975 900 2999 cernunt.
956 2962 1057 2998 Certe·
1075 2964 1111 2997 in
1131 2963 1223 2997 hunc
1241 2961 1344 2998 finem
1359 2963 1518 2998 conditus
1537 2962 1582 2997 est
1603 2961 1750 2996 mundns
1780 2985 1791 3000 ‚
1810 2972 1846 2997 vt
1865 2960 1940 2997 ess'et
1959 2967 2096 3004 Diuinae
2116 2969 2192 3018 glo-

346 3014 401 3046 tiae
413 3011 593 3047 theatrum.
1758 3044 1761 3045 γ

393 3073 420 3107 4
468 3059 548 3096 Fide
557 3059 669 3105 Abel.)
704 3061 842 3096 Posthac
853 3059 1258 3108 disputabit‚quaecunque
1270 3071 1416 3108 vnquam
1430 3061 1550 3095 eximia
1561 3058 1695 3093 fuerunt
1708 3059 1907 3095 Sanctorum
1920 3074 2032 3114 opera?
2044 3069 2192 3113 pretium

346 3107 707 3157 suum,dignitatem,&
720 3110 882 3156 quicquid
893 3107 1082 3144 habuerunt
1095 3109 1310 3156 prestantiae‚a
1322 3108 1385 3144 fide
1396 3107 1547 3144 mutuata
1559 3104 1718 3143 esse.vnde
1728 3105 1909 3143 conficitur
1919 3113 2087 3156 quodiam
2101 3119 2192 3163 prius

346 3158 552 3195 dixit,Pati·es
566 3156 633 3192 sola
644 3157 707 3193 fide
719 3155 873 3205 placuisse
885 3159 971 3192 Deo.
982 3157 1084 3191 Porro
1097 3155 1224 3203 duplici
1234 3160 1376 3192 nomine
1388 3157 1486 3192 fidem
1497 3156 1552 3192 hic
1565 3156 1799 3190 commendat:
1815 3168 1952 3205 propter
1963 3160 2190 3201 obedientiam

347 3203 472 3241 scilicet
483 3230 493 3245 ‚
503 3209 582 3252 qnia
594 3206 680 3242 nihil
690 3206 749 3241 nisi
763 3219 800 3240 ex
811 3204 999 3254 praescripto
1012 3204 1103 3240 verbi
1120 3206 1185 3238 Dei
1195 3205 1385 3253 aggreditur
1395 3218 1451 3241 aut
1465 3203 1608 3253 suscipit:
1622 3205 1740 3238 deinde
1750 3206 1830 3251 quia
1839 3206 1903 3240 Dei
1940 3208 2190 3249 remissionibus

347 3255 618 3303 innixa‚pretium
631 3268 668 3290 ac
678 3256 877 3303 dignitatem
888 3253 1046 3301 operibus
1058 3266 1096 3287 ex
1108 3266 1196 3287 mera
1207 3255 1276 3288 Dei
1289 3257 1394 3301 gratia
1405 3253 1632 3289 conciliat.1ta
1641 3255 1774 3298 quotics
1787 3219 2009 3294 inculcabitur
2020 3258 2086 3295 hoc
2099 3264 2192 3308 capi-

346 3311 380 3336 te
389 3304 477 3337 Fidei
487 3316 626 3341 nomen,
639 3306 892 3338 meminerimus
903 3300 1066 3350 Apostoli}
1076 3302 1141 3336 hoc
1151 3314 1245 3349 agere
1255 3313 1290 3337 vt
1300 3303 1393 3345 iudei
1405 3316 1476 3337 non
1485 3300 1584 3337 aliam
1593 3300 1738 3335 habeant
1761 3300 1840 3336 fidei
1849 3295 1996 3350 regulam
2008 3309 2109 3352 quam
2120 3309 2188 3346 Dei

345 3350 498 3385 verbum:
508 3353 627 3386 deinde
636 3363 670 3386 vt
679 3352 697 3386 a
707 3350 783 3386 solis
793 3354 864 3386 eius
878 3348 1155 3399 promiffionibus
1166 3352 1341 3397 pendeant.
1369 3350 1541 3399 Principio
1553 3350 1634 3384 dicit
1655 3349 1799 3392 Hostiam
1809 3348 1977 3387 Abelnon
1989 3354 2052 3388 alia
2061 3359 2190 3396 ratione

348 3401 518 3448 potiorem
529 3399 620 3437 fuiss'e
631 3401 734 3449 quam
744 3400 852 3436 fratris
868 3425 880 3442 ,
903 3397 965 3436 nisi
979 3398 1073 3447 quod
1085 3396 1147 3433 fide
1164 3397 1365 3440 sanetificata
1374 3397 1457 3438 fuit:
1470 3411 1552 3434 nam
1568 3398 1654 3434 certe
1673 3398 1772 3446 adeps
1791 3398 1968 3437 brutorum
1989 3404 2187 3443 animalium

2111 3467 2183 3494 non
