2268 3705
552 124 665 175 AD
715 121 1392 179 CORINTH-CAP-
1444 135 1473 182 1ὁ
1902 150 1963 193 239

100 205 238 255 aphace.
252 202 452 252 quodetiam
461 201 572 235 Dauid
582 200 641 235 fibi
652 201 783 235 testatur
793 200 943 236 accidiffe
953 225 964 240 ‚
975 203 1038 237 Pro
1051 203 1267 239 multitudine
1278 209 1483 242 anxietatum
1495 221 1641 244 mearum
1655 222 1739 247 intra
1750 226 1821 252 mc,-
1833 216 1955 252 conso-

99 256 240 289 lationes
250 265 312 287 tuae
323 248 573 285 laetificauerunt
591 252 738 284 animam
753 262 872 284 meam.
882 251 942 285 Sed
953 253 986 285 in
996 251 1102 286 verbis
1113 251 1218 289 Pauli,
1235 253 1387 289 doctrina
1399 255 1546 302 plenior:
1561 270 1637 292 nam
1650 264 1783 306 piorum
1795 262 1952 301 afflictio-
1971 252 2168 301 PsaI.94.J.195

98 317 157 338 nes
170 314 265 337 vocat
273 300 419 347 pass‘iones
429 300 454 330 C
455 297 546 341 hnsti:
558 297 650 333 sicuti
661 298 740 332 alibi
750 299 841 336 dicit,
853 297 929 333 sein
939 311 1079 348 corpore
1088 299 1146 335 suo
1157 300 1190 335 su
1195 300 1308 349 pplere
1319 315 1362 349 qu
1368 305 1410 337 od
1418 305 1502 338 deest
1521 304 1724 353 paffionlbus
1736 311 1869 346 Christr-
1882 316 1950 348 Mi-
1970 300 2047 329 ⁶⁰¹³·
2056 298 2128 340 ‘3⁸²4‘

97 349 183 385 scriae
194 351 326 397 quidem
340 351 374 381 &
388 358 540 381 aetumnae
552 349 627 380 vitae
637 344 801 394 praescntis
814 369 824 384 ,
837 346 932 381 malis
945 349 1080 395 perinde
1090 360 1127 383 ac
1137 347 1237 384 bonis
1248 361 1445 386 communes
1456 352 1530 388 sunt
1543 367 1550 387 z
1563 352 1614 388 sed
1625 368 1729 401 quum
1742 359 1853 405 impiis
1864 365 1951 396 acci*

96 401 193 439 dunt,
205 398 448 432 maledictionis
461 397 596 430 Diuinae
606 390 679 428 sunt
688 393 795 441 signa:
808 398 888 442 quia
897 408 934 429 ex
945 407 1081 443 peccato
1093 401 1298 444 proueniunt
1309 425 1319 439 ,
1331 403 1364 435 δι’
1376 400 1463 435 nihil
1476 404 1510 436 in
1522 401 1586 437 illis
1597 412 1730 450 apparet
1741 417 1853 451 praetcr
1864 421 1947 446 itam

96 450 161 482 Dei
175 453 207 481 ee
219 447 294 480 Adae
304 446 581 490 societatein,quae
590 456 660 477 non
673 443 781 491 potest
794 443 853 478 nisi
864 448 1015 478 animum
1029 446 1177 480 deiicere:
1189 458 1220 479 at
1231 445 1339 481 fideles
1350 450 1471 483 interea
1483 451 1617 485 Christo
1626 451 1878 499 configurantur
1887 474 1897 494 ‚›
1910 463 1946 492 &c

95 494 323 529 circumferunt
335 496 367 528 in
382 505 521 540 corpote
531 491 588 526 suo
600 494 669 526 eius
682 491 988 527 mortificationem:
1000 504 1035 526 vt
1048 495 1115 527 vita
1125 494 1248 528 Christi
1258 497 1292 530 in
1309 496 1382 543 ipsis
1392 497 1572 545 aliquando
1582 511 1745 548 appareat.
1758 502 1895 549 Loquor
1905 507 1946 540 de

95 542 336 578 afflictionibus
356 554 435 588 quas
448 553 508 588 pro
518 540 641 575 Christi
661 540 855 575 testimonio
864 539 1033 575 sustinent.
1053 553 1131 575 nam
1142 542 1268 576 tametsi
1279 547 1375 591 vitgae
1387 547 1531 581 Domini
1547 548 1668 594 quibus
1679 561 1794 583 eorum
1813 560 1946 598 peccata

93 591 237 638 castigat,
251 590 315 624 illis
328 590 399 624 sunt
413 589 582 624 salutares:
595 601 665 623 non
677 599 789 623 tamen
801 589 934 637 proprie
945 589 1102 624 dicuntut
1114 589 1194 624 socii
1205 590 1264 625 effe
1273 592 1460 639 paffionum
1473 595 1594 630 Christi
1605 620 1615 634 ‚
1635 596 1694 632 nisi
1707 598 1787 631 dum
1799 602 1870 633 eius
1879 612 1944 636 no-

93 643 185 673 minc
196 637 667 686 pati:nuunqumnadmodum
680 636 818 671 habetur
827 641 933 686 capite
944 648 1053 683 4.c.13‚
1065 641 1184 685 prioris
1195 640 1345 686 Epistolae
1354 642 1626 690 Petri.Significat
1640 657 1718 693 ergo
1728 646 1860 685 Paulus,
1869 648 1944 684 Defi

92 686 152 721 fibi
163 690 197 721 m
209 686 482 721 tribulatjombus
493 692 618 733 lumper
627 683 741 718 adeil'e:
754 683 911 733 suamque
922 686 1151 722 infirmitatem
1161 685 1322 722 subleuari
1333 689 1456 724 Christi
1466 690 1765 735 consolationibus,
1775 708 1817 730 ne
1828 701 1944 745 oppti-

103 747 203 769 natut
249 736 290 769 ali
313 762 319 769 .

91 749 104 770 1
147 792 170 822 6
212 749 307 823 usia?
315 796 427 823 autem
437 781 625 838 4ffi'tgimur
624 791 688 839 pro
696 786 815 822 vestra
827 776 1050 836 consolatione
1064 783 1306 839 &filate,quae
1321 785 1465 840 efficitur
1471 789 1511 826 in
1518 780 1698 829 tolerantia
1711 787 1942 852 tpsa'z'rumpasss

82 841 222 897 fionum
230 839 319 895 quas
333 841 373 887 ὠ·
382 855 446 879 nos
450 845 616 892 patimur:
628 840 695 892 stuc
703 839 963 893 consolationem
971 844 1217 896 accipimuspro
1226 841 1337 894 vestra
1347 841 1574 896 consolatione
1585 845 1740 899 &flehite
1749 866 1762 885 .-

143 912 168 947 7
228 903 302 952 Spes
311 896 530 948 nostrafirma
547 895 642 950 «fide
652 892 751 934 τούκ
760 924 772 942 ,
811 899 934 935 cientes
946 893 1046 950 quod
1050 896 1341 951 quemadmodum
1342 897 1428 952 socii
1434 899 1508 952 estis
1516 901 1707 957 passt'onum
1729 932 1741 949 ‚
1750 905 1799 943 ita
1811 906 1850 954 ὧ·
1862 913 1938 946 eort->

104 957 277 993 elationis.

79 949 117 1007 s
143 1011 164 1047 8
225 1007 326 1058 Nolo
337 1013 432 1049 enim
442 1021 509 1046 vos
519 1007 653 1060 nescire,
658 1007 792 1059 fratres,
803 1008 846 1048 de
855 1005 1075 1050 tribulatione
1084 1009 1198 1063 nostra
1207 1023 1278 1064 quae
1285 1010 1506 1052 acciditnobis
1517 1008 1557 1053 in
1567 1012 1676 1069 eAfia
1686 1032 1694 1055 ε
1715 1029 1837 1073 nempe
1846 1014 1943 1074 qubd

80 1076 201 1121 proter
205 1065 348 1105 modum
351 1067 489 1119 grauati
488 1063 655 1117 fuerimus
663 1064 757 1118 fhpra
766 1067 925 1108 vires‚ita
935 1075 982 1102 vt
989 1066 1033 1103 de
1041 1069 1118 1104 vita
1131 1079 1266 1123 quoquc
1277 1070 1380 1107 anxii
1389 1068 1539 1123 essemus.

140 1135 164 1166 9
224 1123 432 1177 ‚quinetiam
441 1119 501 1175 ipſs
507 1123 547 1160 t'n
563 1118 657 1159 nobas
667 1120 744 1174 ipfis
744 1119 955 1174 sententiam
965 1124 1086 1161 mortis
1095 1135 1335 1178 acceperamm:
1349 1139 1394 1163 ne
1405 1125 1646 1175 confideremus
1656 1130 1695 1167 in
1702 1125 1935 1183 nobis,ftdin

84 1182 172 1224 Deo,
177 1181 238 1232 qai
245 1177 296 1216 ad
300 1175 557 1229 vitamfiascttat
566 1189 621 1213 mo
627 1186 733 1215 rtuos:
1507 1222 1509 1226 ι

143 1247 181 1273 10
236 1235 315 1289 Qi
333 1245 380 1272 ex
387 1243 487 1271 tanta
496 1242 602 1271 morte
611 1234 733 1287 eripuit
740 1242 804 1272 n'os
813 1260 823 1278 ,
842 1231 882 1280 &
892 1235 1010 1289 eripit:
1021 1233 1061 1272 t'n
1072 1247 1137 1289 quo
1135 1231 1234 1290 spem
1231 1237 1354 1287 fixam
1364 1233 1529 1276 habemus
1541 1266 1551 1284 ‚
1569 1232 1776 1293 quodetiam
1799 1240 1937 1298 posthac

82 1294 203 1347 cupiet
212 1321 223 1337 ‚
1191 1337 1193 1340 .

140 1361 171 1385 11
231 1345 337 1387 Simul
341 1342 543 1387 adiuuantib
547 1359 586 1384 us
610 1344 650 1390 ό*
659 1343 761 1386 vobis
763 1354 827 1399 per
843 1344 1108 1402 deprecationem
1113 1357 1173 1402 pro
1181 1345 1280 1386 nobis
1290 1364 1298 1385 ε
1318 1358 1363 1387 vt
1371 1347 1500 1387 donum
1508 1363 1556 1388 ex
1563 1351 1684 1391 multis
1691 1354 1842 1409 peffonis·
1853 1362 1932 1412 erga

79 1417 145 1444 nos
152 1402 326 1445 collatum,
331 1405 521 1456 gratiarum
533 1404 667 1440 afflone
675 1413 736 1455 per
752 1403 878 1440 multos
888 1399 1130 1456 celebreturpro
1141 1400 1249 1442 nobis.
1786 1443 1798 1450 ..

199 1460 271 1492 Sme
282 1457 471 1504 nffltgemur.)
524 1458 700 1502 Qoniam
710 1467 785 1490 ante
796 1456 862 1490 hoc
873 1455 1075 1495 membrum,
1095 1458 1170 1505 Spes
1183 1456 1374 1502 nostrafirma
1385 1457 1424 1491 el}
1433 1457 1472 1491 de
1481 1459 1581 1500 vobis,
1593 1465 1792 1500 interiicitut
1800 1466 1933 1515 copula}

79 1507 156 1542 ideo
166 1508 315 1542 Erasmus
327 1505 589 1540 subaudiendum
601 1504 736 1550 aliquod
749 1504 885 1538 verbum
897 1507 1040 1552 putauit,
1055 1506 1146 1551 quod
1156 1505 1222 1540 illis
1233 1506 1403 1554 particulis
1415 1513 1630 1549 conueniret,
1646 1515 1714 1545 ‘Pro
1724 1514 1823 1554 vestra
1833 1516 1935 1558 confia-
1955 1527 1958 1529 ’

79 1557 193 1590 latione
203 1559 240 1594 (ςί-
244 1555 355 1597 salute:
368 1554 433 1588 hoc
453 1554 567 1592 modo,
579 1554 655 1586 Siue
664 1550 855 1599 affligimur,
867 1553 899 1586 id
910 1551 947 1586 fit
957 1565 1017 1600 pto
1031 1554 1129 1587 vestra
1139 1553 1369 1589 consolatione
1380 1570 1387 1588 z
1397 1553 1449 1589 sed
1459 1557 1543 1591 mihi
1556 1558 1763 1606 probabilius
1773 1564 1817 1597 est
1827 1576 1933 1611 copu-

83 1604 152 1640 lam
162 1602 217 1638 liic
230 1603 368 1651 positam
378 1601 437 1636 acsi
449 1602 575 1636 dictum
587 1597 671 1636 esset,
690 1601 743 1634 Sic
753 1611 899 1647 quoque:
909 1600 974 1641 vel,
986 1603 1136 1648 Vtroque
1148 1603 1262 1637 modo.
1272 1605 1341 1637 Iam
1352 1604 1475 1638 dixerat
1483 1604 1515 1639 se
1525 1605 1792 1645 consolationem
1802 1615 1868 1645 acci
1873 1625 1934 1659 pe-

81 1664 118 1687 re
126 1664 227 1700 quam
239 1654 274 1686 in
285 1650 368 1684 alios
381 1648 631 1684 transfunderet.
652 1648 755 1683 Nunc
766 1648 899 1696 longius
910 1648 1079 1697 procedit,
1093 1649 1157 1694 {fibi
1167 1649 1258 1698 spem
1273 1651 1333 1686 effe
1346 1650 1476 1687 firmam
1488 1655 1580 1700 quod
1589 1654 1691 1690 futuri
1705 1657 1765 1692 sint
1777 1659 1933 1694 consolata

80 1703 184 1735 tionis
194 1699 379 1748 participes.
400 1698 493 1732 Adde
509 1696 600 1742 quod
614 1694 822 1731 vetustiffimi
836 1698 971 1744 quidam
991 1699 1181 1733 Gtaecorum
1194 1701 1323 1734 codices
1337 1702 1441 1748 priori
1458 1702 1563 1737 statim
1583 1704 1736 1741 membro
1748 1704 1931 1743 subjiciunt

75 1748 165 1785 hane
175 1746 381 1786 sententiam,
392 1747 432 1779 Et
441 1744 509 1793 spes
519 1745 628 1779 nostra
639 1743 732 1780 firma
742 1746 790 1779 est
797 1757 858 1793 pro
870 1745 975 1781 vobis:
986 1758 1050 1793 qua
1060 1746 1346 1782 lectionetollitur
1356 1748 1569 1796 ambiguitas·
1581 1753 1671 1788 Nam
1684 1755 1765 1790 dum
1779 1757 1885 1791 media
1895 1757 1932 1792 iri

75 1791 401 1846 terponitur‚necefle
412 1794 456 1828 est
469 1805 536 1828 tam
546 1794 585 1828 ad
595 1794 756 1841 posterius
766 1795 868 1840 quam
879 1795 919 1829 ad
932 1797 1023 1843 prius
1032 1799 1258 1831 communiter
1267 1796 1584 1845 referri.quanquam
1595 1800 1618 1835 si
1626 1804 1661 1836 in
1671 1801 1808 1851 singulis
1820 1813 1929 1840 merh-

76 1844 145 1880 btis
155 1844 235 1879 velit
244 1841 409 1891 quispiam
419 1842 537 1876 habere
555 1841 688 1890 plenam
706 1841 921 1881 sententiam,
941 1842 1080 1878 verbum
1091 1842 1293 1892 supplendo,
1314 1859 1384 1881 non
1397 1846 1541 1882 multum
1552 1851 1613 1884 etit
1624 1852 1856 1891 incommodi,
1866 1867 1928 1889 nec

73 1891 183 1928 sensus
191 1893 272 1928 adeo
283 1889 438 1927 diuersus.
471 1891 562 1925 Nam
574 1890 596 1924 si
605 1903 674 1925 vno
683 1901 842 1925 contextu
854 1889 952 1938 legas,
966 1891 1007 1926 sic
1017 1903 1128 1927 tamen
1140 1892 1339 1928 resoluendae
1350 1907 1446 1930 erunt
1457 1907 1562 1943 partes
1571 1917 1581 1935 ,
1596 1899 1796 1945 Apostolum
1808 1901 1926 1950 affligi,

77 1946 114 1977 &
123 1939 509 1977 consolationerecreari,
520 1941 555 1973 in
565 1939 695 1973 bonum
707 1939 968 1974 Corinthiorum
979 1956 990 1974 .·
1001 1939 1091 1988 spem
1102 1944 1214 1989 itaque
1224 1941 1273 1976 illi
1285 1941 1345 1976 effe
1355 1944 1446 1990 quod
1456 1942 1598 1979 eiusdem
1609 1959 1672 1992 qua
1689 1948 1755 1995 ipse
1764 1952 1925 1996 potietur,

75 1988 316 2025 consolationis
328 1987 430 2022 futuri
447 1986 508 2022 sint
516 1988 650 2022 tandem
660 1986 837 2022 consortes.
857 1989 1018 2035 Equidem
1030 1990 1122 2036 quod
1137 1993 1242 2038 magis
1252 1990 1513 2026 consentaneum
1525 1998 1642 2041 putaui
1652 2021 1663 2036 ,
1675 1993 1829 2042 sequutus
1841 1989 1925 2033 surm

73 2038 240 2074 Caeterum
251 2038 437 2072 notandum
448 2037 491 2070 est
499 2059 508 2073 ‚
537 2035 653 2083 Affligi
663 2035 774 2070 referri
784 2036 839 2070 hic
851 2049 922 2071 non
933 2038 1034 2072 modo
1048 2039 1087 2072 ad
1097 2050 1266 2073 externam
1276 2039 1439 2073 miseriam
1450 2063 1459 2077 ,
1471 2039 1521 2074 sed
1531 2044 1630 2075 etiam
1650 2044 1688 2076 ad
1699 2047 1850 2079 animum
1866 2060 1874 2080 t
1889 2059 1924 2081 vt

28 2120 31 2121 γ
72 2089 244 2122 'contrario
254 2084 418 2132 respodeat
433 2086 666 2125 παρακαλεῖσθαι.
683 2087 730 2118 lta
741 2083 901 2131 fignificat
909 2085 1060 2120 hominis
1071 2089 1223 2121 animum
1233 2090 1396 2122 anxie-tate
1406 2091 1524 2135 premi,
1535 2088 1580 2124 ob
1591 2089 1723 2126 misetiae
1736 2091 1925 2128 sensum.v=

72 2133 110 2170 bi
119 2137 278 2169 vertimus
290 2135 538 2176 consolationem,
553 2134 667 2169 Graece
679 2134 722 2167 est
731 2130 910 2174 παράκλησις
924 2134 1016 2180 quod
1025 2147 1152 2169 nomen
1165 2135 1430 2170 exhortationem
1443 2148 1580 2184 quoque
1589 2138 1759 2185 fignificat.
1767 2141 1891 2177 Veri‘im
1900 2143 1925 2177 fi

72 2182 240 2230 intelligas
251 2180 490 2217 consolationis
501 2194 605 2229 genus
615 2205 625 2219 ,
651 2194 715 2228 qua
724 2181 875 2216 hominis
886 2184 1017 2216 animus
1036 2194 1178 2219 moetore
1190 2183 1318 2218 leuatus
1329 2187 1466 2231 erigitur
1481 2198 1489 2218 x
1515 2185 1642 2221 tenebis
1655 2200 1801 2223 mentem
1816 2191 1921 2225 Paulis

70 2231 222 2280 Exempli
233 2232 348 2278 gratia,
359 2230 477 2264 Paulus
488 2230 554 2277 ipse
566 2232 726 2264 exanimis
737 2230 841 2278 prope
851 2228 1044 2265 concidisset
1054 2241 1105 2265 tot
1114 2230 1355 2267 afflictionibus
1367 2231 1545 2280 oppreffiis,
1563 2233 1623 2268 nisi
1633 2232 1724 2270 Dens
1735 2235 1790 2271 sua
1800 2237 1920 2273 conso-

72 2278 198 2314 latione
209 2277 315 2328 ipsum
326 2278 628 2326 erigendo,bonum
639 2277 690 2311 illi
698 2280 851 2312 animum
863 2276 1057 2313 reddidisset:
1068 2277 1111 2314 fic
1121 2282 1233 2326 itaque
1245 2280 1417 2315 Corinthii
1430 2281 1531 2316 robur
1540 2281 1838 2333 fortitudinemque
1848 2290 1921 2321 ani-

72 2330 122 2363 mi
131 2326 295 2374 colligunt
306 2340 344 2360 ex
354 2331 422 2360 eius
433 2324 730 2373 pastionibus,dum
741 2320 771 2360 se
779 2324 992 2361 consolantur
999 2329 1070 2374 eius
1080 2328 1244 2377 exemplo.
1258 2329 1362 2363 Nunc
1372 2342 1440 2363 rem
1453 2341 1558 2364 totam
1570 2331 1712 2366 breuiter
1721 2345 1796 2368 com
1802 2336 1918 2383 prehe==

71 2376 198 2411 damus.
207 2377 368 2422 quoniam
377 2374 506 2409 videbat
515 2373 583 2409 suas
594 2373 793 2410 afflistiones
805 2382 1019 2423 contemptus
1031 2373 1092 2410 effe
1101 2387 1334 2424 argumentum
1346 2376 1553 2424 quibusdam,
1564 2390 1599 2413 vt
1610 2380 1807 2417 Corinthios
1819 2395 1918 2418 reuo=

70 2435 123 2460 cet
133 2423 173 2458 ab
184 2421 345 2458 eiusmodi
356 2435 474 2464 errore,
485 2423 630 2471 primum
640 2421 670 2456 se
681 2421 783 2468 plutis
793 2423 869 2457 'ideo
881 2422 951 2458 fieri
959 2424 1047 2471 apud
1058 2422 1143 2472 ipsos
1152 2424 1270 2459 debere
1279 2425 1432 2464 ostendit,
1443 2428 1535 2473 quod
1543 2426 1665 2462 vtilitas
1677 2430 1715 2463 ad
1730 2443 1785 2465 eos
1795 2432 1915 2466 redeat:

69 2473 188 2508 deinde
195 2469 365 2510 consociat
374 2484 430 2506 eos
440 2470 510 2512 fibi,
527 2481 560 2506 vt
570 2474 640 2506 eius
651 2469 848 2506 afflictiones
858 2470 916 2506 fibi
926 2473 1179 2519 quodammodo
1191 2476 1337 2521 proprias
1349 2486 1511 2522 reputent:
1521 2474 1582 2510 acsi
1592 2477 1802 2516 diceret‚Siue
1811 2482 1915 2528 patiar

66 2518 346 2557 affli&iones,fiue
355 2517 583 2555 consolatione
592 2517 725 2558 afficiar,
731 2520 763 2553 id
773 2527 844 2554 totu
850 2524 882 2553 in
892 2518 928 2554 fit
937 2518 1044 2555 vestro
1054 2520 1158 2555 bono:
1171 2525 1204 2556 &
1216 2521 1306 2556 certo
1318 2521 1409 2570 spero
1421 2523 1490 2557 fore
1502 2536 1535 2558 vr
1543 2537 1601 2571 vos
1616 2524 1757 2566 Vtilitate
1766 2528 1828 2562 hac
1839 2540 1913 2576 per-

65 2567 236 2604 fruamini.
246 2567 344 2602 Tales
354 2571 444 2602 enim
455 2579 633 2606 erant‚tum
641 2566 839 2603 afflictiones
848 2567 1026 2606 Pauli,tum
1038 2567 1334 2613 consolationes,vt
1342 2573 1376 2605 in
1388 2572 1647 2606 Corinthiorum
1656 2572 1911 2611 aedificationem

66 2615 289 2654 valerentmifi
299 2615 417 2664 seipsos
427 2615 535 2651 ftucstu
547 2617 661 2664 sponte
673 2618 842 2663 priuatent
854 2617 1038 2660 Corinthii.
1049 2616 1201 2652 Testatur
1209 2631 1288 2665 ergo
1297 2617 1326 2653 se
1335 2621 1379 2653 ita
1390 2618 1574 2666 persuasum
1588 2618 1647 2655 eise
1656 2622 1695 2656 de
1705 2623 1907 2664 Corinthiis,

66 2676 103 2701 vt
112 2665 202 2700 certo
211 2664 314 2713 speret
323 2663 353 2699 se
366 2678 437 2699 non
449 2664 561 2699 frustra
572 2677 633 2712 pro
644 2663 790 2712 ipsorum
801 2664 901 2698 salute
911 2662 1012 2712 affligi
1023 2688 1032 2702 ‚
1044 2669 1078 2700 δε
1089 2665 1354 2702 consolationem
1365 2670 1520 2715 accipere.
1533 2668 1761 2705 Moliebantur
1770 2671 1911 2719 pseudo-

67 2725 87 2747 a
111 2713 220 2752 ostoli,
229 2714 390 2760 quicquid
400 2712 503 2748 Paulo
513 2714 812 2749 accidet-emenone
821 2715 856 2746 in
869 2712 966 2760 ipsius
976 2724 1222 2762 contemptum.
1248 2717 1281 2750 Si
1292 2714 1488 2762 consequuti
1498 2714 1629 2752 fuiss'ent
1637 2720 1729 2764 quod
1738 2719 1909 2758 volebant,

67 2724 263 2797 afflictiones
272 2774 352 2808 quas
364 2761 546 2808 patiebatur
553 2773 615 2808 pro
625 2758 772 2808 ipsorum
782 2759 893 2798 salute,
904 2764 1017 2796 inanes
1029 2760 1159 2797 fuiffent
1172 2767 1205 2798 &
1217 2761 1413 2798 irritat-nihil
1423 2762 1617 2811 profuiisent
1626 2766 1693 2800 illis
1706 2768 1908 2803 consolatio-

71 2820 139 2850 nes,
148 2809 267 2856 quibus
277 2822 354 2845 eum
364 2811 535 2844 Dominus
547 2808 719 2843 recreabat.
730 2807 891 2843 eiusmodi
904 2810 1182 2845 machinamentis
1192 2814 1338 2860 opponit
1349 2815 1536 2860 praeientem
1550 2812 1716 2849 fiduciam.
1736 2815 1906 2852 Afflictio-

69 2868 128 2891 nes
137 2859 204 2892 eius
214 2856 395 2893 seruiebant
406 2855 629 2892 consolationi
639 2855 798 2894 fidelium,
809 2857 900 2904 quod
910 2870 1015 2905 quum
1025 2869 1195 2893 cernerent
1205 2873 1281 2894 eum
1292 2871 1424 2895 tantum
1434 2859 1637 2897 miseriarum
1648 2861 1787 2898 libenter
1798 2863 1904 2898 subire

70 2915 132 2951 pto
141 2904 374 2952 Euangelio,&
385 2905 511 2947 strenue
527 2903 689 2942 suffinere,
700 2904 865 2940 habebant
882 2909 1052 2940 materiam
1062 2905 1339 2943 confirmationis.
1349 2906 1440 2944 Nam
1452 2909 1506 2943 etfi
1518 2909 1677 2945 fateamur
1686 2912 1784 2945 nobis
1795 2911 1901 2946 feren-

69 2954 125 2986 das
139 2950 197 2985 esse
204 2952 412 2995 afflictiones,
421 2952 593 3001 Euangelii
604 2952 709 2988 causa:
719 2952 921 2989 conscientia
929 2965 1041 2989 tamen
1051 2953 1254 2990 infirmitatis
1264 2957 1379 2991 nostrae
1390 2959 1666 3006 trepidamusznec
1675 2970 1830 3007 putamus
1840 2968 1902 2994 nos

68 2999 141 3034 fore
149 3007 248 3047 pares.
271 3003 337 3038 Htc
348 3001 530 3038 succurrere
539 2999 638 3036 nobis
649 3001 769 3055 debent
779 3001 967 3037 &neretum
978 3002 1213 3050 exempla,quae
1227 3015 1289 3039 nos
1301 3005 1515 3040 animofiores
1525 3007 1668 3040 reddant.
1681 3006 1822 3041 Rursum
1834 3009 1903 3054 pri⁴

68 3059 144 3084 uata
152 3049 221 3082 eius
229 3049 410 3085 consolatio
422 3050 575 3085 manabat
582 3050 621 3084 acl
630 3061 735 3084 totam
745 3050 918 3085 Ecclesiam
930 3073 940 3088 ‚
951 3051 1044 3097 quod
1052 3053 1164 3086 Deum
1174 3055 1233 3099 qui
1243 3065 1319 3087 eum
1330 3051 1521 3089 sustinuerat
1534 3058 1566 3089 &
1579 3063 1776 3089 recreauetat
1793 3057 1828 3089 in
1842 3067 1902 3089 ne-

67 3093 221 3133 cestitate,
229 3095 285 3131 fibi
295 3111 429 3145 quoque
440 3099 582 3133 minime
596 3097 786 3135 defuturum
797 3098 1010 3146 colligebant.
1031 3102 1079 3133 lta
1088 3099 1350 3148 promonebatut
1359 3113 1500 3150 vtroque
1511 3102 1614 3136 modo
1624 3112 1742 3136 eorum
1750 3100 1842 3136 salust
1852 3113 1902 3136 at-

65 3158 132 3192 que
143 3144 175 3178 id
186 3145 230 3178 est
247 3147 335 3190 quod
345 3146 455 3181 inserit
473 3145 560 3193 quasi
573 3157 629 3194 per
649 3145 854 3195 parenthesin
865 3172 874 3186 ,
892 3147 979 3192 (Quo
991 3149 1150 3193 efficiturin
1164 3150 1338 3187 tolerantia,
1352 3153 1433 3194 δίε.)
1484 3149 1603 3184 Voluit
1613 3152 1702 3183 enim
1713 3148 1900 3196 explicandi

67 3191 159 3228 causa
170 3192 235 3227 hoc
247 3192 431 3229 membrum
442 3196 556 3229 addere
566 3221 575 3234 ‚
587 3208 628 3229 ne
637 3205 790 3243 putarent
799 3194 883 3228 nihil
891 3195 932 3229 ad
942 3192 971 3229 se
981 3198 1144 3243 pertinere
1154 3191 1362 3235 afflictiones,
1373 3210 1452 3244 quas
1463 3197 1548 3231 solus
1558 3196 1740 3231 sustinebat.
1751 3197 1900 3233 Erasmus

65 3241 176 3277 adrine
185 3241 310 3287 accepit
320 3245 530 3290 participium
541 3243 728 3285 {Vipywqulnss
743 3239 795 3277 sed
805 3242 923 3277 melius
933 3245 1068 3289 quadrat
1101 3242 1199 3279 affiua
1209 3244 1406 3293 significatio
1419 3256 1426 3278 ε
1440 3247 1519 3291 quia
1527 3240 1611 3278 nihil
1623 3243 1712 3278 aliud
1721 3244 1830 3279 voluit
1842 3246 1899 3281 hic

63 3288 184 3325 Paulus
195 3290 295 3334 quam
307 3288 465 3335 explicare
475 3291 613 3337 qualiter
626 3305 686 3340 pro
696 3303 812 3326 eorum
821 3290 921 3325 salute
931 3294 1049 3326 omnia
1057 3291 1079 3326 si
1105 3295 1291 3328 ieueniant.
1308 3294 1401 3327 Dicit
1413 3305 1492 3340 ergo
1502 3291 1532 3326 se
1540 3292 1676 3338 quidem
1697 3296 1765 3340 pati
1775 3291 1844 3328 solu
1850 3308 1895 3329 m:

64 3336 117 3373 sed
137 3334 298 3386 passiones
308 3332 376 3370 suas
386 3336 489 3372 valere
497 3340 536 3373 ad
556 3338 690 3374 salutem
701 3351 816 3374 eorum
827 3340 1112 3386 promouendam:
1131 3351 1202 3376 non
1212 3344 1289 3387 quia
1299 3340 1361 3375 fint
1370 3342 1572 3387 expiationes
1590 3350 1645 3373 aut
1660 3339 1814 3375 sacrificia
1835 3354 1896 3390 pto

62 3383 269 3436 'peccatiszsed
279 3386 358 3431 qui-‚i
366 3395 425 3418 eos
431 3383 659 3424 confirmando
670 3386 840 3424 :edificent-
849 3388 926 3423 ldeo
937 3387 1202 3425 consolationem
1212 3401 1289 3425 cum
1297 3386 1397 3424 salute
1406 3390 1563 3436 iungit,vt
1574 3388 1715 3424 modum
1725 3388 1898 3435 efficienda
